4038 6358
770 636 891 704 484
1764 634 1864 687 nie
1906 632 2343 702 philosophische
2379 637 2634 689 Facultat.

772 827 987 904 potest
1029 827 1095 884 et
1134 827 1406 884 tenetur.
1493 818 1630 884 Nec
1671 820 1875 884 eciam
1920 818 2069 884 talis
2112 821 2511 907 inposterum
2557 817 2970 900 admittatur,
3010 817 3137 882 nisi
3179 816 3345 882 adeo
3397 816 3608 881 lauda·

769 917 988 982 biliter
1030 928 1094 983 et
1134 920 1427 983 virtuose
1470 940 1540 983 se
1581 920 1856 1001 rexerit,
1901 916 2073 1005 quod
2113 941 2197 983 ex
2240 927 2571 983 transacta
2612 918 2905 981 virtuosa
2955 919 3093 982 eius
3147 919 3284 982 vita
3341 916 3426 980 de
3477 916 3614 980 sub·

772 1018 1061 1103 sequenti
1108 1015 1209 1103 [29
1224 1015 1277 1105 b]
1322 1019 1460 1083 eius
1503 1019 1993 1083 conversatione
2036 1016 2347 1082 laudabili
2392 1025 2862 1103 praesumatur.
2926 1016 3017 1081 Et
3048 1016 3243 1082 talem
3286 1037 3616 1080 excessum

768 1116 1044 1181 facultas
1114 1118 1360 1183 arcium
1425 1127 1687 1204 reputat
1746 1117 2097 1183 notabilem
2163 1126 2228 1181 et
2290 1119 2630 1198 notorium,
2689 1115 2770 1180 de
2827 1138 2957 1202 quo
3017 1139 3134 1203 per
3194 1126 3519 1180 rectorem
3559 1126 3619 1177 et

692 1225 722 1279 5
785 1238 1148 1282 assessores
1193 1218 1330 1281 eius
1375 1218 1813 1284 incarceratus
1856 1218 2055 1282 fuerit
2065 1268 2083 1299 ,
2127 1215 2232 1280 vel
2275 1218 2329 1280 si
2374 1215 2674 1301 publicus
2715 1216 3193 1280 meretricarius
3235 1214 3465 1296 fuerit,
3509 1215 3621 1278 sci·

779 1313 929 1380 licet
972 1314 1144 1402 quod
1187 1315 1253 1379 in
1297 1315 1488 1381 domo
1531 1317 1963 1382 habitacionis
2016 1339 2173 1381 suae
2214 1315 2548 1380 mulierem
2606 1323 2972 1400 suspectam
3030 1312 3293 1399 publice
3350 1314 3624 1380 tenuerit

781 1413 882 1478 vel
909 1415 1012 1489 ¹ad
1057 1414 1400 1479 comodum
1437 1414 1676 1480 bursae
1720 1438 1875 1481 suae
1917 1415 2116 1480 talem
2152 1414 2611 1496 introduxerit,
2647 1413 2753 1478 vel
2794 1412 2925 1480 alia
2969 1413 3161 1478 domo
3203 1436 3317 1478 seu
3363 1411 3624 1476 domun·

785 1511 930 1577 cula
981 1513 1085 1580 vel
1140 1514 1414 1579 comodo
1468 1517 1791 1582 meretrici
1851 1513 2152 1602 publicae
2203 1513 2309 1580 vel
2368 1513 2818 1579 meretricibus
2872 1511 3151 1599 publicis
3208 1520 3627 1576 conversatus

782 1612 1009 1696 fuerit,
1051 1612 1156 1677 vel
1198 1616 1267 1677 in
1311 1613 1771 1680 collacionibus
1817 1624 1930 1682 aut
1982 1613 2314 1701 prandiis,
2355 1613 2468 1679 ubi
2522 1611 2718 1678 talem
2771 1611 2873 1676 vel
2928 1611 3092 1676 tales
3146 1634 3290 1676 esse
3346 1611 3628 1690 sciverit,

697 1721 762 1775 10
779 1712 1008 1794 fuerit,
1052 1711 1155 1777 vel
1211 1712 1419 1778 locum
1478 1723 1884 1799 suspectum,
1941 1714 2246 1780 videlicet
2300 1707 2771 1799 prostibulum,
2832 1713 3198 1796 visitaverit
3253 1720 3319 1776 et
3374 1710 3461 1776 de
3513 1709 3630 1775 hoc

790 1813 1125 1875 convictus
1182 1821 1294 1876 aut
1351 1813 1682 1878 confessus
1739 1812 1842 1877 vel
1903 1835 2021 1899 per
2083 1822 2539 1877 conventorem
2609 1820 2878 1897 propter
2933 1810 3103 1876 hunc
3158 1821 3222 1875 et
3279 1809 3626 1895 quemlibet

782 1909 982 1974 alium
1029 1932 1368 1974 excessum
1412 1910 1494 1975 de
1536 1912 1739 1976 bursa
1780 1933 1901 1976 sua
1940 1911 2254 1998 expulsus
2294 1912 2522 1975 fuerit:
2580 1910 2685 1975 vel
2739 1912 2806 1974 in
2863 1909 3224 1996 prostibulo
3280 1909 3388 1976 vel
3444 1922 3626 1974 extra

779 2008 1042 2095 publice
1086 2029 1155 2074 se
1198 2012 1592 2095 percusserit
1633 2010 1737 2075 vel
1773 2009 1867 2075 ibi
1909 2010 2285 2076 vulneratus
2332 2032 2416 2074 ex
2444 2009 2653 2096 ‘culpa
2694 2032 2812 2078 sua
2854 2010 3050 2074 fuerit
3093 2020 3324 2095 captus
3366 2009 3472 2073 vel
3521 2008 3623 2072 de·

777 2107 1168 2197 prehensus3
1226 2119 1339 2173 aut
1387 2112 1496 2196 qui
1554 2109 1639 2174 ad
1691 2109 1965 2175 taxillos
2015 2111 2083 2174 in
2134 2107 2429 2173 tabernis
2490 2107 2749 2195 publice
2790 2108 3019 2174 luserit
3048 2108 3164 2173 vel
3206 2108 3625 2174 hastiludium

697 2220 758 2275 15
778 2211 845 2274 in
887 2209 1025 2273 foro
1068 2207 1326 2294 publice
1368 2211 1766 2293 exercuerit3
1827 2208 1930 2274 vel
1987 2209 2096 2296 qui
2164 2208 2385 2274 verbis
2440 2208 2770 2273 iniuriosis
2830 2208 3108 2293 aliquem
3167 2210 3625 2294 magistrorum

778 2306 1054 2395 publice,
1078 2306 1343 2371 laeserit
1386 2308 1486 2372 vel
1545 2311 1761 2396 ipsum
1815 2308 2127 2374 iniuriose
2198 2309 2612 2395 percusserit,
2669 2307 2773 2372 vel
2828 2308 3069 2373 furtum
3127 2329 3243 2372 seu
3299 2308 3468 2372 alios
3524 2330 3624 2372 ex-

779 2429 1020 2484 cessus,
1066 2429 1227 2492 quos
1269 2408 1612 2476 comitatur
1655 2408 1925 2471 infamia
1953 2406 2059 2472 vel
2091 2405 2487 2489 scandalum,
2533 2407 2927 2472 commiserit
2968 2417 3083 2471 aut
3124 2407 3623 2493 perpetraverit.

777 2507 1065 2588 Quorum
1096 2504 1307 2570 nullus
1349 2509 1552 2570 eciam
1580 2508 1634 2571 si
1664 2506 1745 2571 de
1777 2506 1994 2594 aliquo
2039 2506 2520 2593 praedictorum
2565 2529 2948 2571 excessuum
2994 2519 3335 2593 suspectus
3378 2505 3483 2571 vel
3527 2507 3618 2570 in-

777 2607 1059 2671 famatus
1106 2605 1339 2687 suerit,
1397 2607 1524 2670 nisi
1581 2628 1651 2670 se
1713 2606 1794 2670 de
1855 2606 1971 2671 tali
2037 2628 2156 2692 per
2218 2628 2406 2670 suum
2468 2606 2899 2671 iuramentum
2963 2603 3476 2692 expurgaverit,
3547 2604 3626 2669 ad

694 2716 763 2771 20
782 2727 1078 2787 examen,
1121 2705 1216 2768 uti
1257 2705 1684 2790 praemissum
1729 2715 1845 2787 est,
1887 2705 2106 2792 aliquo
2146 2704 2337 2770 modo
2378 2703 2775 2769 admittatur.

784 2863 880 2923 14.
946 2868 1263 2920 DECANUS
1321 2871 1611 2919 NULLUM
1669 2872 2307 2920 BACCALARIANDUM
2364 2872 2772 2919 INSCRIBERE
2820 2872 3054 2919 DEBET
3106 2872 3245 2920 PRO
3298 2871 3627 2934 EXAMINE,

1406 2970 1542 3018 NISI
1584 2971 1882 3018 FECERIT
1927 2970 2485 3018 INFRASCRIPTUM
2528 2972 3005 3019 IURAMENTUM.

945 3070 1254 3134 Decanus
1298 3068 1542 3134 nullum
1586 3069 1942 3134 inscribere
1990 3069 2183 3134 debet
2224 3091 2344 3156 pro
2389 3071 2687 3135 examine
2729 3070 3230 3153 baccalariatus,
3277 3071 3405 3135 nisi
3449 3071 3625 3156 prius

782 3169 912 3235 tale
951 3170 1177 3234 fecerit
1218 3171 1681 3234 iuramentum:
1745 3167 1934 3255 „Ego
1981 3169 2080 3234 .N.
2137 3170 2307 3252 iur0,
2351 3169 2522 3258 quod
2564 3194 2685 3236 nec
2730 3171 2982 3236 actione
3023 3194 3143 3235 nec
3186 3168 3462 3253 ultione,
3517 3192 3629 3233 nec

696 3279 763 3334 25
791 3293 911 3356 per
954 3291 1058 3333 me
1098 3290 1216 3333 nec
1261 3291 1378 3355 per
1422 3268 1641 3350 alium,
1684 3267 1928 3332 directe
1955 3268 2059 3333 vel
2104 3268 2436 3352 indirecte,
2480 3269 2682 3335 verbo
2724 3271 2827 3335 vel
2868 3271 3042 3335 sacto
3082 3269 3186 3335 vel
3231 3271 3466 3357 quovis
3510 3268 3629 3333 alio

784 3368 976 3435 modo
1033 3367 1227 3431 velim
1289 3390 1391 3432 me
1455 3367 1827 3450 vindicare,
1893 3369 1946 3431 si
2009 3367 2097 3432 ad
2161 3389 2435 3437 examen
2492 3390 2621 3433 non
2682 3367 2990 3435 admittar
3045 3367 3150 3432 vel
3219 3371 3427 3443 eciam
3492 3378 3631 3455 post

785 3490 1059 3533 examen
1101 3468 1357 3549 reiciar,
1403 3466 1521 3530 sub
1569 3489 1781 3553 poena
1823 3468 2114 3553 periurii,
2162 3465 2336 3554 quod
2393 3470 2863 3533 contrafaciens
2920 3471 3064 3555 ipso
3120 3467 3293 3534 facto
3352 3471 3628 3549 incurr0‚

794 3577 860 3631 et
899 3577 1156 3631 centum
1205 3566 1631 3648 florenorum,
1678 3586 1953 3652 quorum
1994 3565 2308 3630 medietas
2358 3567 2550 3631 cedat
2599 3567 2722 3651 illi,
2767 3590 2958 3655 quem
3018 3569 3111 3632 sic
3170 3567 3430 3632 offendo
3443 3616 3463 3651 ,
3506 3566 3631 3631 alia

785 3689 942 3732 vero
970 3664 1284 3731 medietas
1315 3664 1841 3730 cedatfacultati.
1929 3664 2040 3729 Sic
2066 3688 2171 3730 me
2201 3665 2358 3731 deus
2403 3666 2668 3731 adiuvet
2708 3678 2772 3732 et
2816 3678 3044 3732 sancta
3088 3665 3193 3730 dei
3237 3666 3630 3752 evangelia.“

696 3841 765 3896 30
1040 3837 1130 3899 15.
1175 3848 1270 3895 DE
1314 3847 1546 3895 POENA
1591 3846 2136 3897 MOLESTANCIUM
2178 3848 2715 3901 EXAMINATORES
2757 3851 2849 3898 ΕΤ
2894 3848 3387 3897 IMPEDITORES.

956 3944 1187 4010 Nullus
1229 3948 1482 4011 actione
1529 3945 1633 4011 vel
1677 3945 1954 4030 ultione,
1999 3969 2118 4034 per
2165 3970 2232 4012 se
2277 3947 2381 4012 vel
2425 3970 2542 4035 per
2589 3948 2818 4033 alium,
2865 3948 3110 4014 directe
3152 3947 3257 4012 vel
3300 3947 3632 4029 indirecte,

791 4045 991 4111 verbo
1020 4044 1121 4110 vel
1151 4045 1323 4111 sacto
1355 4045 1458 4109 vel
1503 4066 1884 4133 quocunque
1928 4047 2057 4112 alio
2099 4046 2293 4112 modo
2336 4049 2606 4134 impetat
2651 4046 2754 4136 [30
2771 4045 2839 4136 ὃ]
2868 4049 2971 4113 vel
3016 4047 3311 4112 molestet
3354 4047 3629 4133 aliquem

790 4145 871 4210 de
913 4145 1245 4229 magistris
1283 4144 1389 4209 vel
1434 4144 1992 4211 examinatoribus
2036 4168 2156 4232 pro
2203 4169 2309 4230 eo,
2364 4147 2535 4233 quod
2590 4148 2872 4236 aliquem
2917 4146 2998 4211 de
3044 4148 3178 4212 suis
3224 4146 3307 4212 ad
3356 4168 3627 4211 examen

783 4268 904 4332 pro
940 4243 1152 4331 gradu
1188 4242 1666 4309 baccalariatus
1706 4267 1788 4309 ex
1826 4267 2024 4310 causa
2063 4242 2449 4311 racionabili
2487 4270 2617 4312 non
2658 4246 2921 4317 admisit
2963 4245 3068 4311 vel
3114 4248 3318 4311 eciam
3362 4244 3631 4312 eundem

702 4355 770 4411 35
789 4348 975 4411 iuxta
1031 4366 1212 4409 suam
1276 4345 1748 4411 conscienciam
1806 4354 1868 4409 et
1919 4347 2347 4413 iuramentum
2390 4346 2749 4433 ¹impedivit
2787 4345 2891 4413 vel
2932 4355 3243 4432 tanquam
3294 4345 3629 4431 indignum

783 4446 1026 4510 reiecit.
1126 4442 1539 4509 Contrarium
1581 4445 1826 4509 faciens
1868 4444 2039 4511 ultra
2080 4456 2330 4511 reatum
2374 4446 2681 4533 periurii,
2725 4445 2899 4531 quod
2935 4448 3082 4532 ipso
3123 4445 3299 4511 facto
3343 4444 3633 4527 incurrit,

788 4553 852 4609 et
894 4556 1150 4609 centum
1180 4541 1568 4608 florenorum
1610 4564 1906 4630 poenam,
1953 4566 2223 4630 quorum
2253 4543 2566 4617 medietas
2592 4544 2783 4610 cedat
2824 4544 2919 4613 illi
2963 4544 3067 4611 vel
3109 4543 3257 4627 illis,
3300 4566 3494 4630 quem
3534 4543 3634 4608 vel

788 4667 949 4731 quos
995 4645 1252 4731 impetit
1292 4642 1396 4710 vel
1438 4644 1773 4726 molestat,
1836 4642 1966 4708 alia
2015 4644 2330 4710 medietas
2372 4643 2561 4710 cedat
2601 4644 2926 4727 facultati,
2980 4644 3182 4708 eciam
3236 4654 3554 4731 perpetue
3594 4667 3634 4708 a

783 4744 1094 4821 facultate
1139 4745 1386 4809 arcium
1432 4743 1517 4807 sit
1562 4741 1889 4808 exclusus.
1979 4742 2265 4811 Tenetur
2311 4745 2519 4811 eciam
2559 4744 2834 4813 facultas
2878 4743 2972 4808 illi
3018 4743 3124 4811 vel
3172 4742 3333 4826 illis,
3386 4745 3498 4831 qui
3541 4744 3634 4808 sic

698 4854 766 4909 40
789 4845 1122 4935 impetitur
1179 4851 1291 4908 aut
1343 4843 1759 4928 impetuntur,
1802 4844 2181 4909 molestatur
2237 4855 2349 4908 aut
2399 4842 2842 4926 molestantur,
2884 4842 3147 4909 realiter
3201 4865 3346 4907 cum
3405 4844 3633 4908 effectu

785 4945 1114 5026 assistere,
1160 4953 1243 5025 et,
1287 4943 1342 5006 si
1383 4964 1546 5028 opus
1589 4942 1821 5029 fuerit,
1860 4945 2069 5009 eciam
2112 4942 2232 5008 sub
2275 4944 2583 5029 expensis
2627 4942 2958 5009 facultatis
3002 4943 3309 5030 propriis,
3359 4942 3633 5007 eundem

787 5041 890 5106 vel
935 5042 1231 5123 eosdem,
1272 5042 1478 5105 eciam
1520 5064 1562 5105 a
1602 5040 2126 5132 quibuscunque,
2168 5044 2322 5109 totis
2374 5042 2624 5107 viribus
2677 5041 3019 5108 defensare
3073 5051 3172 5125 et,
3216 5051 3527 5127 quantum
3566 5044 3631 5107 in

786 5165 863 5206 ea
897 5143 915 5183 ¹
960 5141 1175 5225 suerit,
1220 5163 1597 5206 assecurare
1636 5163 1755 5205 nec
1799 5165 1925 5207 non
1972 5141 2256 5209 totaliter
2297 5141 2662 5227 exbrigare.

871 5312 893 5363 1
933 5305 1097 5362 Auch
1132 5305 1251 5362 hier
1286 5305 1361 5361 ist
1393 5321 1456 5359 eo
1489 5303 1863 5376 geschrieben.
