4038 6358
810 627 931 692 502
1803 625 1903 678 Die
1939 622 2376 690 philosophischs
2410 625 2664 678 Facultitt.

890 845 946 906 9.
990 859 1313 908 IUNIORES
1353 859 1681 908 MAGISTRI
1719 857 2049 910 SEDECIES
2092 859 2714 909 EXTBAORDINARIE
2756 860 3154 909 DISPUTARE
3199 860 3571 910 '1‘ssme

1013 959 1223 1008 INFRA
1268 960 1454 1008 SUUM
1493 959 1832 1008 BIENNIUM
1874 962 2061 1009 ANTE.
2103 959 2600 1009 RECEPTIONEM
2639 960 2885 1009 nomm
2927 961 3023 1008 AD
3067 959 3448 1010 consmmu

2007 1059 2457 1109 FAcUL'rA'rls.

975 1173 1230 1239 Placuit
1272 1185 1338 1239 et
1379 1184 1563 1240 vetus
1603 1185 1700 1241 est
1740 1185 2080 1259 statutum,
2126 1174 2300 1261 quod
2346 1174 2617 1261 quilibet
2677 1184 3011 1263 promotus
3053 1177 3121 1241 in
3164 1178 3553 1263 magistrum
3590 1183 3649 1241 et

726 1279 759 1335 5
819 1271 1146 1359 complens
1213 1297 1400 1339 suum
1462 1273 1786 1341 biennium
1856 1297 1972 1363 per
2026 1275 2365 1342 lectionem
2419 1274 2746 1362 publicam
2800 1275 2866 1340 in
2921 1274 3172 1341 artibus
3234 1274 3648 1358 ordinariam,

810 1373 1201 1438 exercicium
1263 1372 1526 1461 aliquod
1581 1398 1694 1440 seu
1747 1373 2071 1462 publicam
2126 1375 2661 1461 resumptionem,
2719 1383 2784 1439 et
2831 1373 3056 1439 volens
3118 1385 3268 1462 post
3322 1373 3648 1439 biennium

816 1471 1003 1536 iuxta
1044 1474 1436 1538 serenissimi
1495 1476 1700 1539 nostri
1757 1475 2076 1562 principis
2132 1474 2313 1538 ducis
2358 1473 2627 1560 Georgii
2673 1472 3146 1539 ordinationem
3189 1473 3277 1539 ad
3318 1472 3652 1540 consilium

814 1570 1140 1636 facultatis
1181 1575 1416 1639 artium
1461 1575 1730 1656 assumi,
1773 1583 2071 1639 teneatur
2114 1573 2287 1639 ultra
2328 1571 2666 1661 praedicta
2707 1573 2879 1638 infra
2924 1575 3199 1659 primum
3257 1596 3500 1640 annum
3558 1574 3651 1638 sui

816 1671 1174 1756 magisterii
1237 1674 1434 1738 octies
1494 1671 2013 1738 extraordinarie
2075 1674 2478 1759 disputasse,
2545 1671 2739 1737 simili
2807 1671 2997 1736 modo
3063 1673 3236 1737 infra
3299 1671 3650 1738 secundum

732 1778 1051 1834 mannum
1098 1774 1329 1855 octies3
1379 1783 1442 1838 et
1483 1775 1575 1838 ita
1616 1771 1903 1838 sedecies
1946 1771 2469 1838 extraordinarie
2510 1771 2875 1859 disputabit
2920 1772 3093 1837 infra
3133 1771 3472 1837 biennium
3514 1781 3653 1858 post

816 1892 1000 1934 suum
1066 1873 1530 1957 magisterium.
1652 1871 1725 1937 Si
1781 1895 1936 1938 vero
2000 1873 2174 1937 infra
2242 1872 2522 1959 primum
2585 1894 2826 1936 annum
2887 1871 3225 1959 disputare
3289 1869 3653 1957 neglexerit

814 1971 1048 2052 octies,
1089 1971 1262 2035 infra
1297 1970 1646 2036 secundum
1693 1995 1931 2037 annum
1973 1993 2361 2057 recuperare
2406 1972 2646 2058 poterit
2693 1969 3057 2057 neglectae,
3101 1969 3391 2035 sedecies
3433 1970 3653 2057 dispu-

811 2068 1029 2151 tando,
1062 2070 1236 2154 quod
1276 2069 1550 2136 facultas
1593 2073 1878 2157 gratiose
1917 2069 2260 2136 tollerabit.
2344 2070 2435 2136 Et
2473 2080 2820 2158 antequam
2862 2079 2958 2137 tot
2997 2069 3473 2158 disputationes
3519 2092 3653 2156 per·

812 2169 1038 2233 fecerit
1050 2217 1070 2250 ,
1113 2180 1186 2233 ut
1229 2171 1658 2257 praemissum
1716 2179 1845 2252 est,
1888 2191 2298 2257 nequaquam
2341 2169 2429 2238 ad
2488 2169 2825 2236 consilium
2882 2168 3211 2236 facultatis
3269 2178 3655 2233 assumatur.

734 2276 794 2332 15
814 2266 1032 2333 Debet
1073 2271 1269 2334 etiam
1313 2268 1651 2356 disputare
1693 2269 2053 2355 diligenter,
2096 2267 2397 2333 videlicet
2445 2268 2764 2356 capiendo
2821 2268 2985 2334 duas
3045 2267 3495 2334 conclusiones
3548 2289 3658 2332 seu

808 2368 1223 2456 quaestiones
1264 2376 1330 2432 et
1370 2367 1497 2436 duo
1542 2367 1942 2455 sophismata
1958 2417 1975 2450 ,
2023 2369 2092 2433 in
2139 2367 2353 2452 aliquo
2395 2367 2812 2435 lectoriorum
2824 2416 2844 2450 ,
2889 2390 3033 2433 cum
3094 2368 3506 2435 intimatione
3546 2389 3656 2453 pu·

809 2467 1001 2549 blica,
1043 2466 1133 2535 ad
1174 2466 1446 2532 alteram
1489 2466 1829 2533 dimidiam
1869 2468 2115 2536 horam.
2197 2467 2286 2533 Et
2327 2467 2504 2553 quod
2544 2466 2911 2533 huiusmodi
2955 2467 3439 2554 disputationes
3486 2487 3653 2531 com-

814 2565 1111 2653 pleverit,
1157 2566 1480 2631 tenebitur
1522 2566 1738 2632 dicere
1789 2565 1912 2631 sub
1970 2589 2085 2632 suo
2137 2568 2545 2633 iuramento¹
2601 2576 2898 2654 tempore
2954 2566 3346 2652 receptionis
3391 2566 3535 2630 eius
3572 2563 3654 2629 ad

809 2665 1149 2733 consilium
1205 2664 1557 2732 facultatis.
1763 2683 1767 2687 *

721 2858 790 2915 20
836 2857 931 2918 10.
967 2845 1244 2936 [Bl.40·]
1288 2865 1538 2926 QUIBUS
1574 2865 1781 2914 florus
1819 2865 2150 2915 measa-121
2190 2866 2809 2916 sx‘rnsonnmAam
2851 2866 3218 2916 ηψπ-ΒΕ
3264 2865 3654 2914 roa-snum.

977 2980 1231 3047 Placuit
1284 2980 1518 3046 illustri
1576 2980 1857 3068 principi
1914 2980 2064 3046 duci
2116 2980 2401 3068 Georgio
2466 2984 2536 3047 in
2592 3007 2711 3048 sua
2763 2983 3122 3047 novissima
3175 2981 3653 3063 reformatione,

815 3082 1177 3169 quicunque
1219 3081 1678 3166 magistrorum
1722 3078 2243 3146 extraordinarie
2289 3079 2505 3167 legere
2546 3080 2649 3146 vel
2705 3103 3034 3146 resumere
3096 3080 3315 3146 debito
3370 3090 3654 3167 tempore

815 3182 1124 3264 voluerit,
1177 3204 1305 3247 non
1352 3178 1589 3245 debeat
1642 3179 2010 3267 prohiberi,
2065 3191 2139 3245 ut
2195 3182 2290 3245 sic
2342 3183 2640 3267 magistri
2700 3184 2768 3247 in
2828 3179 3082 3246 actibus
3139 3178 3548 3245 scholasticis
3589 3201 3655 3244 se

812 3302 1118 3346 exercere
1159 3280 1446 3362 valeant,
1495 3280 1619 3345 isto
1663 3291 1880 3346 tamen
1923 3279 2268 3345 observato
2283 3329 2301 3363 ,
2347 3280 2522 3367 quod
2574 3282 2640 3345 in
2697 3280 2928 3368 hyeme
2971 3302 3161 3346 mane
3204 3281 3432 3367 quinta
3474 3290 3659 3344 sexta

724 3388 790 3446 25
808 3383 1103 3466 septima,
1149 3388 1301 3466 post
1339 3379 1686 3467 prandium
1731 3379 2074 3443 undecima
2127 3389 2192 3442 et
2232 3390 2464 3467 quarta
2506 3380 2684 3446 horis
2739 3378 3110 3445 huiusmodi
3160 3390 3345 3445 actus
3401 3378 3647 3445 schola·

806 3480 1004 3546 sticos
1045 3478 1430 3545 resumendo
1463 3488 1575 3543 aut
1605 3477 1882 3564 legendo
1914 3476 2279 3560 observent,
2323 3480 2391 3544 in
2436 3490 2682 3547 aestate
2722 3491 2957 3567 quarta
3000 3481 3224 3568 quinta
3266 3488 3459 3543 sexta
3504 3488 3651 3543 ante

811 3579 1177 3667 prandium,
1222 3588 1373 3665 post
1399 3600 1555 3643 vero
1583 3576 1927 3665 prandium
1970 3578 2225 3642 decima
2248 3579 2593 3645 undecima
2625 3589 2689 3645 et
2717 3588 2951 3668 quarta
2991 3579 3186 3644 horis.
3252 3577 3391 3643 Sub
3433 3577 3648 3643 lectio-

807 3677 998 3743 nibus
1042 3699 1197 3743 vero
1239 3676 1588 3742 ordinariis
1633 3686 1698 3741 et
1740 3674 2318 3762 principalioribus
2356 3702 2544 3744 nemo
2600 3679 2818 3766 legere
2858 3677 2964 3743 vel
3022 3699 3350 3743 resumere
3394 3676 3679 3763 publice-

812 3776 1006 3842 debet
1041 3777 1171 3842 nisi
1209 3798 1328 3863 pro
1359 3774 1621 3841 sallario
1650 3775 2019 3840 auditorum
2047 3777 2117 3843 in
2145 3775 2371 3845 eadem
2406 3780 2699 3861 materia,
2742 3780 2812 3845 in
2854 3800 2984 3865 qua
3020 3775 3337 3845 ordinarii
3378 3775 3652 3841 lectores

727 3887 796 3943 30
814 3877 1038 3964 legunt
1080 3884 1192 3941 aut
1237 3875 1455 3961 legere
1498 3885 1987 3940 consueverunt.

816 4084 902 4144 11.
947 4092 1041 4141 DE
1084 4090 1612 4140 EXERCENTIBUS
1651 4091 2021 4139 MAGISTRIS
2063 4090 2157 4139 ΕΤ
2200 4091 2619 4159 EXERCICIIS3
2663 4094 2935 4143 PRIMUM
2973 4095 3069 4141 DE
3110 4092 3656 4142 DISTRIBUTIONE

1720 4191 2244 4240 EXEROIGIORUM
2286 4193 2423 4240 PER
2464 4192 2759 4242 SORTEM.

976 4308 1068 4374 Ut
1107 4308 1319 4393 magis
1363 4328 1496 4394 pax
1540 4314 1604 4371 et
1658 4305 2006 4372 concordia
2044 4309 2211 4372 inter
2253 4310 2602 4394 magistros
2644 4310 2963 4393 iuniores,
3006 4330 3136 4373 non
3176 4306 3494 4373 habentes
3534 4330 3654 4394 pro

808 4420 1099 4496 tempore
1141 4406 1424 4493 aliquam
1462 4404 1832 4487 lectionem,
1875 4405 2275 4489 observetur,
2323 4407 2599 4494 placuit,
2640 4418 2713 4473 ut
2755 4410 3080 4474 exercicia
3123 4429 3241 4494 per
3283 4414 3546 4490 sortem,
3588 4415 3659 4472 ut

725 4518 792 4576 35
812 4507 1140 4596 quondam
1168 4505 1496 4588 lectiones,
1526 4504 2014 4590 distribuantur,
2041 4510 2137 4572 ita
2165 4506 2338 4595 quod
2369 4516 2615 4573 tantum
2656 4507 2783 4573 duo
2828 4516 2892 4573 et
2931 4528 3062 4572 non
3102 4505 3321 4593 plures
3359 4506 3658 4594 magistri

812 4607 897 4673 ad
939 4630 1139 4672 unum
1181 4605 1574 4670 exercicium
1622 4626 1742 4691 pro
1783 4605 1996 4691 gradu
2038 4606 2516 4672 baccalariatus
2560 4605 2989 4672 admittantur
3030 4613 3096 4670 et
3131 4628 3298 4670 unus
3335 4604 3659 4670 duntaxat

811 4730 933 4794 pro
973 4705 1187 4792 gradu
1235 4704 1626 4790 magisterii,
1672 4703 1929 4791 dempto
1972 4706 2294 4772 exercicio
2334 4708 2572 4771 veteris
2630 4708 2824 4790 artis,
2882 4705 3053 4794 quod
3109 4712 3209 4770 est
3263 4705 3657 4769 exercicium

813 4806 898 4872 ad
926 4804 1203 4893 gradum
1244 4801 1721 4873 baccalariatus
1765 4806 2115 4890 pertinens,
2156 4804 2243 4870 ad
2285 4804 2458 4893 quod
2502 4805 2706 4871 solum
2747 4828 2912 4871 unus
2955 4807 3419 4891 magistrorum
3464 4803 3654 4870 debet

814 4906 1133 4993 deputari,
1178 4926 1253 4968 eo
1296 4902 1468 4993 quod
1512 4902 1794 4968 decanus
1839 4926 1958 4990 pro
2002 4914 2298 4991 tempore
2352 4906 2637 4971 existens
2681 4903 2840 4971 illud
2888 4926 3195 4970 exercere
3233 4914 3547 4987 teneatur,
3592 4912 3655 4969 et

989 5146 1011 5194 1
1052 5139 1160 5192 Am
1196 5137 1412 5193 Raude:
1453 5144 1660 5209 tempus
1695 5144 1774 5193 est
1802 5140 2142 5193 moderatum
2175 5141 2389 5195 decreto
2417 5138 2723 5211 suadeatis
2756 5142 2902 5194 1520.
2958 5136 3089 5195 Und
3122 5136 3410 5193 darunter:
3447 5138 3649 5202 Quibus

816 5224 1004 5278 diebus
1045 5224 1272 5276 debeant
1297 5224 1436 5290 fieri
1483 5223 1882 5293 damnationes
1928 5224 2411 5278 extraordinariae
2449 5242 2562 5294 pro
2605 5222 2963 5294 completione
3001 5223 3236 5292 biennii,
3270 5224 3397 5278 vide
3430 5224 3491 5277 in
3525 5241 3647 5278 con·

817 5309 969 5364 cluso
1002 5309 1102 5363 aab
1134 5309 1402 5362 decanatu
1439 5307 1669 5361 Ιοαηπίε
1705 5307 1878 5376 Maca,
1908 5326 2055 5363 anno
2095 5311 2238 5363 1522.
