4038 6358
1209 637 1397 697 rainae
1440 635 1971 709 Statuteuredaction‚
2007 655 2131 698 vom
2167 649 2333 699 Jahre
2373 649 2514 701 1507.
3160 644 3279 715 497

777 866 876 929 21.
923 879 1015 927 DE
1061 880 1261 928 MODO
1305 880 1809 941 EXTORQUENDI
1855 880 2137 929 POENAM
2177 883 2223 928 A
2266 879 2925 930 VULGARISANTIBUS.

586 1010 843 1076 Placuit
881 1015 1214 1099 magistris
1269 1013 1351 1078 de
1408 1013 1673 1079 consilio
1726 1014 2053 1079 facultatis
2099 1015 2355 1097 artium,
2417 1014 2591 1101 quod
2646 1026 2995 1079 conventor
3048 1015 3116 1077 in
3170 1035 3278 1078 ex-

411 1112 709 1175 torsione
771 1133 1128 1197 poenarum
1190 1113 1733 1198 vulgarisantium
1797 1127 2100 1178 exactam
2165 1124 2228 1177 et
2294 1113 2637 1179 sollicitam
2710 1112 2901 1176 debet
2971 1111 3281 1177 adhibere

411 1208 851 1295 diligentiam,
894 1221 976 1293 et,
1021 1213 1076 1276 si
1116 1234 1276 1298 opus
1320 1212 1531 1294 fuerit,
1572 1212 1924 1300 implorare
1954 1211 2293 1276 consilium
2324 1224 2387 1276 et
2425 1213 2739 1276 auxilium
2779 1209 3023 1276 domini
3052 1212 3280 1276 decani

419 1317 492 1373 et
530 1310 732 1374 totius
775 1309 1102 1375 facultatis
1150 1334 1264 1376 seu
1303 1313 1501 1376 etiam
1543 1314 2067 1399 praepositorum
2109 1310 2546 1397 collegiorum,
2591 1314 2701 1398 qui
2745 1322 3011 1397 propter
3038 1311 3277 1375 bonum
3330 1321 3363 1376 5

414 1406 678 1493 collegii
748 1419 811 1473 et
872 1410 1337 1474 incrementum
1402 1411 1599 1475 studii
1666 1413 2146 1497 suppositorum
2213 1410 2374 1474 inibi
2453 1413 2759 1475 stantium
2836 1409 3072 1474 debent
3140 1433 3282 1474 esse

418 1508 711 1571 asstricti
768 1506 853 1571 ad
910 1509 1373 1594 praestandum
1432 1510 1769 1575 consilium
1824 1520 1887 1574 et
1944 1509 2256 1574 auxilium
2315 1532 2434 1598 pro
2490 1511 2858 1575 extorsione
2917 1509 3285 1574 huiusmodi

422 1603 530 1693 [37
545 1603 597 1693 ⁸]
639 1628 908 1693 poenae.
995 1607 1066 1672 Si
1120 1631 1276 1674 vero
1335 1620 1687 1675 conventor
1740 1608 2076 1696 negligens
2128 1611 2323 1674 fuerit
2380 1620 2468 1692 et,
2528 1611 2876 1697 requisitus
2932 1631 3050 1694 per
3097 1608 3282 1674 deca-

417 1729 595 1788 num,
653 1728 722 1770 se
781 1728 912 1771 non
969 1706 1410 1773 emendaverit
1467 1731 1587 1773 nec
1628 1707 2030 1794 diligentiam
2086 1709 2462 1795 possibilem
2519 1711 2585 1772 in
2636 1710 2997 1773 commissis
3039 1709 3282 1791 fecerit,

419 1827 633 1892 poena
707 1805 1057 1872 arbitraria
1135 1809 1324 1873 iuxta
1401 1808 1665 1873 modum
1742 1808 2178 1895 negligentiae
2256 1812 2638 1874 commissae
2717 1829 2834 1894 per
2910 1807 3278 1873 facultatem
3309 1818 3367 1872 ιο

421 1906 750 1992 puniatur.

419 2076 516 2137 22.
581 2089 675 2136 nn
721 2088 1065 2137 SEROTINA
1107 2089 1622 2139 DISPUTATIONE
1667 2091 2251 2139 BACOALARIORUM
2303 2091 2394 2138 ΕΤ
2453 2090 2803 2139 sommum
2856 2090 3285 2139 buscemae

1619 2190 2092 2239 ossnavANDA.

588 2304 833 2370 Statuit
886 2304 1162 2370 facultas
1217 2308 1476 2389 artium,
1532 2304 1705 2392 quod
1763 2306 2137 2371 serotinam.
2177 2304 2682 2391 disputationem
2739 2305 3162 2391 collegiorum
3218 2317 3285 2372 et

418 2403 767 2470 bursarum
808 2413 944 2468 tam
986 2403 1313 2491 simplices
1362 2428 1556 2491 quam
1614 2404 1970 2470 baccalarii
2012 2404 2360 2490 diligenter
2415 2405 2862 2490 ingrediantur
2907 2406 3281 2493 faciantque
3304 2417 3365 2471 15

417 2502 722 2569 facienda
766 2502 1177 2588 disputandO,
1220 2504 1551 2590 arguendo
1595 2494 1659 2569 et
1701 2503 2170 2591 respondendo.
2241 2504 2331 2568 Et
2376 2513 2448 2569 ut
2490 2504 2651 2570 haec
2690 2504 2850 2568 fiant
2887 2503 3281 2591 diligentius,

423 2602 615 2667 debet
658 2613 1011 2667 conventor
1054 2603 1296 2668 habere
1338 2626 1534 2670 unum
1578 2605 1924 2689 registrum
1983 2603 2503 2670 baccalariorum
2555 2614 2618 2667 et
2673 2604 3012 2686 sociorum,
3068 2627 3284 2670 secum

423 2704 492 2766 in
538 2701 811 2788 collegio
857 2724 972 2767 seu
1011 2701 1215 2767 bursa
1260 2703 1794 2768 commorantium
1840 2714 1903 2767 et
1946 2702 2454 2789 disputationem
2494 2703 3022 2788 ingredientium,
3066 2714 3129 2768 et
3172 2704 3282 2769 ad-

425 2804 637 2866 minus
694 2800 797 2865 bis
852 2802 1172 2866 inavisate
1229 2801 1446 2886 legere
1499 2805 1565 2866 in
1611 2800 2025 2866 hebdomada
2082 2801 2447 2867 huiusmodi
2508 2804 2876 2887 registrum,
2933 2805 3280 2889 praecipue

425 2900 684 2988 quando
727 2900 1084 2965 baccalarii
1130 2901 1522 2988 praesident,
1568 2912 1632 2964 et
1669 2900 1946 2966 fideliter
1990 2901 2292 2966 absentes
2328 2900 2432 2966 vel
2473 2911 2847 2988 praesentes
2895 2906 3279 2990 consignare
3297 2912 3366 2968 20

425 3023 661 3086 eosque
716 3001 903 3064 iuxta
966 3024 1154 3065 suum
1219 2999 1489 3087 poenale
1559 3009 1870 3065 statutum
1934 3004 2171 3066 totiens
2235 3003 2531 3090 quotiens
2595 3003 2664 3067 in
2726 3003 2936 3067 tribus
3002 3001 3286 3067 denariis

423 3098 754 3165 mulctare.
839 3098 912 3163 Si
965 3122 1120 3165 vero
1177 3099 1379 3188 aliqui
1436 3100 1695 3165 omnino
1748 3098 2155 3186 negligentes
2209 3103 2451 3188 reperti
2501 3101 2740 3165 fuerint
2793 3112 2857 3166 et
2908 3104 3286 3166 conventuri

423 3209 756 3285 tamquam
795 3199 1073 3265 rebelles
1118 3222 1186 3264 se
1228 3201 1298 3264 in
1342 3199 1466 3264 hoc
1509 3202 1954 3286 opposuerint,
2013 3210 2307 3286 tempore
2363 3224 2478 3266 suo
2529 3201 2615 3266 ad
2671 3201 2951 3291 aliquem
3006 3201 3284 3288 gradum

423 3302 489 3362 in
532 3298 782 3363 artibus
827 3301 1092 3365 minime
1131 3299 1572 3366 admittantur.

923 3490 1019 3551 23.
1063 3502 1158 3549 DE
1201 3500 1719 3559 mspuu'rmns
1763 3498 2142 3546 oRDmAmA
2185 3499 2788 3549 BAccanamoRum.
3299 3490 3365 3546 25

591 3615 848 3699 Placet,
900 3615 1073 3701 quod
1115 3615 1385 3704 quilibet
1438 3614 1847 3681 baccalarius
1888 3616 1957 3677 in
2000 3613 2249 3678 artibus
2288 3625 2582 3680 teneatur
2625 3617 2692 3679 in
2738 3614 2965 3680 ordine
3013 3638 3128 3681 suo
3175 3615 3279 3680 die

425 3715 749 3781 dominica
792 3714 1127 3802 disputare
1177 3715 1505 3782 ordinarie
1545 3738 1688 3779 cum
1731 3714 2136 3779 intimatione
2185 3712 2444 3799 publica
2485 3736 2616 3780 non
2663 3714 2869 3780 solum
2913 3714 2998 3779 ad
3042 3715 3270 3779 valvas

425 3814 844 3900 collegiorum
911 3814 1028 3880 sed
1093 3816 1287 3880 etiam
1349 3813 1434 3879 ad
1498 3813 1762 3878 bursam
1825 3812 2181 3894 facultatis,
2246 3816 2358 3899 qui
2421 3825 2517 3877 est
2580 3813 2759 3880 locus
2823 3814 3273 3901 paedagogii.¹

429 3912 645 3994 Quam
687 3913 1194 4000 disputationem
1239 3913 1523 3978 decanus
1579 3922 1830 3978 tenetur
1888 3911 2012 3976 sibi
2066 3910 2153 3975 ad
2208 3924 2348 3976 octo
2402 3913 2542 3977 dies
2595 3924 2745 3978 ante
2800 3936 2917 4000 per
2970 3914 3282 3979 famulum

424 4014 872 4079 univcrsitatis
928 4015 1250 4078 intimare.
1335 4012 1425 4078 Et
1486 4014 1554 4076 in
1617 4010 2011 4099 disputando
2077 4013 2171 4075 sic
2233 4012 2558 4076 ordinarie
2619 4035 2746 4077 non
2804 4014 3018 4098 capiat
3084 4035 3276 4099 quae·
3295 4024 3365 4079 30

427 4116 672 4178 stiones
729 4114 857 4177 nisi
911 4115 980 4179 in
1038 4112 1252 4199 logica
1308 4123 1372 4176 et
1424 4113 1492 4175 in
1549 4111 1962 4198 philosophia
2014 4109 2326 4193 naturali,
2389 4133 2510 4176 nec
2567 4111 2971 4196 sophismata
3026 4114 3152 4176 nisi
3211 4115 3281 4177 in

427 4214 861 4299 grammatica
902 4222 966 4278 et
1010 4211 1243 4298 logica,
1301 4210 1419 4279 sub
1483 4233 1695 4297 poena
1747 4211 1971 4276 decem
2011 4231 2407 4295 grossorum,
2468 4234 2624 4298 quos
2667 4211 2950 4274 decanus
2993 4211 3112 4275 sub
3160 4235 3275 4277 suo

429 4313 823 4379 iuramento²
872 4321 1124 4376 tenetur
1167 4313 1459 4397 rigorose
1497 4321 1883 4396 extorquere
1903 4328 1906 4331 ·
1926 4309 2009 4373 ab
2055 4310 2298 4375 eodem.
2398 4309 2589 4391 Quod
2631 4311 2827 4374 etiam
2868 4309 3279 4396 intelligitur,

432 4413 490 4476 si
546 4413 616 4475 in
661 4411 912 4476 artibus
963 4432 1096 4474 non
1138 4409 1482 4494 studuerit,
1538 4411 1691 4497 quia
1737 4408 1950 4474 adhuc
1992 4408 2325 4496 disputare
2366 4418 2637 4493 tenetur,
2693 4408 2899 4474 donec
2953 4409 3283 4474 biennium

433 4533 623 4576 suum
668 4509 1104 4598 compleverit.
3296 4518 3364 4574 35

808 4681 908 4743 24.
949 4695 1044 4742 DE
1083 4693 1600 4744 DISPUTATIONE
1643 4692 2265 4741 EXTRAORDLNARIA
2307 4691 2908 4740 BACCALARIORUM.

596 4809 847 4892 Placet,
905 4808 1079 4898 quod
1130 4809 1344 4875 nullus
1388 4807 1959 4876 baccalaureorum
2002 4806 2344 4893 plusquam
2401 4806 2598 4872 semel
2650 4808 2717 4871 in
2762 4808 2868 4873 die
2922 4808 3281 4874 extraordi-

428 4911 615 4975 narie
673 4908 987 4995 disputet,
1045 4911 1112 4974 in
1171 4909 1386 4998 aliquo
1442 4909 1885 4991 lectoriornm,
1949 4929 2092 4970 cum
2152 4908 2555 4972 intimatione
2612 4907 2874 4995 publica
2930 4917 2995 4973 et
3052 4907 3281 4972 habitu

608 5147 631 5197 1
670 5141 780 5197 Die
811 5141 1007 5198 Worte
1042 5160 1153 5197 non
1184 5143 1358 5197 solum
1394 5141 1507 5195 und
1544 5142 1643 5195 sed
1674 5140 1839 5194 etiam
1877 5139 1960 5193 bis
1992 5140 2338 5209 paedayoqii
2370 5139 2492 5193 sind
2526 5142 2712 5209 spater
2743 5139 3168 5210 ausgestricben.

604 5231 635 5281 2
667 5226 780 5282 Am
823 5227 1049 5282 Raude:
1128 5228 1268 5282 Vide
1318 5230 1441 5282 1520
1494 5227 1593 5278 sub
1639 5224 1865 5292 Κοπίιε,
1915 5241 1997 5277 wo
2046 5222 2496 5277 wahrscheinlich
2548 5224 2692 5279 auch
2741 5223 2917 5278 dieser
2962 5216 3068 5277 E'id
3114 5223 3278 5294 abge-

430 5310 634 5366 schaffl:
666 5311 831 5366 ward.

564 5413 1007 5452 suro-rannus
1040 5413 1155 5449 nna
1189 5412 1335 5452 univ,
1369 5412 1608 5448 mairam.
2858 5383 2937 5445 32
