4038 6358
1110 643 1280 696 Dritte
1316 642 1842 707 statutam-eduction,
1878 661 1983 698 von
2023 646 2406 701 nub—¹490.
3053 642 3173 710 425

816 897 908 963 19.
952 913 1048 961 mv:
1090 912 1204 980 Εο,
1249 914 1368 976 qm
1408 915 1503 965 An
1546 914 2064 965 mscsmmuu
2103 913 2519 965 nsrn'mrns
2559 913 2705 963 ss'r.

512 1061 641 1145 Qui
698 1061 785 1128 ad
838 1061 1322 1129 inscribendum
1368 1061 1715 1151 deputatus
1758 1072 1886 1146 est,
1939 1072 2194 1130 tenetur
2238 1086 2321 1128 ex
2362 1061 2703 1128 matricula
2743 1062 3183 1128 universitatis

302 1163 689 1249 registrum
731 1163 1202 1251 complencium
1247 1164 1622 1229 continuare
1666 1173 1730 1230 et
1773 1163 2070 1230 scedulas
2114 1187 2155 1229 a
2197 1162 2640 1228 visitatoribus
2693 1164 2986 1250 recipere
3028 1172 3184 1227 tem-

308 1284 504 1349 pore
562 1261 1035 1328 distributionis
1086 1259 1310 1327 salarii
1367 1272 1433 1327 et
1486 1286 1706 1329 omnes
1762 1264 2057 1351 praefato
2110 1263 2386 1350 registro
2446 1285 2590 1327 cum
2645 1262 2777 1326 suis
2833 1261 3186 1328 defectibus

304 1360 715 1444 inscribere,
773 1362 868 1425 sic
913 1370 1128 1429 tamen
1169 1359 1342 1449 quod
1396 1361 1507 1444 hii,
1565 1363 1674 1450 qui
1730 1362 2207 1445 satisfecerunt,
2260 1360 2700 1427 inscribantur
2751 1362 2959 1447 nigre,
3017 1362 3185 1426 sicut
3234 1369 3268 1424 5

309 1459 654 1526 hactenus
696 1461 993 1548 inscripti
1037 1470 1213 1545 sunt3
1264 1459 1378 1526 sed
1419 1462 1530 1549 qui
1568 1485 1698 1530 non
1742 1462 2211 1545 satisfecerunt,
2254 1460 2690 1527 inscribantur
2717 1460 2918 1526 rubeo
2948 1460 3182 1543 colore,

313 1561 435 1624 sic
495 1569 714 1624 tamen
769 1559 939 1646 quod
995 1559 1144 1625 talis
1195 1560 1531 1648 inscriptio
1592 1561 1812 1628 debito
1867 1571 2157 1649 tempore
2213 1561 2355 1642 fiat,
2413 1570 2483 1627 ut
2536 1560 2838 1626 videlicet
2888 1569 3176 1648 tempore

316 1658 860 1746 dispensacionis
919 1658 1404 1725 baccalariandi
1459 1658 1562 1748 [25
1577 1660 1628 1748 ⁸]
1688 1672 1753 1727 et
1810 1660 2240 1747 magistrandi
2298 1661 2593 1747 inscripti
2633 1660 3063 1742 inveniantur,
3118 1668 3183 1724 et

321 1757 519 1846 quod
586 1756 818 1843 reliqui
873 1780 1095 1823 omnes
1158 1769 1308 1825 ante
1369 1759 1742 1826 electionem
1800 1762 1952 1826 novi
2012 1761 2420 1847 inscriptoris
2481 1761 2777 1847 inscripti
2843 1761 2999 1843 sint,
3061 1758 3183 1825 sub

309 1880 549 1943 poena
607 1859 1051 1945 suspensionis
1092 1859 1236 1945 ipso
1277 1859 1470 1943 facto,
1526 1860 1731 1925 donec
1770 1859 2062 1925 facultati
2102 1882 2300 1925 unum
2343 1858 2404 1923 fl.
2452 1859 2546 1924 rh.
2602 1882 2720 1947 pro
2776 1880 2985 1946 poena
3040 1869 3271 1924 rea-10

310 1955 480 2021 liter
527 1966 593 2022 et
631 1977 781 2022 cum
822 1957 1053 2024 effectu
1099 1959 1511 2047 persolverit,
1568 1960 1672 2025 vel
1716 1959 1835 2026 sub
1875 1961 2106 2026 maiori
2155 1982 2367 2047 poena
2417 1954 2762 2024 arbitrarie
2812 1958 3187 2046 infligenda,

320 2058 387 2120 si
432 2055 884 2122 ftaudulenter
927 2066 992 2122 et
1035 2055 1255 2124 dolose
1295 2060 1715 2146 inscripserit.
1798 2059 1928 2125 Pro
1983 2058 2101 2124 tali
2155 2069 2366 2124 autem
2422 2057 2644 2124 labore
2699 2056 2894 2123 debet
2946 2057 3189 2124 habere

322 2178 463 2242 pro
516 2155 755 2222 salario
797 2157 1093 2244 magistri
1136 2167 1233 2224 tot
1269 2182 1472 2225 novos
1517 2157 1838 2240 denarios,
1896 2168 2052 2247 quot
2095 2158 2542 2241 satisfecerint,
2598 2158 2733 2223 sive
2779 2159 2909 2223 sint
2951 2157 3186 2223 divites

326 2258 483 2320 sive
541 2277 880 2344 pauperes.
957 2254 1062 2320 De
1103 2258 1366 2345 reliquis
1407 2267 1639 2339 autem,
1700 2259 1811 2346 qui
1867 2281 1993 2324 non
2049 2257 2529 2341 satisfecerunt,
2584 2256 2853 2324 habebit
2899 2266 3190 2345 tempore

326 2352 845 2443 dispensationis
887 2353 1171 2443 duplum.
3203 2362 3266 2422 15

1342 2528 1439 2590 20.
1483 2542 1579 2589 DE
1618 2541 2187 2592 msrmffsxnoms.

501 2690 814 2755 Decanus
858 2711 979 2777 pro
1020 2698 1312 2778 tempore
1351 2692 1637 2757 existens
1680 2690 1874 2757 debet
1914 2714 2057 2757 esse
2112 2694 2450 2757 asstrictus
2507 2691 2625 2757 sub
2671 2713 2785 2756 suo
2830 2691 3189 2756 iuramento

326 2798 633 2876 tempore
674 2787 1177 2875 dispensationis
1220 2804 1530 2877 quaerere
1558 2791 1661 2857 vel
1700 2793 1925 2878 quaeri
1966 2793 2183 2857 facere
2224 2813 2445 2857 omnes
2487 2791 2861 2879 promoveri
2898 2789 3188 2855 volentes

326 2890 404 2952 in
449 2887 750 2975 praefato
793 2890 1071 2974 registro
1113 2889 1582 2978 complencium
1627 2901 1691 2956 et
1732 2891 2016 2957 studiose
2058 2893 2404 2978 inquirere,
2461 2914 2546 2956 an
2585 2889 2731 2956 illas
2781 2888 3088 2954 lectiones
3129 2895 3193 2951 et

329 2989 697 3071 exercicia,
757 2996 905 3074 post
962 2987 1087 3053 hoc
1129 2988 1502 3055 conclusum
1562 2991 1819 3071 auditas
1874 2990 1978 3056 vel
2032 2991 2286 3075 audita,
2350 2989 2702 3057 secundum
2758 2987 2874 3055 illa
2930 2996 3189 3069 statuta,
3206 2994 3274 3051 20

330 3089 512 3152 sicut
550 3087 622 3151 in
662 3109 784 3152 sua
824 3086 1088 3153 scedula
1127 3089 1430 3175 signavit,
1472 3091 1909 3178 compleverit,
1949 3100 2031 3173 et,
2071 3091 2247 3157 nullo
2273 3093 2630 3156 iuramento
2673 3088 2757 3153 ab
2786 3090 2879 3153 eis
2908 3095 3191 3173 recept0,

344 3187 765 3276 dispensetur
806 3209 955 3253 cum
996 3190 1091 3253 eis
1136 3189 1485 3255 secundum
1528 3190 1815 3256 defectus
1854 3189 2094 3256 ibidem
2130 3194 2439 3278 signatos,
2481 3188 2852 3278 recipiendo
2885 3211 3006 3276 pro
3034 3210 3189 3276 quo·

340 3286 506 3353 libet
549 3285 805 3353 defectu
843 3287 1126 3352 medium
1172 3311 1485 3374 grossum.
1566 3289 1673 3355 De
1715 3289 1861 3354 aliis
1914 3289 2298 3356 lectionibus
2343 3301 2407 3356 et
2459 3290 2819 3371 exerciciis,
2873 3297 3023 3353 ante
3059 3287 3183 3353 hoc

340 3385 721 3452 conclusum
759 3385 1019 3470 auditis,
1058 3386 1174 3452 fiat
1213 3386 1613 3476 dispensatio
1658 3389 2012 3454 secundum
2048 3389 2308 3455 modum
2350 3390 2678 3477 hucusque
2722 3396 3065 3453 servatum.
3118 3385 3191 3451 Si

334 3508 499 3551 vero
540 3484 828 3551 decanus
871 3484 1223 3551 secundum
1265 3486 1438 3553 hunc
1478 3489 1840 3574 praefatum
1883 3487 2146 3554 modum
2191 3511 2501 3576 quaerere
2530 3500 2595 3553 et
2625 3488 3007 3575 dispensare
3040 3508 3186 3551 con·
3206 3493 3273 3550 25

332 3585 678 3673 tempserit
739 3593 803 3649 et
862 3584 986 3651 hoc
1048 3594 1360 3651 statutum
1421 3597 1832 3654 manutenere
1898 3611 2019 3675 pro
2078 3588 2329 3654 viribus
2392 3611 2523 3654 non
2580 3589 2933 3669 curaverit,
2996 3584 3190 3652 debet

330 3684 634 3750 facultati
681 3683 763 3749 de
806 3684 1046 3749 salario
1086 3684 1282 3750 officii
1327 3686 1425 3750 sui
1467 3684 1688 3751 decem
1729 3686 1796 3751 fl.
1840 3686 1933 3752 rh.
1987 3687 2407 3753 effectualiter
2449 3687 2842 3774 persolvere,
2882 3687 2986 3752 vel
3038 3694 3188 3772 post

330 3785 628 3947 functum
687 3782 969 3849 officium
1031 3794 1166 3849 tam
1223 3784 1336 3849 diu
1396 3785 1545 3872 ipso
1606 3786 1776 3851 facto
1841 3808 1986 3851 esse
2049 3809 2429 3875 suspensus,
2493 3784 2699 3852 donec
2755 3808 2899 3852 cum
2958 3785 3187 3851 effectu

332 3905 403 3949 so
428 3883 622 3947 verit.
2525 3894 2530 3917 ¹

834 4054 933 4116 21.
980 4066 1076 4114 DE
1121 4065 1435 4117 SCEDULA
1478 4067 1989 4118 COHPLETIOMS
2032 4068 2682 4119 PROMOVENDORUM.
3199 4059 3269 4118 30

504 4215 595 4282 Ut
636 4216 850 4281 omnia
892 4211 1200 4282 citissime
1244 4225 1307 4281 et
1365 4218 1503 4282 sine
1557 4216 1932 4283 difficultate
1988 4218 2056 4283 in
2111 4218 2390 4303 registro
2436 4218 2903 4306 complencium
2959 4219 3185 4305 quaeri

332 4325 399 4381 et
441 4316 720 4381 inveniri
760 4315 1041 4402 possint,
1097 4314 1336 4382 debent
1378 4314 1684 4404 deinceps
1738 4317 2164 4404 promovendi
2221 4316 2515 4386 scedulas
2560 4317 3004 4404 completionis
3056 4319 3182 4384 for·

334 4437 525 4481 mare
567 4424 632 4480 et
673 4414 979 4499 scribere,
1022 4415 1190 4481 sicut
1227 4417 1297 4481 in
1338 4417 1547 4504 primo
1590 4415 1744 4481 folio
1788 4418 2051 4503 registri
2094 4416 2561 4505 complencium
2603 4416 2945 4482 formatum
2987 4425 3098 4482 est.

433 4654 531 4717 22.
582 4645 703 4736 [Bl.
745 4646 905 4737 25b]
932 4666 1026 4714 DE
1069 4666 1489 4716 LA'rmrrA'rE
1534 4667 1990 4716 cassavimus
2035 4669 2127 4716 ΕΤ
2173 4668 2517 4717 senorum
2559 4667 3087 4717 msrn'rAcmrm.

506 4812 797 4895 Quilibet
839 4824 1186 4882 conventor
1240 4814 1436 4881 debet
1475 4815 1717 4884 habere
1768 4839 1965 4882 unum
2017 4817 2364 4903 registrum
2420 4816 2740 4882 sociorum
2783 4828 2847 4882 et
2886 4816 3179 4883 baccala·
3198 4826 3265 4884 35

334 4918 585 4982 riorum
639 4935 797 4979 suae
835 4913 1074 4979 bursae
1113 4913 1218 4979 vel
1273 4914 1548 5001 collegii,
1608 4914 1958 4982 secundum
2000 4915 2292 4981 ordinem
2343 4914 2673 5001 alphabeti
2722 4914 3181 5001 ordinatorum,
3234 4905 3248 4913 ⁹

335 5025 399 5080 et
453 5023 705 5080 tenetur
760 5012 1057 5098 adminus
1112 5012 1216 5080 bis
1272 5015 1596 5080 inavisate
1652 5013 1867 5101 legere
1923 5016 1988 5080 in
2043 5013 2455 5081 hebdomada
2508 5017 2578 5080 in
2632 5014 2891 5098 diebus,
2947 5014 3180 5101 quibus

338 5111 697 5180 baccalarii
734 5121 1049 5200 praesunt
1081 5112 1534 5201 disputacioni,
1576 5124 1640 5179 et
1663 5113 2005 5200 diligenter
2035 5123 2099 5179 et
2136 5112 2413 5180 fideliter
2453 5113 2753 5179 absentes
2796 5115 3179 5201 consignare

336 5223 403 5279 et
454 5211 909 5279 nichilominus
964 5211 1052 5278 ad
1108 5212 1371 5280 dorsum
1428 5212 1730 5282 scedulae
1788 5215 2050 5301 signare
2110 5212 2313 5297 diem,
2375 5235 2503 5299 quo
2561 5215 2871 5280 visitavit.
2951 5212 3179 5280 Placet

338 5314 545 5379 eciam
556 5361 576 5396 ‚
635 5311 812 5399 quod
859 5313 1228 5378 visitatores
1285 5337 1430 5378 cum
1481 5312 1726 5380 decano
1785 5312 1981 5381 semel
2034 5314 2295 5384 visitent
2343 5313 2667 5384 inavisate
2715 5313 2908 5380 huius
2952 5316 3174 5381 seroti—
3190 5325 3260 5387 40
