4038 6358
92 5798 103 6035 —-·U-*-·-u
92 5756 95 5779 —
92 5710 103 5747 Ὗ
92 5682 95 5699 *
92 5660 95 5673 Α
92 5568 95 5649 ῥ’)-

868 633 993 699 256
2006 636 2118 688 uas
2154 636 2332 690 kleine
2371 638 2579 704 couog.

1741 833 1837 882 DE
1880 835 2273 887 ELECTIONE
2316 836 2825 886 HABITA'I'IONIS.

2054 955 2092 1006 S
2105 966 2125 1006 t
2135 964 2240 1005 atu
2251 964 2272 1005 t
2283 971 2315 1006 ιι
2330 971 2382 1006 m
2417 957 2445 1007 1
2454 956 2522 1008 X.

1031 1066 1281 1132 Electio
1331 1066 1748 1133 habitationis
1789 1070 1948 1153 eius,
2006 1092 2201 1157 quam
2243 1093 2482 1136 vacare
2523 1069 2886 1155 contigerit,
2944 1068 3030 1134 ad
3086 1078 3460 1156 praesentes
3531 1068 3746 1133 colle·

869 1189 1008 1253 gas,
1068 1169 1349 1253 primum
1403 1165 1487 1230 ad
1532 1170 1868 1251 seniorem,
1915 1168 2149 1234 deinde
2203 1170 2484 1258 reliquos
2526 1169 2751 1234 ordine
2796 1170 3094 1256 pertinet,
3152 1177 3236 1252 et,
3281 1192 3443 1256 quae
3487 1167 3749 1234 ultima

788 1279 818 1333 5
874 1266 1099 1331 relicta
1149 1265 1372 1349 fuerit,
1431 1289 1574 1330 eam
1616 1267 1825 1333 iunior
1866 1267 2150 1336 habebit.
2235 1268 2452 1335 Debet
2493 1280 2706 1336 autem
2753 1290 2833 1333 ea
2872 1266 3098 1332 electio
3139 1267 3248 1333 die
3291 1270 3742 1334 assumtionis

867 1367 1019 1431 novi
1064 1364 1349 1451 collegae
1392 1365 1723 1432 celebrari.

1449 1500 1542 1547 DE
1587 1500 1847 1550 ORDINE
1888 1501 1979 1550 ΕΤ
2025 1501 2462 1552 SESSIONIBUS
2503 1500 3114 1551 COLLEGIATORUM.

2056 1621 2399 1672 Statutum
2435 1621 2502 1672 X.

1034 1728 1123 1818 [S.
1160 1728 1258 1819 13]
1301 1730 1504 1797 Sicuti
1554 1734 1875 1799 secundus
1906 1733 2110 1800 honos
2149 1744 2302 1821 post
2340 1736 2786 1823 praepositum
2829 1732 3115 1799 defertur
3159 1734 3417 1815 seniori,
3461 1741 3557 1816 ut,
3607 1733 3730 1819 qui

793 1842 854 1896 10
874 1830 1139 1896 absente
1193 1830 1294 1895 vel
1351 1831 1758 1920 delinquente
1813 1836 2185 1921 praeposito
2237 1834 2322 1899 ad
2378 1835 2780 1900 necessarias
2822 1831 3318 1898 deliberationes
3369 1831 3726 1919 collegium

866 1952 1263 2015 congregare
1314 1932 1549 2018 possit,
1609 1933 1700 1996 ita
1755 1943 1819 1997 et
1871 1931 1993 1997 hoc
2049 1932 2131 1997 de
2186 1934 2362 1999 senio
2406 1931 2734 1998 electionis
2780 1933 3191 1997 constitutum
3240 1942 3367 2016 est,
3424 1930 3602 2020 quod
3651 1932 3724 1996 in

864 2027 1439 2095 consultationibus
1480 2029 1735 2116 collegii
1777 2041 1840 2095 et
1881 2030 2172 2096 dicendis
2217 2031 2565 2118 suffragiis,
2604 2034 2824 2117 sicque
2864 2030 3146 2096 sedendo
3169 2041 3234 2095 et
3263 2031 3719 2118 suffragandO,

865 2127 1021 2195 ordo
1066 2130 1226 2194 senii
1272 2130 1411 2193 sine
1454 2131 1912 2213 controversia,
1956 2132 2023 2194 in
2066 2130 2212 2196 aliis
2236 2153 2390 2196 vero
2432 2130 2889 2218 congressibus
2931 2152 3010 2195 ac
3045 2153 3272 2195 mensa
3311 2130 3470 2196 ordo
3497 2130 3718 2216 digni-

861 2231 1014 2294 tatis
1060 2239 1122 2293 et
1171 2228 1542 2295 academiae
1585 2238 1892 2294 servetur.

789 2389 850 2444 15
1761 2397 1854 2445 DE
1899 2397 2310 2446 HONESTATE
2351 2397 2792 2446 EXCOLENDA.

2040 2516 2078 2567 S
2092 2525 2113 2566 t
2125 2532 2158 2565 a
2172 2525 2238 2566 tu
2251 2525 2271 2566 t
2283 2533 2316 2565 u
2329 2532 2380 2566 m
2416 2517 2460 2566 X
2476 2517 2517 2566 1.

1026 2623 1117 2715 [S.
1166 2624 1263 2715 14]
1323 2629 1485 2695 Cum
1531 2628 1816 2715 collegae
1856 2631 1985 2694 sint
2027 2632 2216 2715 quasi
2259 2641 2585 2695 senatores
2640 2639 2703 2693 et
2759 2629 2917 2693 certi
2969 2628 3345 2695 academiae
3394 2651 3694 2716 praecep-

865 2738 1058 2810 tores,
1118 2726 1579 2793 elaborandum
1637 2730 1729 2793 eis
1787 2738 1902 2814 est,
1955 2739 2026 2793 ut
2086 2733 2213 2794 sint
2267 2751 2462 2794 verae
2503 2729 2782 2815 pietatis,
2840 2729 3117 2810 virtutis,
3176 2728 3546 2811 honestatis,
3599 2730 3693 2792 in-

861 2829 1053 2913 genui
1111 2827 1379 2914 pudoris
1438 2839 1501 2892 et
1561 2826 1849 2893 liberalis
1912 2827 2245 2894 doctrinae
2302 2827 2777 2893 adolescentiae
2829 2829 3014 2911 quasi
3073 2829 3229 2892 viva
3284 2828 3580 2915 exempla
3627 2836 3692 2891 et

782 2934 851 2991 20
870 2926 1082 2992 duces
1130 2925 1260 3007 Qui
1299 2929 1498 3012 igitur
1525 2924 1629 2991 vel
1670 2928 2019 3013 impietate,
2059 2926 2342 3010 levitate,
2380 2929 2556 2992 vitae
2599 2926 3034 3009 dissolutione,
3078 2928 3405 3014 pravitate
3430 2937 3690 2992 naturae

870 3027 972 3092 vel
1012 3026 1284 3092 libidine
1326 3025 1635 3113 peccandi
1692 3035 1806 3090 aut
1856 3048 2237 3113 quacunque
2290 3028 2628 3092 occasione
2678 3049 2890 3092 mores
2915 3045 2924 3049 ·
2949 3027 3355 3091 innocentiae
3397 3049 3476 3092 ac
3524 3036 3684 3090 tene-

871 3150 985 3193 rae
1040 3128 1271 3193 a'etatis
1327 3125 1652 3215 profectus
1706 3125 2075 3217 impedierit
2114 3125 2216 3192 vel
2272 3125 2635 3211 offenderit,
2688 3127 3143 3213 gravissimam
3198 3125 3385 3193 dabit
3426 3124 3684 3214 collegio

862 3249 1157 3316 poenam,
1202 3248 1394 3313 quam
1439 3226 1648 3312 ipsum
1694 3224 2071 3291 decreverit.

1037 3325 1156 3391 Et¹
1200 3327 1309 3411 qui
1353 3347 1549 3390 ausus
1591 3326 1784 3389 suerit
1826 3336 2191 3412 suspectam
2243 3326 2456 3389 famae
2501 3335 2564 3389 et
2616 3324 2884 3412 pudoris
2927 3324 3260 3393 mulierem
3314 3326 3384 3390 in
3426 3323 3676 3410 collegio

780 3438 847 3493 25
865 3425 1106 3493 habere
1147 3434 1210 3489 et
1252 3446 1395 3489 cum
1442 3423 1557 3489 illa
1606 3424 1926 3510 flagitiose
1964 3426 2237 3507 versari,
2292 3423 2474 3488 dabit
2515 3423 2819 3488 mulctam
2864 3423 3132 3511 collegio
3175 3424 3399 3490 decem
3441 3424 3681 3490 florino-

860 3548 1020 3592 rum.
1089 3524 1162 3589 Si
1209 3523 1489 3589 secundo
1531 3522 1653 3588 hoc
1692 3527 1836 3612 ipso
1876 3526 2132 3591 nomine
2177 3523 2523 3611 delinquat,
2585 3524 2652 3588 in
2695 3522 2958 3610 duplum
3004 3527 3342 3612 punietur3
3389 3526 3446 3589 si
3486 3526 3682 3605 tertio,

861 3624 1226 3714 privabitur
1289 3619 1419 3710 [15]
1472 3621 1914 3688 emolumentis
1975 3624 2228 3711 collegii
2296 3646 2413 3710 per
2472 3645 2728 3688 annum.
2807 3622 3060 3704 Quodsi
3097 3618 3244 3689 'nec
3313 3624 3438 3690 hoc
3507 3622 3683 3688 modo

857 3725 1096 3810 corrigi
1138 3724 1393 3811 poterit,
1437 3744 1478 3788 a
1520 3721 1791 3809 collegio
1835 3722 2232 3789 excludatur.

1756 3907 1849 3956 DE
1892 3906 2172 3957 INIURIIS
2216 3905 2426 3954 OMNIS
2468 3904 2778 3955 GENERIS.

790 4038 861 4097 30
2005 4028 2345 4078 Statutnm
2378 4024 2514 4074 XII.

1022 4143 1128 4210 Ad
1168 4139 1649 4230 reprimendam
1693 4163 1832 4207 eam
1876 4139 2252 4207 facilitatem
2296 4138 2736 4221 dissentiendi,
2779 4160 2863 4203 ex
2894 4160 3023 4226 qua
3061 4140 3354 4205 oriuntur
3396 4142 3685 4222 iniuriae,

857 4244 1316 4311 acerbissimae
1358 4242 1793 4309 dissensiones
1837 4242 2216 4324 animorum,
2269 4239 2435 4321 lites,
2479 4239 2666 4303 rixae
2709 4246 2773 4302 et
2812 4239 3041 4323 iurgia,
3083 4238 3152 4303 id
3196 4239 3528 4307 decretum
3563 4250 3684 4304 est:

856 4346 987 4425 Qui
1027 4343 1315 4409 affecerit
1352 4341 1623 4407 alterum
1649 4340 1902 4427 verbali
1939 4341 2196 4422 iniuria,
2237 4337 2651 4403 mulctabitur
2691 4358 2814 4401 uno
2853 4336 3115 4421 florin03
3159 4341 3269 4426 qui
3303 4340 3687 4427 percusserit

855 4445 1128 4511 alterum
1188 4443 1327 4507 sine
1380 4442 1840 4523 cruentatione,
1885 4439 2070 4505 dabit
2113 4439 2272 4504 duos
2312 4437 2608 4520 florin0s3
2668 4438 2724 4501 si
2778 4439 3236 4522 cruentaverit,
3297 4440 3437 4503 sine
3477 4449 3682 4503 tamen

730 4528 739 4539 ⁵
770 4557 837 4614 35
858 4544 1144 4627 vulnere,
1188 4540 1554 4609 numerabit
1596 4550 1727 4605 tres
1769 4539 2054 4606 florinos.
2122 4537 2193 4603 Si
2235 4536 2690 4619 vulneraverit,
2733 4535 2956 4601 decem
2997 4535 3262 4603 florinos
3306 4537 3579 4625 pendet3
3631 4537 3684 4600 si

858 4643 1272 4725 mutilaverit,
1315 4640 1550 4727 viginti
1606 4639 1871 4706 florinos
1916 4638 2138 4705 solvet.
2185 4632 2313 4723 [16]
2382 4634 2453 4701 Si
2508 4658 2733 4723 pacem
2786 4635 3121 4701 mandanti
3173 4638 3548 4725 praeposito
3586 4635 3681 4701 vel

856 4744 1096 4812 seniori
1150 4762 1279 4807 non
1332 4740 1642 4827 paruerit,
1699 4741 1968 4825 triginta
2021 4737 2320 4817 florinos3
2378 4757 2655 4822 poenam
2707 4757 2836 4799 non
2890 4734 3144 4802 solvens
3183 4759 3224 4802 a
3265 4735 3537 4823 collegio
3580 4758 3680 4801 ex-

856 4843 1172 4911 cludatur.
1254 4840 1332 4905 In
1373 4839 1475 4904 his
1521 4840 1577 4904 si
1619 4839 2027 4926 praepositus
2070 4834 2442 4923 deliquerit,
2494 4833 2972 4900 animadversio
3013 4835 3252 4900 multae
3300 4834 3683 4922 geminanda

855 4955 973 5010 est.
1056 4940 1377 5007 Executio
1440 4948 1657 5004 tamen
1714 4936 2069 5002 differenda
2125 4946 2224 5001 est
2280 4936 2348 4999 in
2403 4932 2648 4998 abitum
2704 4934 2803 4998 sui
2858 4934 3295 5020 magistratus.
3378 4933 3681 5019 Haecque

778 5053 847 5110 40
864 5044 1081 5110 omnia
1125 5044 1221 5107 sic
1262 5037 1678 5126 intelligenda
1720 5046 1886 5120 sunt,
1928 5046 2001 5102 ut
2041 5046 2105 5102 et
2145 5036 2319 5124 parti
2363 5033 2578 5099 laesae
2617 5031 3030 5120 peculiariter
3069 5034 3444 5102 satisfaciat.

1005 5311 1023 5361 l
1065 5305 1264 5362 Dieser
1295 5302 1484 5360 aweite
1517 5300 1728 5361 Absatz
1762 5299 1837 5357 ist
1869 5300 2056 5370 apator
2088 5296 2551 5370 eingeldammert.
