4038 6358
930 681 1031 731 Die
1064 681 1302 733 Statuten
1337 682 1430 730 des
1466 695 1684 745 grossen
1723 681 1943 746 Collega
1980 697 2104 732 vom
2139 682 2302 732 Jahre
2347 683 2487 737 1416.
3012 689 3127 750 177

1209 865 1264 928 3.
1308 880 1767 929 maarai-mrum
1810 882 2236 932 Pmrosrrl.

439 978 639 1065 „Ego
683 978 779 1044 .N.
825 980 984 1061 iuro,
1029 979 1339 1065 pecunias
1384 977 1660 1066 collegii,
1719 981 1772 1046 si
1818 1004 1982 1069 quae
2027 981 2113 1046 ad
2155 1004 2384 1046 manus
2426 1002 2604 1046 meas
2647 982 2926 1065 veniunt,
2967 981 3136 1048 velle

277 1078 556 1145 fideliter
582 1078 980 1166 dispensare,
1026 1080 1479 1167 aequalitatem
1524 1101 1649 1165 quo
1692 1079 1778 1146 ad
1816 1082 2166 1167 magistros
2199 1080 2550 1146 observare
2594 1081 2690 1156 (in
2723 1080 2833 1148 illo
2871 1081 3134 1166 scilicet,

282 1178 450 1269 quod
510 1178 756 1245 nullius
814 1200 1163 1265 personam
1220 1180 1517 1266 magistri
1575 1178 1658 1243 de
1712 1179 1984 1266 collegio
2030 1203 2189 1267 prae
2245 1179 2372 1246 alio
2416 1179 2564 1246 volo
2606 1194 2966 1267 acceptare,
3025 1181 3138 1245 sed

282 1292 619 1367 tamquam
647 1300 932 1366 persona
961 1280 1315 1343 communis
1360 1280 1427 1342 in
1460 1279 1651 1344 factis
1695 1279 1951 1365 collegii
1972 1279 2120 1345 volo
2164 1277 2650 1356 administrare)
2696 1291 2756 1344 et
2799 1280 2883 1345 ad
2926 1283 3132 1346 cuius·
3187 1291 3219 1346 5

282 1400 531 1465 cunque
576 1378 879 1464 magistri
923 1377 1004 1443 de
1039 1376 1309 1463 collegio
1341 1378 1858 1465 requisicionem,
1905 1380 2412 1465 quotiescunque
2449 1402 2567 1466 per
2600 1402 2746 1446 eum
2788 1382 3138 1468 requisitus

279 1480 476 1560 fuero,
522 1476 696 1542 velle
741 1477 1083 1563 collegium
1129 1477 1301 1542 infra
1348 1477 1520 1542 diem
1565 1476 1926 1544 naturalem
1970 1499 2346 1561 convocare,
2402 1477 2640 1543 bonum
2696 1478 2951 1567 collegii
2990 1503 3137 1567 pro·

282 1597 526 1661 curare,
587 1585 833 1642 statuta
879 1585 944 1641 et
988 1575 1352 1660 statuenda,
1407 1578 1825 1664 respicientia
1874 1585 2113 1642 statum
2169 1579 2545 1664 praepositi,
2604 1577 2873 1644 firmiter
2916 1578 3136 1645 obser-

281 1697 451 1760 vare,
510 1677 609 1741 ita
650 1675 823 1764 quod
864 1675 993 1741 levi
1049 1674 1463 1762 negligentia,
1519 1698 1684 1763 quae
1740 1700 1869 1743 non
1918 1676 1994 1742 fit
2045 1699 2128 1741 ex
2184 1681 2538 1764 proposito,
2597 1679 2953 1764 periurium
3010 1701 3136 1744 non

284 1775 675 1841 incurram.“
3156 1787 3219 1843 10

568 1901 625 1962 4.
673 1909 1186 1960 COMPROMISSIO
1230 1909 1733 1960 MAGISTRORUM
1774 1910 2124 1959 FACIENDA
2165 1910 2597 1959 PRAEPOSITO
2641 1910 2856 1960 NOVO.

443 2011 635 2092 Item,
678 2011 849 2076 facto
897 2011 1259 2076 iuramento
1304 2009 1684 2097 praepositi,
1732 2007 2005 2093 quilibet
2042 2010 2355 2096 magister
2377 2011 2719 2097 promittat
2736 2013 3130 2098 praeposito,

288 2109 447 2197 quod
503 2109 668 2175 velit
728 2109 815 2174 ad
891 2110 1416 2175 convocationem
1474 2110 1678 2195 ipsius
1750 2110 2110 2195 praepositi
2165 2110 2387 2174 venire
2443 2132 2522 2174 ac
2575 2131 2822 2196 poenas
2881 2111 3134 2177 solvere

290 2221 392 2273 aut
434 2231 506 2273 se
552 2210 783 2295 poenis
829 2209 1206 2274 submittere
1259 2209 1327 2273 in
1381 2219 1605 2275 tenore
1663 2209 2145 2274 convocationis
2200 2210 2531 2296 expressis
2584 2218 2651 2274 et
2703 2211 3134 2277 reverentiam

290 2319 498 2374 tenere
543 2330 706 2393 erga
760 2311 1202 2396 praepositum
1258 2309 1326 2372 in
1378 2330 1603 2372 mensa
1661 2308 1930 2395 collegii,
1984 2309 2054 2373 in
2108 2306 2690 2374 convocacionibus
2744 2317 2809 2373 et
2863 2310 2930 2374 in
2987 2310 3132 2376 aliis
3157 2321 3216 2377 15

290 2409 464 2472 factis
508 2406 773 2492 collegii
827 2419 891 2473 et
944 2407 1220 2473 fideliter
1276 2408 1652 2494 praeposito
1696 2409 2002 2473 assistere
2058 2409 2160 2472 in¹
2213 2409 2315 2491 iis,
2370 2430 2536 2493 quae
2588 2406 2825 2473 bonum
2878 2410 3134 2498 collegii

290 2517 691 2574 concernunt.
1190 2508 1211 2532 ‘

905 2630 961 2691 5.
1006 2642 1099 2689 ΒΕ
1144 2640 1475 2690 TEMPORE
1521 2641 2087 2694 courunrloms
2129 2640 2556 2690 PRAEPOSITI.

448 2740 742 2822 Quilibet
781 2742 1192 2829 praepositus
1236 2738 1559 2808 tenebitur
1607 2741 1704 2805 bis
1761 2741 1977 2806 facere
2036 2744 2357 2807 rationem
2398 2739 2481 2805 de
2523 2741 2840 2827 expositis
2884 2751 2948 2806 et
2989 2765 3132 2828 per-

297 2842 482 2927 ceptis
527 2864 686 2906 suae
732 2842 1243 2928 praepositurae,
1284 2841 1379 2907 ita
1428 2841 1601 2928 quod
1632 2841 1804 2908 infra
1829 2841 2111 2928 primum
2138 2863 2446 2925 mensem,
2465 2839 2836 2908 immediate
2869 2864 3131 2928 sequen·
3150 2853 3218 2909 20

300 2949 414 3003 tem
452 2942 735 3027 primum
781 2940 1060 3006 medium
1108 2961 1347 3005 annum
1391 2961 1546 3005 suae
1599 2941 2115 3027 praepositurae,
2162 2940 2358 3006 semel
2413 2950 2475 3005 et
2528 2943 2595 3005 in
2637 2941 2851 3027 primo
2893 2964 3133 3026 mense,

296 3039 654 3104 immediate
710 3050 1015 3128 sequente
1056 3040 1249 3105 finem
1306 3061 1461 3105 suae
1517 3041 2029 3128 praepositurae,
2088 3040 2409 3107 tenebitur
2453 3040 2862 3105 summariter
2918 3039 3133 3108 facere

298 3138 613 3224 rationem,
661 3138 780 3206 sub
823 3162 1034 3228 poena
1077 3141 1266 3206 unius
1311 3162 1694 3227 sexagenae.

752 3297 807 3357 ὅ.
850 3309 942 3355 DE
986 3307 1380 3357 RELATIONE
1421 3308 1921 3359 EXPOSrromJu
1960 3310 2308 3358 FACOENDA
2350 3310 2719 3361 COLLEGIO.

444 3425 609 3490 Item
669 3425 1173 3512 quotiescunque
1228 3426 1642 3512 praepositus
1694 3424 1890 3490 fuerit
1942 3425 2290 3512 requisitus
2342 3447 2458 3511 per
2510 3427 2819 3492 maiorem
2878 3437 3127 3515 partem
3148 3438 3213 3494 25

305 3521 535 3610 collegii
577 3534 1011 3611 praesentem,
1055 3546 1380 3589 summare
1424 3525 1853 3610 septimanam
1896 3544 2110 3605 unam,
2156 3523 2321 3589 duas
2364 3526 2467 3589 vel
2510 3535 2641 3590 tres
2683 3527 3024 3610 tenebitur,
3071 3538 3133 3592 et

305 3620 523 3688 dictam
580 3647 898 3689 summam
952 3624 1054 3689 vel
1109 3647 1391 3689 summas
1447 3623 1719 3709 collegio
1773 3624 1946 3688 infra
1997 3612 2432 3709 septimanam
2480 3647 2638 3690 suae
2689 3627 3131 3715 requisitionis

304 3720 601 3788 tenebitur
641 3724 952 3808 indicare,
998 3723 1117 3789 sub
1159 3747 1370 3811 poena
1408 3724 1662 3791 mediae
1709 3744 2095 3810 sexagenae.

1059 3898 1114 3960 7.
1158 3910 1252 3957 ΒΕ
1295 3909 1438 3959 Non
1480 3907 1815 3958 Anessnno
1860 3909 2116 3958 ΡΕΕΤΙΟ
2160 3909 2504 3957 rufinum.

446 4023 605 4089 Item
651 4026 1061 4113 praepositus
1101 4026 1375 4112 propria
1415 4025 1763 4090 autoritate
1805 4034 1868 4089 et
1912 4024 2050 4088 sine
2094 4046 2412 4089 consensu
2454 4022 2711 4112 collegii
2751 4049 2878 4091 non
2934 4024 3216 4092 habet30

310 4125 555 4205 pretium
604 4123 878 4189 alicuius
925 4123 1005 4189 de
1057 4124 1302 4189 familia
1345 4124 1602 4211 collegii
1662 4133 2102 4211 augmentare,
2157 4123 2272 4189 sed
2312 4125 2458 4189 visa
2506 4125 2878 4191 rationabili
2936 4150 3132 4192 causa

310 4216 480 4287 habet
518 4226 799 4311 pretium
845 4223 1117 4290 alicuius
1158 4223 1324 4289 bene
1365 4222 1738 4289 diminuere.

920 4382 978 4445 8.
1024 4394 1120 4442 ΒΕ
1165 4336 1498 4442 suroris
1540 4391 2026 4440 PERLEGENDIS
2067 4393 2112 4440 A
2152 4392 2604 4443 Pnfflrosrro.

453 4508 612 4576 Item
654 4510 1066 4599 praepositus
1105 4509 1430 4575 tenebitur
1470 4508 1643 4575 infra
1684 4518 1969 4573 mensem
2028 4530 2181 4573 suae
2234 4508 2722 4595 praepositurae
2775 4509 3131 4596 perlegisse

315 4609 504 4673 omnia
546 4618 790 4676 statuta
831 4607 1087 4696 collegii
1143 4608 1264 4676 sub
1307 4631 1520 4697 poena
1568 4609 1758 4673 unius
1818 4629 2203 4694 sexagenae,
2257 4616 2322 4674 et
2375 4605 2645 4695 quilibet
2695 4606 2775 4673 de
2828 4630 2995 4674 novo
3034 4611 3128 4673 in-
3147 4620 3214 4674 35

318 4710 473 4773 trans
508 4709 679 4777 infra
722 4709 995 4776 eundem
1040 4710 1383 4776 terminum
1425 4708 1748 4775 tenebitur
1790 4706 1877 4773 ad
1920 4706 2095 4773 idem
2137 4706 2257 4773 sub
2297 4707 2524 4773 eadem
2567 4729 2797 4794 poena.

1254 4865 1310 4927 9.
1354 4877 1765 4926 PRAEPOSITI
1806 4874 2226 4922 nnffls'rnuu.

463 4975 623 5042 Item
666 4977 938 5065 quilibet
990 4979 1402 5065 praepositus
1445 4977 1674 5062 quovis
1727 4974 1832 5040 die
1876 4996 2031 5039 suae
2076 4972 2566 5060 praepositurae
2621 4982 2873 5038 tenetur
2913 4974 3131 5039 facere

322 5070 424 5137 sibi
459 5076 710 5164 singula
765 5076 852 5142 ad
892 5079 1258 5163 registrum,
1309 5098 1474 5163 quae
1518 5097 1638 5162 per
1680 5096 1829 5139 eum
1873 5072 2100 5139 eodem
2152 5071 2257 5136 die
2306 5083 2492 5137 erunt
2534 5076 2854 5160 exposita,
2898 5085 2963 5138 et
3000 5074 3130 5139 tale

322 5174 629 5256 registrum
666 5187 921 5243 tenetur
962 5186 1380 5265 praesentare
1423 5197 1537 5240 suo
1582 5178 1958 5239 successori.
3146 5184 3214 5239 40

466 5364 481 5411 l
518 5361 576 5414 in
607 5359 760 5416 fehlt.

442 5459 864 5502 ararum-axenos
898 5462 1014 5499 »aa
1046 5461 1195 5500 nutv.
1230 5461 1471 5500 turmo.
2489 5450 2494 5459 '
2720 5449 2793 5511 12
