4038 6358
1151 597 1331 653 Vici-te
1378 601 1917 662 Statutenredaction‚
1954 616 2059 652 von
2098 597 2450 655 1499—1522.
3094 605 3210 668 461

317 791 606 868 quater
655 781 887 848 diebus
943 781 1345 870 subscriptis,
1443 783 1521 848 In
1575 785 1938 849 mutacione
1988 782 2289 849 aestivali
2329 781 2445 846 fiat
2486 783 2699 869 prima
2738 782 3003 849 taxacio
3042 785 3218 849 circa

315 880 609 947 festum
652 881 909 948 Urbani
962 879 1047 967 (d.
1091 888 1191 950 25.
1232 883 1432 965 Mai),
1492 882 1685 969 paulo
1742 893 1892 948 ante
1936 881 2042 947 vel
2098 895 2281 970 post,
2325 891 2390 947 et
2429 881 2598 947 aliae
2636 891 2768 947 tres
2821 880 2967 948 aliis
3009 883 3219 949 tribus

328 980 745 1047 sabbatinis
790 981 1019 1047 diebus
1061 981 1224 1047 hora
1267 991 1574 1047 consueta
1613 991 1762 1068 post
1802 981 2171 1068 prandium,
2211 980 2446 1068 quibus
2487 980 2848 1068 disputacio
2889 981 3222 1048 ordinaria

329 1079 612 1147 habita
650 1092 767 1164 est,
810 1083 997 1147 iuxta
1040 1079 1504 1146 discrecionem
1548 1080 1776 1146 decani
1817 1090 1880 1146 et
1922 1104 2180 1146 suorum
2218 1090 2618 1163 taxatorum‚
2662 1079 2842 1146 salvo
2884 1091 3103 1146 tamen
3145 1104 3220 1147 eo

327 1181 554 1266 quod
596 1183 803 1247 eciam
842 1181 1150 1247 lectiones
1192 1189 1645 1246 concurrentes
1688 1182 1863 1246 circa
1901 1181 2138 1246 festum
2179 1181 2541 1246 nativitatis
2565 1179 2815 1245 Mariae
2838 1184 2923 1259 (8.
2939 1185 3125 1261 Sept.)
3153 1190 3218 1247 et
3266 1191 3301 1246 ⁵

326 1282 572 1345 certis
606 1281 749 1346 aliis
779 1279 1009 1346 diebus
1038 1281 1359 1344 consuetis
1388 1288 1711 1344 taxentur.
1795 1281 1873 1346 In
1894 1280 2127 1368 hyeme
2151 1303 2307 1346 vero
2344 1279 2453 1345 fiet
2486 1281 2703 1367 prima
2745 1289 2903 1345 taxa
2946 1280 3218 1352 sabbato

337 1389 530 1463 post
571 1379 840 1445 Martini
884 1376 972 1466 (d.
1019 1387 1112 1446 11.
1156 1383 1511 1458 November)
1559 1388 1623 1446 et
1677 1379 1823 1445 aliis
1872 1379 2082 1446 tribus
2127 1378 2355 1444 diebus
2400 1378 2764 1445 sabbatinis
2802 1379 3221 1468 sequentibus

341 1500 567 1544 more
609 1490 915 1546 consueto
953 1487 1019 1544 et
1056 1478 1249 1544 modo
1292 1479 1530 1565 priori3
1585 1487 1648 1543 et
1686 1489 2141 1545 concurrentes
2180 1481 2251 1544 in
2300 1477 2430 1543 fine
2474 1479 2891 1566 carnisprivii
2937 1489 3002 1544 et
3046 1481 3223 1545 circa

343 1577 618 1644 festum
662 1578 969 1666 Gregorii
1009 1580 1095 1660 (d.
1146 1584 1237 1644 12.
1277 1584 1488 1658 Ma'rt.)
1535 1588 1599 1642 et
1641 1577 1786 1643 aliis
1829 1578 2057 1643 diebus
2102 1580 2274 1666 aptis
2317 1587 2640 1643 taxentur.
2730 1577 2803 1644 Si
2843 1601 3000 1645 vero
3038 1588 3222 1645 taxa·

344 1686 560 1742 tores
604 1677 730 1764 hys
774 1679 1029 1745 statutis
1074 1686 1137 1743 et
1179 1677 1507 1764 expressis
1549 1676 1776 1743 diebus
1821 1679 1960 1743 sine
2000 1677 2314 1764 legittimo
2369 1677 2827 1764 impedimento
2870 1700 3002 1746 non
3042 1687 3311 1744 taxa-10

349 1780 598 1842 verint
643 1789 711 1843 et
751 1778 1153 1864 negligentes
1193 1778 1436 1863 reperti
1478 1777 1545 1842 in
1593 1776 1718 1842 hoc
1759 1778 2015 1860 fuerint,
2059 1779 2205 1864 ipso
2245 1779 2415 1842 facto
2462 1776 2698 1842 debent
2741 1800 2884 1843 esse
2926 1781 3225 1865 suspensi

350 1875 458 1940 ab
514 1876 772 1943 actibus
818 1877 1212 1962 scolasticis,
1256 1876 1461 1941 donec
1503 1874 1777 1963 quilibet
1817 1899 2040 1941 eorum
2084 1877 2295 1942 solvat
2335 1899 2453 1964 pro
2492 1875 2721 1942 solatio
2768 1879 3229 1964 magistrorum

361 1975 732 2040 dimidium
776 1976 1091 2044 florenum
1133 1975 1216 2041 de
1259 1974 1546 2064 quolibet
1585 1976 1690 2040 die
1731 1984 2158 2062 transgresso.
2260 1974 2454 2056 Quod
2509 1975 2680 2042 idem
2737 1976 3225 2064 intelligendum

361 2086 484 2141 est
525 2076 609 2141 de
657 2075 903 2143 decano
948 2085 1100 2164 post
1138 2076 1331 2142 finem
1372 2075 1471 2140 sui
1512 2074 1724 2141 officii.

477 2316 539 2374 5.
601 2327 972 2376 STATUTUM
1014 2326 1291 2375 CONTRA
1332 2323 1650 2374 DEGANOS
1695 2324 1788 2372 ΕΤ
1832 2325 2243 2373 TAXATORES
2297 2325 2676 2376 PECCUNIAS
2717 2296 3125 2378 deNTmM
3248 2324 3310 2378 15

693 2443 782 2492 AC
820 2443 1320 2492 EXERCENCIUM
1363 2442 1865 2492 CONSUMENTES
1906 2443 2044 2490 VEL
2085 2442 2577 2492 RESERVANTES
2614 2444 2907 2493 EDITUH.

554 2577 882 2658 Quoniam
936 2586 1176 2643 statuto
1231 2573 1556 2640 facultatis
1615 2565 1862 2644 arcium
1917 2583 2187 2640 cavetur
2202 2625 2219 2658 ,
2281 2574 2452 2662 quod
2492 2579 2828 2664 magistris
2865 2577 3227 2665 legentibus

366 2700 459 2743 ac
501 2676 953 2743 exercentibus
997 2699 1115 2763 pro
1159 2673 1495 2740 laboribus
1551 2675 1686 2739 suis
1743 2674 2100 2740 scolasticis
2152 2674 2412 2740 realiter
2469 2685 2533 2741 et
2575 2698 2718 2741 cum
2763 2677 2993 2772 effectu
3036 2680 3223 2743 satis—

363 2778 522 2842 fieri
583 2760 854 2858 debeat,
918 2798 1062 2840 cum
1112 2774 1549 2839 mercenarius
1604 2772 1838 2860 dignus
1895 2776 1978 2838 sit
2037 2795 2156 2838 sua
2208 2773 2539 2857 mercede,
2597 2784 2662 2840 et
2727 2778 2879 2863 quia
2939 2776 3229 2842 nonnulli

375 2877 688 2962 magistri
730 2875 1019 2961 legentes
1062 2897 1141 2939 ac
1181 2883 1559 2939 exercentes
1601 2874 1939 2938 retroactis
1966 2872 2369 2959 temporibus
2410 2897 2529 2939 sua
2559 2874 2858 2941 mercede
2899 2885 2964 2942 et
3006 2878 3224 2963 precio
3244 2885 3313 2942 20

371 2976 711 3040 desei-vito
770 2998 889 3062 per
955 2973 1429 3059 negligenciam
1498 2996 1577 3037 ac
1637 2973 1932 3037 fraudem
1999 2969 2405 3059 quorundam
2472 2973 2863 3040 decanorum
2928 2989 2991 3041 et
3046 2986 3229 3041 taxa—

369 3087 628 3157 torum‚
675 3076 786 3162 qui
829 3076 1196 3161 peccunias,
1249 3095 1369 3159 pro
1421 3070 1803 3137 lectionibus
1863 3080 1927 3135 et
1984 3073 2323 3136 exerciciis
2377 3081 2669 3159 tempore
2721 3077 3085 3140 taxacionis
3141 3075 3226 3140 ab

374 3173 792 3241 auditoribus
845 3182 1223 3262 perceptas,
1282 3171 1407 3237 sibi
1450 3172 1615 3258 ipsis
1660 3170 2058 3237 inbursando
2113 3184 2613 3238 reservaverunt
2661 3171 2766 3239 vel
2819 3197 3229 3264 consumpse-

372 3286 566 3359 runt,
614 3273 981 3338 defraudati
1026 3281 1176 3337 sunt
1216 3295 1295 3337 ac
1333 3272 1606 3359 privati,
1651 3271 1734 3336 ob
1778 3270 1935 3353 hoc,
1992 3293 2074 3334 ne
2132 3270 2292 3336 talia
2347 3272 2453 3336 vel
2511 3274 2872 3339 consimilia
2922 3268 3229 3363 deinceps
3316 3302 3329 3311 ·

380 3375 768 3459 contingant
819 3372 925 3437 vel
980 3371 1123 3437 fieri
1183 3372 1669 3460 permittantur,
1726 3391 1889 3434 neve
1954 3369 2243 3456 legentes
2309 3370 2414 3436 vel
2482 3384 2857 3439 exercentes
2929 3377 3227 3462 magistri
3244 3384 3311 3441 25

386 3472 661 3538 sallario
718 3482 783 3537 et
829 3471 1127 3536 mercede
1186 3473 1320 3535 suis
1372 3468 1872 3552 defraudentur,
1930 3471 2154 3534 statuit
2206 3478 2270 3534 et
2325 3469 2654 3536 ordinavit
2713 3483 3231 3560 praememorata

381 3572 668 3638 facultas
726 3572 972 3636 arcium
1030 3579 1094 3636 et
1145 3573 1376 3635 iterum
1434 3572 1675 3636 seriose
1734 3567 2023 3651 ordinat,
2080 3567 2251 3655 quod
2297 3567 2581 3636 decanus
2624 3581 2688 3636 et
2740 3576 2839 3638 sui
2894 3583 3227 3638 taxatores
3302 3619 3337 3667 ⁸

380 3694 504 3759 pro
573 3681 863 3758 tempore
924 3671 1275 3736 existentes
1338 3672 1684 3757 peccunias
1702 3717 1720 3751 ,
1782 3670 1838 3731 si
1903 3690 2065 3754 quas
2129 3667 2212 3732 ab
2274 3667 2676 3735 auditoribus
2739 3672 3084 3738 lectionum
3149 3695 3228 3738 ac

382 3772 857 3837 exerciciorum
911 3779 1206 3857 tempore
1267 3771 1620 3834 taxationis
1676 3770 2070 3854 receperint,
2138 3768 2301 3854 ipsis
2365 3770 2699 3855 magistris
2751 3770 3113 3857 legentibus
3168 3782 3233 3838 et

385 3870 844 3936 exercentibus
905 3879 1054 3956 post
1112 3868 1305 3935 finem
1361 3866 1727 3932 huiusmodi
1786 3865 2133 3935 lectionum
2196 3877 2261 3931 et
2319 3870 2782 3935 exerciciorum
2798 3920 2817 3955 ,
2879 3873 2937 3936 si
2999 3871 3225 3938 saltem
3244 3882 3312 3937 30

385 3971 573 4035 iuxta
648 3969 1114 4055 ordinationem
1178 3991 1257 4034 ac
1328 3978 1568 4033 statuta
1624 3966 2154 4054 praenominatae
2214 3966 2540 4033 facultatis
2593 3968 2869 4057 legerint
2928 3981 2992 4036 et
3049 3995 3229 4037 exer·

394 4070 675 4152 cuerint,
718 4067 977 4132 realiter
1020 4077 1084 4132 et
1127 4089 1271 4132 cum
1313 4068 1543 4132 effectu
1586 4065 1960 4154 persolvere
2003 4064 2242 4131 debent
2295 4089 2439 4133 esse
2498 4072 2781 4153 astricti,
2840 4071 2960 4136 sub
3019 4093 3230 4159 poena

396 4169 840 4256 suspensionis
892 4166 975 4231 ab
1021 4166 1317 4232 omnibus
1363 4165 1783 4231 emolimentis
1842 4162 2168 4230 facultatis
2213 4176 2277 4230 et
2319 4166 2613 4235 decetero
2658 4169 2742 4235 ad
2785 4169 3045 4257 aliquod
3087 4193 3231 4236 con·

388 4266 603 4333 simile
641 4267 745 4331 vel
788 4266 964 4332 aliud
1005 4267 1288 4333 officium
1332 4264 1661 4331 facultatis
1704 4289 1831 4331 non
1876 4264 2291 4349 admittendi,
2332 4268 2458 4332 nisi
2502 4267 2715 4333 dictae
2768 4269 3068 4335 facultati
3111 4294 3230 4358 per

387 4364 955 4454 condig[17¹’]nam
1022 4366 1528 4433 satisfactionem
1591 4363 1993 4429 reconciliati
2051 4363 2292 4428 fuerint
2343 4376 2406 4431 et
2458 4369 2790 4455 magistris
2862 4369 3224 4457 legentibus
3244 4378 3311 4434 35

388 4478 539 4532 ante
585 4467 805 4533 omnia
849 4465 930 4531 de
973 4476 1280 4554 percepto
1324 4474 1517 4555 pastu
1554 4464 1817 4530 realiter
1862 4473 1926 4529 et
1969 4487 2115 4531 cum
2155 4464 2389 4531 effectu
2432 4467 2876 4533 satisfecerint.

594 4705 653 4767 6.
708 4717 891 4765 ΤΔΧΔ
930 4716 1337 4765 LECTIONUM
1377 4717 1468 4763 ΕΤ
1511 4714 2039 4776 EXERCITIORUM
2079 4716 2172 4763 ΕΤ
2218 4716 2490 4766 TEMPUS
2529 4718 2844 4767 FINOENDI
2885 4718 3022 4767 PRO

1239 4832 1660 4901 MAGISTERIO
1704 4833 1795 4880 ΕΤ
1837 4832 2385 4882 BACCALARIATU.

390 4971 572 5020 Taxa
604 4970 957 5021 lectionum
993 4986 1108 5035 pro
1145 4970 1531 5034 magisterio
1634 4969 1913 5033 Tempus
1949 4967 2230 5019 finiendi
2265 4970 2598 5021 lectiones
2635 4987 2752 5035 pro
2792 4973 3194 5036 magisterio·

447 5087 519 5134 vl
552 5067 1023 5154 quthicorum.
3242 5079 3311 5135 40

449 5185 521 5233 v1
563 5196 587 5222 ε
630 5082 1178 5336 Methaphisica}
1569 5216 1583 5231 .
1646 5164 2005 5231 Maximum
2044 5168 2171 5231 tria
2215 5168 2553 5254 quartalia,
2606 5171 2941 5236 minimum
2983 5170 3126 5236 duo·

449 5285 523 5333 vl
560 5296 584 5322 ε
626 5266 953 5334 Euclides.
