4038 6358
859 621 980 687 554
1867 628 1968 679 Die
2005 626 2376 692 theologioche
2413 627 2669 682 Faenum.

860 826 1053 891 quam
1095 808 1359 874 vocabit
1404 809 1646 877 amicos
1694 831 1865 874 suos.
1951 808 2040 873 Et
2080 818 2233 874 tunc
2276 812 2588 896 magister
2630 811 3114 877 commissarius
3163 809 3382 874 mittat
3425 828 3547 894 per
3588 827 3713 892 ερ-

858 913 996 969 tum
1030 909 1374 973 nanceium
1419 910 1736 994 signetum
1781 911 1916 975 sive
1956 908 2233 993 literam,
2281 933 2395 978 suo
2439 911 2655 998 sigillo
2697 913 3020 999 signatam
3038 911 3079 991 ¹,
3123 907 3287 973 haec
3325 906 3539 974 verba
3564 928 3717 971 con·

857 1004 1195 1071 tinentem:
1239 1006 1563 1088 „Domine
1610 1018 2042 1094 praesentate,
2084 1011 2227 1076 sitis
2269 1010 2385 1076 tali
2428 1011 2534 1076 die
2577 1023 2640 1075 et
2681 1010 2844 1076 hora
2882 1011 2949 1074 in
2992 1009 3135 1076 loco
3177 1007 3295 1073 tali
3338 1006 3428 1072 ad
3451 1006 3719 1091 capien-

858 1103 1008 1168 dum
1052 1105 1389 1171 licenciam
1431 1109 1499 1171 in
1543 1106 1925 1195 theologia“.
2011 1110 2162 1189 Qua
2202 1109 2391 1176 litera
2432 1109 2676 1175 ibidem
2720 1109 2979 1198 publice
3016 1108 3203 1191 lecta,
3246 1114 3715 1195 praesentatus

776 1211 809 1265 5
861 1202 971 1268 det
1012 1206 1285 1272 nunccio
1331 1230 1526 1271 unum
1572 1206 1887 1272 florenum
1919 1231 2274 1275 renensem.
2318 1210 2555 1275 Postea
2596 1209 2708 1274 illa
2755 1208 2863 1274 die
2907 1208 3072 1274 hora
3116 1216 3179 1272 et
3222 1205 3402 1272 locus
3450 1202 3717 1292 publice

854 1303 1199 1370 intimetur.
1282 1306 1360 1371 In
1404 1305 1510 1371 die
1551 1315 1765 1371 autem
1805 1306 1981 1372 horis
2022 1319 2085 1373 et
2141 1308 2282 1375 loco
2337 1309 2662 1396 deputatis
2719 1308 3203 1373 commissarius
3256 1306 3464 1371 faciat
3516 1301 3713 1368 colla·

855 1404 1104 1469 cionem
1161 1428 1281 1492 pro
1337 1405 1974 1472 recommendacione
2032 1407 2433 1473 licenciandi.
2519 1407 2669 1489 Qua
2742 1408 2918 1473 facta
2975 1404 3421 1472 licenciandus
3492 1402 3716 1467 flectat

851 1525 1067 1589 genua
1110 1513 1173 1568 et
1214 1505 1695 1570 commissarius
1739 1504 1943 1572 dicat:
2030 1507 2476 1589 „Auctoritate
2529 1504 2765 1594 omni[l
2788 1504 2884 1595 1¹²]
2908 1507 3186 1594 potentis
3253 1504 3360 1569 dei
3425 1510 3496 1567 et
3537 1498 3711 1564 sedis

856 1602 1251 1690 apostolicae
1275 1604 1471 1669 michi
1491 1627 1799 1670 concessa
1822 1615 1885 1671 et
1901 1603 2034 1692 (vel
2050 1605 2080 1671 ’ἓ
2092 1623 2112 1681 )
2127 1631 2246 1695 per
2269 1607 2599 1672 dominum
2630 1606 3087 1672 cancellarium
3106 1604 3303 1671 michi
3328 1623 3508 1668 nunc
3537 1622 3697 1665 com·

777 1711 840 1767 10
857 1705 1058 1768 missa
1101 1703 1184 1767 do
1229 1703 1348 1767 tibi
1396 1704 1487 1770 .N.
1530 1703 1870 1770 licenciam
1914 1707 2266 1793 incipiendi
2314 1708 2381 1772 in
2424 1706 2754 1792 theologia
2798 1715 2862 1770 et
2901 1707 3349 1793 magisterium
3387 1702 3457 1764 in
3482 1722 3564 1764 ea
3606 1720 3703 1763 ea·

856 1802 1076 1889 piendi
1113 1815 1175 1866 et
1217 1801 1471 1868 demum
1514 1814 1697 1868 actus
1745 1803 1830 1869 ad
1888 1807 2333 1892 magisterium
2395 1807 2462 1870 in
2520 1806 2847 1891 theologia
2900 1804 3179 1871 faciendi
3203 1806 3227 1845 ²
3284 1801 3700 1889 pertinentes,

855 1912 1198 1988 postquam
1261 1901 1740 1989 solempnitates
1789 1904 2074 1970 feceritis
2135 1904 2219 1970 ad
2277 1906 2399 1970 hoc
2460 1906 2823 1994 requisitas.
2907 1905 2983 1970 In
3046 1904 3304 1970 nomine
3370 1899 3589 1989 patris
3649 1908 3699 1960 et

854 1998 971 2064 filii
1017 2010 1080 2065 et
1125 2001 1391 2087 spiritus
1432 2003 1658 2067 sancti.
1701 2001 1972 2068 Amen.“

1677 2175 1772 2235 17.
1814 2188 1907 2234 DE
1947 2188 2445 2237 vespenmms
2490 2186 2856 2249 SEQm'rUR.

780 2325 839 2381 15
1025 2318 1382 2405 Vesperiae
1436 2319 1594 2384 fiant
1644 2328 1793 2405 post
1848 2320 2194 2408 prandium
2254 2321 2377 2386 hoc
2418 2321 2626 2388 modo.
2709 2321 3024 2407 Magister
3083 2330 3309 2384 tenens
3369 2315 3702 2402 vesperis-s

860 2413 1143 2503 disputet
1184 2440 1379 2485 unam
1424 2420 1886 2505 quaestionem,
1933 2420 2017 2485 ad
2064 2445 2261 2510 quam
2301 2421 2724 2513 respondebit
2768 2443 2930 2485 unus
2976 2418 3057 2483 de
3110 2415 3544 2496 baccalariiS,
3608 2415 3703 2477 cui

865 2515 1241 2603 praesidens
1287 2526 1520 2602 arguat
1566 2527 1628 2581 et
1671 2516 1956 2584 breviter
1998 2521 2283 2608 replicet.
2366 2522 2523 2587 Post
2576 2521 2699 2586 hoc
2756 2541 2975 2585 omnes
3030 2515 3387 2581 baccalarii
3433 2522 3705 2599 arguant

857 2638 973 2701 per
999 2615 1311 2697 ordinem,
1352 2626 1415 2679 et
1458 2625 1605 2703 post
1648 2629 2030 2703 argumenta
2068 2620 2591 2687 baccalariorum
2638 2620 2975 2707 proposita
3018 2616 3137 2682 soli
3169 2616 3411 2681 seniori
3446 2634 3704 2699 respon·

858 2712 1107 2778 dcatur.
1190 2713 1353 2779 Item
1414 2726 1564 2801 post
1612 2716 1736 2780 hoc
1780 2719 1994 2785 senior
2056 2723 2515 2805 magistrorum
2574 2729 2722 2785 actu
2784 2718 3190 2802 regencium,
3276 2715 3389 2800 qui
3460 2734 3592 2777 non
3630 2712 3707 2775 sit

773 2821 839 2876 20
864 2812 1261 2899 praesidens,
1306 2825 1630 2900 proponat
1675 2820 2121 2903 quaestionem
2164 2843 2307 2885 curn
2353 2820 2770 2907 exposicione
2813 2818 3233 2882 terminorum
3276 2826 3341 2878 et
3365 2834 3703 2898 argumen-

855 2912 940 2976 tis
989 2935 1108 2998 pro
1148 2922 1421 2999 utraque
1467 2923 1686 2999 parte3
1731 2938 1858 3003 qua
1908 2940 2025 3003 per
2065 2919 2568 3005 vesperiandum
2614 2918 3062 2998 determinata,
3107 2916 3424 3001 magister
3468 2934 3697 2998 propo·

856 3033 1016 3075 nens
1062 3012 1497 3095 quaestionem
1566 3025 1799 3099 arguat
1868 3027 2096 3082 contra
2152 3018 2326 3082 dicta
2380 3017 2598 3105 aliqua
2657 3028 2720 3082 et
2772 3025 3003 3104 postea
3058 3037 3334 3103 sequens
3392 3012 3702 3096 magister

859 3105 1027 3198 [12⁸]
1077 3118 1224 3174 actu
1263 3132 1495 3197 regens
1529 3124 1754 3179 contra
1797 3115 1944 3198 alia,
1990 3127 2216 3182 contra
2261 3139 2425 3205 quae
2482 3140 2598 3205 per
2656 3115 3154 3205 praecedentem
3196 3135 3324 3179 non
3368 3122 3471 3177 est
3514 3132 3696 3196 argu·

851 3221 1004 3274 tum.
1092 3209 1237 3275 Hoc
1276 3212 1449 3277 facto
1512 3213 1626 3277 fiat
1677 3216 2230 3282 recommendacio
2288 3216 2702 3304 vesperiandi
2757 3239 2875 3303 per
2931 3215 3311 3300 magistrum
3372 3211 3706 3298 vesper-ias

766 3317 1191 3375 25tenentem.

1623 3467 1711 3531 18.
1766 3483 1860 3531 DE
1905 3485 2104 3551 112121s,
2149 3484 2330 3544 QUAE
2376 3484 2589 3532 mum·
2635 3484 2707 3532 m
2749 3483 2949 3533 AULA.

1015 3614 1178 3679 Item
1220 3614 1288 3678 in
1331 3613 1479 3679 aula
1517 3614 1730 3702 primo
1774 3616 2092 3681 aulandus
2152 3616 2372 3682 flectat
2427 3639 2641 3702 genua
2703 3625 2767 3681 et
2832 3617 3001 3682 iuret
3066 3613 3515 3677 reverenciam
3578 3634 3703 3676 ma·

851 3713 1201 3800 gistrorum
1245 3724 1310 3778 et
1348 3713 1520 3801 quod
1563 3713 1751 3778 fidele
1794 3718 2233 3782 testimouium
2278 3715 2620 3803 perhibeat
2678 3715 2757 3780 de
2799 3711 3282 3803 promovendiS‚
3338 3713 3494 3776 item
3537 3710 3705 3798 quod

855 3813 1093 3877 bonum
1134 3814 1571 3878 univcrsitatis
1616 3823 1682 3878 et
1723 3814 2051 3878 facultatis
2095 3814 2515 3901 theologicae,
2580 3813 2665 3879 ad
2719 3833 3164 3903 quemcunque
3229 3821 3465 3877 statum
3521 3810 3702 3875 deve·

772 3915 1051 3995 30nerit,
1098 3912 1497 4000 procurabit.
1553 3912 1662 3977 Ex
1707 3922 1860 3978 tunc
1905 3915 2218 4000 magister
2264 3936 2437 3996 suus,
2481 3917 2786 4000 imposito
2831 3913 2956 3979 sibi
3003 3912 3269 3993 birreto,
3317 3909 3530 3975 dicat:
3569 3911 3706 3992 „In-

858 4013 1116 4097 cipiatis
1158 4013 1224 4075 in
1267 4012 1526 4075 nomine
1569 4012 1772 4098 patris
1814 4022 1877 4077 et
1918 4012 2039 4078 fflii
2082 4023 2146 4078 et
2189 4014 2455 4099 spiritus
2503 4014 2732 4077 sancti.
2775 4012 3049 4078 Amen.“
3108 4011 3196 4076 Et
3237 4011 3458 4075 statim
3502 4032 3707 4075 novus

859 4112 1170 4196 magister
1211 4111 1409 4175 faciat
1451 4110 2159 4177 recommendacionem
2206 4135 2433 4178 sacrae
2478 4114 2861 4200 scripturae,
2910 4134 3039 4197 qua
3078 4110 3264 4175 finita
3307 4109 3546 4196 aliquis
3580 4130 3706 4173 ma-

858 4211 1061 4297 gister
1101 4212 1170 4274 in
1211 4209 1459 4274 artibus
1501 4208 1603 4273 vel
1662 4209 1826 4275 alius
1888 4210 1974 4275 ad
2029 4210 2153 4276 hoc
2215 4211 2508 4298 ydoneus
2569 4235 2841 4298 surgens
2896 4219 3219 4298 proponat
3271 4210 3707 4295 quaestionem

859 4333 1004 4374 cum
1050 4309 1447 4395 argumentis
1492 4308 1951 4395 disputandam
1997 4334 2115 4398 per
2156 4335 2393 4376 novum
2438 4312 2851 4397 magistrum,
2911 4309 2997 4375 ad
3043 4331 3233 4396 quam
3281 4332 3447 4374 unus
3494 4307 3575 4373 de
3616 4332 3707 4372 se·

775 4409 1156 4474 35nioribus
1200 4406 1590 4473 baccalariis
1635 4409 2049 4496 respondeat,
2094 4411 2197 4475 cui
2242 4421 2306 4476 et
2345 4412 2657 4497 magister
2698 4432 2907 4474 novus
2964 4420 3201 4495 arguat
3256 4419 3321 4473 et
3376 4417 3532 4497 post
3570 4430 3706 4472 eum

860 4510 1192 4595 magister,
1235 4509 1344 4595 qui
1389 4507 1517 4573 sibi
1575 4507 1883 4573 birretum
1937 4510 2266 4597 imposuit.
2352 4510 2512 4575 Post
2573 4510 2695 4575 hoc
2760 4519 2988 4594 surgat
3043 4531 3209 4572 unus
3258 4510 3580 4594 magister
3631 4506 3707 4573 de

863 4607 1226 4674 senioribus
1271 4617 1421 4673 actu
1465 4603 1854 4694 regen[12b]
1873 4608 2047 4673 tibus
2091 4608 2513 4696 proponendo
2558 4608 3003 4696 quaestionem
3046 4630 3242 4671 unam
3274 4629 3422 4671 cum
3456 4609 3703 4694 exposi-

858 4711 1040 4774 cione
1081 4707 1500 4772 terminorum
1545 4713 1610 4770 et
1651 4709 2051 4793 argumentis
2096 4708 2245 4774 hinc
2303 4707 2492 4789 inde,
2577 4706 2663 4771 ad
2726 4729 2923 4793 quam
2981 4704 3377 4792 respondeat
3420 4730 3587 4772 unus
3629 4706 3705 4771 de

862 4805 1223 4873 iunioribus
1268 4806 1499 4872 stando
1543 4829 1660 4893 per
1702 4815 1927 4889 totum,
1973 4830 2119 4872 cum
2164 4807 2563 4893 aliquociens
2609 4806 2980 4893 replicetur.
3070 4805 3219 4885 Quo
3267 4805 3444 4871 facto
3488 4816 3703 4892 surgat

782 4907 1101 4994 40aliquis
1146 4907 1360 4971 senior
1401 4908 1713 4992 magister
1756 4915 1904 4971 actu
1948 4929 2181 4992 regens
2225 4917 2375 4996 post
2421 4908 2706 4994 priorem
2750 4914 3235 4994 proponentem,
3281 4906 3395 4993 qui
3436 4904 3699 4970 eandem

1028 5213 1048 5262 1
1089 5205 1460 5264 Goechrieben
1496 5204 1644 5260 steht
1673 5207 1964 5276 siynatum.

1031 5295 1061 5345 2
1083 5292 1351 5360 faciendi
1380 5289 1581 5362 gehcrt
1612 5289 1863 5346 offenbar
1899 5289 2084 5344 hinter
2110 5290 2457 5361 pertinentes.
