4038 6358
1304 621 1403 671 Die
1438 621 1677 673 Statuten
1712 635 1819 671 von
1859 619 1985 673 1497
2002 621 2205 673 ”1531
3044 623 3156 686 231

1182 844 1236 904 7.
1278 856 1372 903 ΒΕ
1418 853 1564 904 Non
1604 853 2304 905 Pmroslrm'rmus.

496 965 777 1048 Quilibet
817 967 1196 1056 collegiatus
1236 970 1621 1054 sallariatus,
1687 973 1756 1036 in
1810 968 2038 1037 ordine
2098 991 2213 1035 suo
2275 991 2404 1035 non
2473 971 2944 1056 praepositans,
3003 967 3165 1031 duas

327 1088 684 1152 sexagenas
725 1089 930 1132 novas
976 1066 1038 1155 [3
1051 1065 1104 1156 ⁸]
1151 1069 1295 1136 aliis
1338 1072 1667 1157 magistris
1711 1069 2059 1136 sallariatis
2102 1076 2378 1156 protunc
2421 1069 2489 1133 in
2537 1067 2807 1155 collegio
2851 1089 3154 1155 praesen·

326 1165 504 1232 tibus
539 1166 705 1230 infra
742 1188 1032 1233 mensem
1079 1169 1501 1236 effectualiter
1540 1169 1898 1258 persolvat,
1954 1167 2074 1234 sub
2118 1190 2330 1256 poena
2373 1167 2700 1238 carentiae
2739 1167 3062 1233 fructuum
3100 1176 3165 1232 et

328 1264 892 1332 emolumentorum
939 1266 1193 1355 collegii
1236 1291 1354 1356 per
1396 1268 1738 1336 dimidium
1784 1291 2042 1334 annum.
3212 1277 3245 1331 5

609 1454 667 1517 8.
708 1467 804 1514 DE
848 1468 1256 1518 DILIGENTIA
1297 1470 1432 1518 PER
1475 1467 1961 1518 PRAEPOSITUM
2003 1469 2075 1516 m
2116 1466 2467 1518 COLLEGIO
2509 1466 2876 1517 FACOENDA.

489 1583 643 1648 Item
680 1584 1110 1672 praepositus,
1153 1594 1463 1674 quantum
1504 1586 1572 1650 in
1614 1606 1690 1651 eo
1718 1593 1835 1668 est,
1877 1582 2071 1650 debet
2109 1593 2173 1649 et
2192 1592 2446 1648 tenetur
2475 1605 2622 1649 cum
2655 1582 2993 1669 diligentia
3018 1605 3165 1669 pro·

330 1705 551 1749 curare
589 1704 665 1747 ac
706 1685 1052 1770 respicere,
1104 1684 1279 1770 quod
1319 1685 1624 1750 honestas
1667 1694 1802 1749 tam
1841 1682 1923 1748 de
1966 1683 2073 1748 die
2126 1705 2323 1771 quam
2378 1682 2459 1748 de
2517 1692 2704 1749 nocte
2764 1683 2832 1746 in
2889 1680 3162 1767 collegio

331 1791 632 1864 servetur,
690 1782 988 1872 quodque
1030 1784 1100 1847 in
1157 1786 1434 1873 coquina
1486 1792 1780 1872 tempore
1835 1783 2179 1870 positionis
2221 1781 2459 1847 bursae
2498 1783 2567 1846 in
2611 1780 3057 1846 distribuendo
3104 1790 3167 1844 et

327 1880 661 1969 partiendo
701 1884 1072 1968 portionum
1113 1883 1472 1972 aequalitas
1511 1890 1915 1971 procuretur.
1985 1881 2075 1947 Et
2112 1879 2522 1948 hebdomada
2565 1881 2745 1946 finita
2786 1879 2868 1945 de
2903 1879 3158 1968 exposi·
3187 1889 3248 1943 10

327 1982 409 2046 tis
450 1980 533 2046 ad
576 1983 934 2067 coquinam,
990 1983 1240 2050 iuniore
1284 1982 1540 2049 aedituo
1586 1992 1652 2049 et
1689 1983 2002 2070 pincerna.
2055 1979 2523 2068 praesentibus,
2575 1981 2892 2060 rationem
2945 1979 3162 2060 faciat,

331 2079 443 2145 sub
485 2102 689 2167 poena
732 2079 1007 2146 duorum
1065 2104 1462 2169 grossorum,
1508 2104 1630 2169 pro
1678 2080 1907 2147 solatio
1948 2081 2406 2167 magistrorum
2443 2078 2979 2144 irremissibiliter
3019 2101 3160 2165 per·

329 2178 787 2246 solvendorum.

1257 2319 1314 2382 9.
1355 2332 1450 2381 Da·
1496 2330 1888 2381 somnone·
1931 2328 2220 2380 BURSAE.

486 2463 867 2553 Quicunque
904 2464 1173 2531 bursam
1216 2488 1399 2532 suam
1458 2474 1609 2530 ante
1650 2465 1910 2530 tertiam
1951 2462 2184 2527 feriam
2226 2459 2514 2525 eiusdem
2558 2457 3003 2526 hebdomadae
3048 2481 3152 2523 ex-
3182 2468 3242 2523 15

333 2563 560 2630 clusive
598 2586 731 2630 non
772 2563 1052 2647 solverit,
1095 2588 1215 2653 pro
1259 2565 1487 2631 eadem
1534 2565 1912 2652 septimana,
1957 2562 2013 2628 si
2047 2583 2168 2648 pro
2194 2559 2510 2627 solutione
2534 2557 2901 2625 huiusmodi
2919 2557 3160 2624 bursae

330 2662 759 2751 interpellatus
801 2664 1013 2747 fuerit,
1056 2663 1292 2731 absens
1333 2673 1685 2752 reputetur.

1225 2854 1316 2916 10.
1359 2864 1454 2912 DE
1494 2863 1778 2913 FAMILIA
1816 2861 2242 2911 ASSUMENDA.

478 2980 638 3046 Item
681 2982 1092 3068 praepositus
1138 3002 1268 3045 non
1308 2989 1596 3045 assumat
1635 3001 1843 3067 neque
1886 2979 2082 3043 etiam
2124 2976 2433 3042 destituat
2476 2973 2538 3062 [3
2552 2972 2606 3064 b]
2648 2974 2931 3062 aliquam
2972 2975 3155 3039 fami-

328 3080 484 3163 liam,
526 3080 655 3144 nisi
694 3079 777 3144 de
820 3102 1138 3146 consensu
1179 3078 1434 3164 collegii
1476 3078 1581 3144 vel
1617 3079 1885 3146 maioris
1923 3079 2133 3164 partis
2157 3075 2465 3159 eiusdem,
2507 3098 2628 3143 nec
2650 3078 2847 3140 etiam
2875 3076 3157 3162 pretium
3174 3084 3243 3139 20

331 3183 451 3246 sive
490 3178 854 3246 mercedem
898 3181 1105 3267 ipsius
1150 3181 1421 3268 propria
1463 3179 1848 3245 auctoritate
1890 3186 2147 3263 augeat,
2181 3177 2498 3262 quamviS,
2538 3173 2913 3242 rationabili
2958 3197 3158 3241 causa

331 3280 718 3362 subsistente,
757 3278 1126 3345 huiusmodi
1164 3277 1530 3344 mercedem
1569 3276 1857 3344 familiae
1896 3299 2015 3364 per
2058 3300 2128 3342 se
2171 3276 2531 3341 diminuere
2571 3277 2801 3363 possit.

422 3471 511 3532 ll·
555 3481 892 3542 QUANTUM
930 3481 1022 3528 ET
1068 3479 1319 3541 QUIBUS
1366 3479 1837 3529 PRAEPOSITUS
1879 3477 2018 3527 PRO
2061 3476 2252 3526 Novo
2295 3476 2483 3525 ANNO
2526 3476 2710 3524 DARE
2754 3476 3054 3525 DEBEAT.

471 3612 633 3678 Item
688 3613 757 3676 in
815 3612 921 3678 die
978 3612 1485 3678 circumcisionis
1542 3610 1787 3676 domini
1841 3609 2029 3677 dabit
2081 3609 2493 3696 praepositus
2554 3606 2813 3672 famulis
2872 3608 3158 3674 civitatis

330 3735 432 3800 pro
468 3734 639 3777 novo
680 3734 849 3778 anno
893 3736 1010 3778 sex
1049 3728 1149 3799 φρ,
1200 3733 1354 3777 coco
1394 3710 1497 3776 vel
1553 3733 1751 3777 cocae
1807 3710 2062 3797 collegii
2118 3709 2417 3794 quinque,
2477 3708 2827 3794 pincernae
2871 3706 3155 3790 totidem,
3173 3717 3238 3772 25

328 3813 582 3877 tertiano
624 3820 759 3875 tres
811 3820 877 3876 et
925 3810 1177 3877 custodi
1230 3812 1439 3877 sancti
1494 3809 1745 3876 Nicolai
1801 3808 1992 3874 duos:
2053 3809 2212 3873 facit
2268 3808 2338 3871 in
2390 3816 2526 3872 toto
2583 3828 2783 3871 unum
2839 3807 3154 3872 florenum

328 3934 387 3977 m
421 3933 597 3976 aur0.

1095 4046 1188 4108 12.
1239 4059 1334 4107 nn
1372 4059 1653 4108 mmm
1692 4057 1840 4107 Non
1882 4056 2367 4106 orrannENDA.

473 4177 635 4243 Item
660 4175 886 4242 *nullus
929 4175 1417 4262 collegiatorum
1473 4173 1666 4240 debet
1717 4173 2000 4261 aliquem
2045 4173 2127 4239 de
2180 4172 2431 4239 familia
2482 4158 2740 4259 collegii
2796 4173 2906 4241 vel
2961 4175 3152 4240 etiam

333 4276 575 4343 alterius
613 4276 911 4362 magistri
948 4274 1151 4340 verbo
1208 4275 1311 4340 vel
1367 4275 1538 4339 facto
1581 4272 1925 4356 offendere,
1983 4272 2100 4339 sed
2155 4274 2211 4338 si
2269 4272 2426 4360 quid
2480 4295 2716 4339 causae
2771 4272 2876 4338 vel
2931 4272 3151 4358 displi-
3168 4282 3237 4339 30

334 4378 561 4442 centiae
599 4384 826 4441 contra
860 4374 1059 4440 talem
1099 4374 1400 4441 habuerit
1436 4372 1542 4437 vel
1582 4373 1827 4439 habere
1869 4371 2339 4460 praetenderit,
2399 4371 2524 4437 hoc
2561 4371 2735 4436 idem
2777 4374 3150 4460 praeposito

334 4476 565 4563 collegii
631 4483 985 4562 proponat,
1070 4476 1181 4563 qui
1248 4495 1515 4541 causam
1576 4471 1947 4537 huiusmodi
2011 4493 2398 4559 componere
2462 4469 2772 4537 studeat·
2821 4472 3036 4553 Quam
3097 4472 3152 4536 si

334 4574 611 4641 decidere
651 4573 758 4638 vel
802 4572 1201 4639 concordare
1242 4572 1627 4660 nequiverit,
1670 4570 1756 4635 ad
1800 4570 2138 4657 collegium
2182 4569 2477 4653 deducat,
2519 4569 2651 4652 ubi,
2697 4593 2894 4635 causa
2935 4570 3149 4635 huius-

334 4673 486 4739 modi
523 4672 765 4755 audita,
811 4672 1044 4737 ambae
1086 4680 1308 4760 partes
1353 4670 1679 4736 debebunt
1718 4679 1891 4735 stare
1936 4670 2272 4735 dictamini
2311 4670 2576 4734 maioris
2621 4671 2828 4755 partis
2874 4670 3149 4755 collegii,

336 4772 441 4839 sub
477 4794 688 4860 poena
725 4773 913 4837 unius
953 4770 1181 4837 floreni
1224 4770 1492 4857 collegio
1536 4768 2071 4835 irremissibiliter
2112 4767 2546 4855 persolvendi.
3164 4778 3230 4834 35
3321 4783 3335 4800 ‘

1020 4959 1113 5021 13.
1156 4966 1251 5019 DE
1292 4969 1724 5021 PRAEPOSITO
1765 4970 1911 5018 non
1953 4969 2440 5018 monnsrfflno.

480 5085 599 5175 [Bl.
643 5093 683 5152 4
698 5082 749 5172 ⁸]
794 5085 959 5151 Item
1015 5108 1204 5153 nemo
1259 5086 1342 5153 de
1391 5086 1639 5153 familia
1690 5083 1944 5171 collegii
1996 5086 2446 5174 praepositum
2494 5107 2615 5172 pro
2669 5093 2960 5172 tempore
3014 5084 3150 5150 exi-

340 5196 580 5254 stentem
627 5185 831 5252 verbo
872 5184 975 5252 vel
1024 5187 1195 5253 facto
1250 5185 1595 5253 molestare
1637 5207 1750 5251 seu
1804 5183 2012 5250 eidem
2069 5186 2297 5273 quovis
2337 5184 2527 5251 modo
2580 5186 2853 5250 iniurias
2909 5184 3149 5249 inferre

341 5294 706 5374 praesumat,
752 5284 872 5352 sub
917 5309 1129 5374 poena
1169 5286 1600 5352 destitutionis
1645 5296 1708 5351 et
1746 5285 2135 5372 privationis
2180 5285 2363 5350 offitii
2407 5286 2523 5350 sui.
2589 5284 2900 5351 Similiter
2936 5284 3148 5349 nullus
