4038 6358
1128 549 1302 604 Dritte
1333 551 1873 621 statutenredaetion,
1907 568 2016 606 von
2058 549 2463 608 nub—1490.
3090 552 3207 619 401

264 725 380 792 vel
442 731 834 801 notabilis
890 735 1114 819 fuerit,
1169 735 1343 824 quod
1399 735 1660 802 domum
1717 739 2057 826 propriam
2124 746 2344 802 tenere
2407 745 2471 801 et
2532 759 2855 824 expensas
2910 737 3213 825 proprias

272 851 598 896 unacum
635 836 997 920 magistro
1022 835 1127 900 vel
1146 836 1568 903 informatore
1590 839 1894 924 potuerit,
1939 838 2045 904 vel
2086 845 2472 926 paupertate
2512 853 2825 923 gravatus
2871 834 3213 902 serviendo

275 925 492 992 alicui
541 934 919 1018 magistro
959 934 1065 1000 vel
1106 935 1265 1001 alibi
1307 958 1631 1024 expensas
1671 938 1740 1001 in
1780 947 1913 1004 toto
1955 938 2061 1003 vel
2104 960 2226 1026 pro
2269 935 2615 1002 medietate
2655 939 2939 1023 potuerit
2978 933 3220 999 habere

279 1029 554 1112 gratis,
612 1029 720 1096 de
777 1056 912 1120 quo
956 1034 1150 1100 fidem
1190 1035 1487 1102 facultati
1529 1034 1651 1102 sub
1705 1059 1821 1103 suo
1871 1038 2233 1103 iuramento
2286 1058 2406 1124 per
2464 1036 2626 1101 duos
2678 1038 2855 1102 viros
2906 1033 3219 1121 ydoneos,

279 1125 550 1212 quibus
602 1129 766 1196 hoe
819 1144 1092 1218 constat,
1137 1146 1251 1200 aut
1288 1158 1408 1223 per
1451 1136 1584 1202 alia
1616 1135 1936 1222 legittima
1972 1136 2358 1204 documenta
2395 1136 2613 1202 facere
2652 1144 2966 1201 teneatur.
3272 1141 3305 1197 5

1026 1307 1083 1370 9.
1140 1320 1236 1368 nn
1280 1319 1874 1370 RESPONSIONIBUS
1913 1319 2580 1370 mmsrmnonuu.

1595 1424 1774 1488 Vergl.
1811 1421 1879 1486 X,
1917 1422 1997 1476 10.

475 1514 686 1580 Item
739 1517 970 1585 nullus
1013 1519 1389 1585 admittatur
1454 1520 1539 1586 ad
1593 1530 1989 1610 temptamen
2031 1545 2152 1609 pro
2196 1519 2408 1607 gradu
2447 1461 2811 1606 magisterii
2849 1521 2921 1585 in
2958 1519 3229 1604 artibus,

295 1615 438 1678 nisi
487 1615 850 1683 adminus
899 1627 1129 1706 quater
1168 1619 1256 1685 ad
1301 1631 1522 1708 partes
1564 1621 1964 1709 principales
2008 1631 2074 1686 et
2111 1620 2215 1686 bis
2258 1620 2345 1685 ad
2382 1620 2594 1684 minus
2629 1619 3026 1706 principales
3058 1618 3230 1686 ordi·

293 1715 498 1778 narie
571 1725 654 1781 et
738 1718 1014 1785 totidem
1087 1720 1604 1786 extraordinarie
1665 1721 1998 1807 magistris
2014 1769 2034 1804 ,
2096 1742 2138 1785 a
2192 1719 2425 1808 quibus
2486 1718 2643 1782 talis
2706 1720 3042 1807 responsio
3101 1717 3229 1785 sibi
3250 1727 3315 1784 10

301 1816 714 1900 assignata
763 1818 992 1903 fuerit,
1037 1819 1482 1908 responderit,
1524 1822 1620 1885 ita
1658 1821 1832 1909 quod
1875 1842 1918 1885 a
1958 1821 2287 1908 principio
2326 1840 2531 1906 usque
2574 1818 2658 1883 ad
2702 1819 2895 1884 finem
2935 1818 3227 1906 disputa-

306 1915 536 1982 tionis
587 1915 874 1984 ibidem
915 1920 1366 2007 permanserit,
1412 1925 1552 1988 sine
1594 1941 1796 1986 causa
1830 1918 2219 1986 racionabili
2258 1940 2391 1984 non
2428 1916 2813 1984 recedendo.

1263 2093 1356 2155 10.
1408 2104 1502 2152 m:
1545 2103 1823 2152 Annuus
1863 2085 2365 2152 necamus}

505 2217 712 2283 Item
752 2216 966 2282 nullus
999 2217 1514 2286 baccalariorum
1549 2220 1816 2285 veniens
1859 2220 1942 2285 de
1985 2219 2122 2284 alia
2160 2218 2582 2284 universitate
2630 2218 3003 2305 promoveri
3046 2209 3240 2282 debet

324 2313 416 2379 ad
467 2317 794 2402 gradum
837 2313 940 2405 [12
964 2314 1025 2405 ⁸]
1070 2321 1431 2405 magisterii
1470 2321 1540 2384 in
1585 2317 1840 2385 artibus
1857 2368 1876 2402 ,
1918 2320 2047 2385 nisi
2096 2320 2281 2406 prius
2337 2319 2585 2383 steterit
2624 2319 2695 2382 in
2736 2318 2865 2382 ista
2918 2317 3319 2382 universi-15

325 2422 476 2479 tate
527 2415 638 2480 ad
689 2418 912 2482 minus
955 2439 1073 2505 per
1116 2418 1454 2485 dimidium
1498 2441 1770 2501 annum,
1812 2430 1878 2482 et
1920 2418 2270 2483 dummodo
2318 2415 2709 2510 sufficientes
2751 2417 3241 2484 informationes

333 2511 592 2580 fecerit
650 2516 746 2582 de
789 2516 1122 2584 auditione
1161 2517 1478 2585 librorum
1517 2519 1586 2582 in
1627 2517 1756 2584 alia
1799 2517 2242 2585 universitate.
2276 2591 2283 2598 .

1082 2692 1174 2751 11.
1234 2702 1328 2750 nn
1371 2701 1892 2751 DISPUTATIONE
1934 2672 2538 2751 naccumonnu.

1612 2805 1793 2869 Vei-gl.
1830 2806 1896 2870 X,
1943 2806 2024 2857 16.

521 2899 716 2966 Item
760 2901 1008 2989 placet,
1053 2902 1229 2991 quod
1268 2901 1540 2989 quilibet
1591 2900 2000 2968 baccalarius
2046 2904 2117 2968 in
2156 2901 2407 2967 artibus
2447 2910 2703 2967 tenetur
2742 2902 2811 2967 in
2854 2901 3083 2968 ordine
3126 2923 3243 2968 suo
3260 2911 3329 2967 20

349 2997 462 3064 die
512 3000 866 3068 dominico
908 3002 1272 3089 disputare,
1324 3012 1388 3067 et
1447 3024 1590 3067 cum
1641 3003 2047 3069 intimatione
2092 3000 2359 3090 publica
2415 3025 2549 3068 non
2607 3002 2814 3068 solum
2870 3001 2959 3067 ad
3017 3001 3247 3074 valvas

362 3099 825 3189 collegiorum
886 3101 1002 3166 sed
1061 3102 1267 3166 eciam
1322 3101 1408 3166 ad
1461 3101 1728 3169 bursam
1777 3102 2138 3187 facultatis,
2203 3124 2369 3191 quae
2438 3112 2537 3168 est
2601 3102 2783 3169 locus
2837 3100 3247 3191 paedagogii.

373 3200 610 3281 Quam
657 3202 1178 3290 disputacionem
1221 3202 1505 3270 decanus
1547 3210 1800 3268 tenetur
1844 3202 1969 3268 sibi
2009 3202 2098 3269 ad
2142 3212 2287 3268 octo
2348 3201 2487 3267 dies
2546 3211 2697 3267 ante
2753 3224 2874 3290 per
2932 3202 3247 3269 famulum

362 3303 844 3369 universitatis
885 3304 1206 3367 intimare.
1289 3302 1380 3366 Et
1418 3303 1489 3367 in
1531 3301 1924 3390 disputando
1964 3303 2295 3369 ordinarie
2338 3323 2473 3367 non
2514 3303 2781 3389 capiant
2818 3305 3249 3387 quaestiones,

361 3403 499 3467 nisi
548 3404 628 3467 in
677 3402 871 3490 loyca
925 3412 990 3467 et
1040 3403 1111 3467 in
1149 3399 1563 3489 philosophia
1606 3401 1909 3485 naturali,
1948 3423 2070 3467 nec
2098 3400 2526 3490 sophismata,
2569 3402 2698 3467 nisi
2724 3402 2795 3466 in
2820 3404 3329 3487 grammatica25

367 3510 434 3564 et
456 3500 694 3589 loyca,
737 3504 834 3567 sic
863 3502 1037 3590 quod
1071 3501 1398 3567 rethorica
1438 3512 1699 3567 maneat
1739 3524 1860 3589 pro
1898 3502 2230 3589 magistris
2269 3510 2539 3588 propter
2580 3501 2843 3565 tertium
2885 3500 3241 3589 zophisma.

369 3598 510 3665 Sub
559 3624 788 3690 poena
832 3602 1056 3668 decem
1094 3623 1495 3687 grossorum,
1530 3624 1690 3689 quos
1730 3601 2011 3668 decanus
2044 3600 2163 3672 sub
2202 3623 2321 3667 suo
2362 3602 2727 3667 iuramento
2766 3610 3018 3667 tenetur
3060 3602 3238 3687 rigo-

373 3718 528 3764 rose
573 3711 970 3790 extorquere
1009 3699 1094 3766 ab
1139 3699 1385 3770 eodem.

587 3875 690 3936 12.
749 3886 844 3934 DE
888 3884 1194 3934 nonnius
1232 3885 1324 3932 ΕΤ
1365 3885 1638 3932 AETATE
1681 3884 2344 3953 PROMOVENDORUM,
2391 3884 2585 3946 QUOD
2628 3886 2703 3934 m
2742 3884 3053 3934 Examm:

1447 3984 1697 4033 Momm
1735 3985 1902 4035 LEGI
1945 3987 2203 4036 ΒΕΒΕΤ.
3262 3977 3331 4033 30

1647 4088 1766 4153 Vgl.
1803 4090 1871 4155 X,
1910 4089 1991 4141 14.

562 4187 736 4252 Item
763 4184 976 4251 nullus
1015 4184 1400 4251 admittatur
1435 4184 1522 4251 ad
1559 4195 1959 4274 temptamen
1983 4210 2106 4277 pro
2134 4184 2348 4273 gradu
2373 4186 2754 4275 magisterii,
2792 4185 2922 4251 nisi
2966 4186 3254 4273 attigerit

398 4304 644 4351 annum
677 4288 1056 4351 vicesimum
1088 4288 1373 4372 primum
1411 4294 1478 4350 et
1518 4284 1598 4351 de
1640 4286 1957 4371 legittimo
2000 4286 2413 4352 matrimonio
2451 4295 2643 4351 natus
2684 4288 2769 4350 sit
2808 4293 2873 4351 et
2913 4285 3077 4351 alias
3119 4307 3253 4350 mo-

396 4382 580 4452 ribus
625 4384 1162 4452 commendabilis
1204 4388 1479 4469 existat,
1525 4386 1620 4450 sic
1666 4384 1842 4474 quod
1883 4388 1954 4451 in
1995 4384 2170 4451 nullo
2212 4406 2489 4451 excessu
2543 4383 2819 4451 notabili
2879 4394 2945 4451 et
2999 4386 3252 4451 notorio
3302 4430 3309 4444 .

401 4482 850 4572 deprehensus
883 4486 1098 4569 fuerit,
1141 4484 1314 4572 quod
1353 4485 1433 4550 de
1470 4483 1758 4572 quolibet
1793 4507 2105 4571 seorsum,
2146 4485 2395 4551 scilicet
2441 4484 2523 4550 de
2567 4494 2780 4550 aetate
2820 4495 2886 4549 et
2926 4484 3252 4571 legittimi-
3269 4494 3335 4552 35

400 4590 532 4651 tate
547 4636 566 4670 ,
613 4596 764 4653 ante
806 4586 1265 4652 admissionem
1323 4585 1410 4651 ad
1451 4594 1849 4672 temptamen
1911 4607 2030 4673 per
2085 4584 2401 4651 decanum
2462 4583 2808 4670 diligenter
2861 4586 3247 4670 inquiratur.

406 4680 585 4763 Quos
632 4687 842 4751 eciam
885 4694 949 4751 et
991 4684 1359 4773 quemlibet,
1402 4686 1472 4748 in
1511 4683 1749 4770 aliquo,
1792 4693 1864 4749 ut
1896 4686 2351 4771 praemittitur,
2389 4704 2668 4749 excessu
2698 4683 2975 4750 notabili
2996 4688 3249 4751 notorio

410 4782 828 4872 culpabilem,
873 4784 1145 4873 quilibet
1184 4786 1646 4871 magistrorum
1703 4785 1912 4849 sciens
1969 4784 2402 4850 denuncciare
2455 4792 2519 4849 et
2566 4784 2888 4872 impedire
2932 4794 3146 4873 potest
3189 4794 3255 4850 et

409 4888 686 4949 tenetur.
771 4884 910 4949 Nec
951 4886 1158 4951 eciam
1199 4883 1352 4950 talis
1395 4884 1464 4948 in
1507 4891 1837 4971 posterum
1879 4883 2258 4949 admittatur
2273 4932 2291 4967 ,
2335 4883 2463 4948 nisi
2522 4882 2687 4954 adeo
2732 4883 3149 4950 laudabiliter
3191 4894 3256 4951 et

409 4981 690 5050 virtuose
724 5006 794 5049 se
820 4984 1086 5067 rexerit,
1123 4983 1297 5071 quod
1338 5006 1422 5049 ex
1464 4992 1797 5049 transacta
1834 4984 2130 5049 virtuosa
2172 4985 2311 5049 eius
2351 4984 2493 5048 vita
2532 4982 2616 5049 de
2658 4982 3075 5073 subsequenti
3115 4986 3252 5050 eius
3269 4994 3337 5050 40

413 5084 912 5150 conversacione
948 5082 1263 5150 laudabili
1301 5092 1772 5172 praesumatur.
1875 5082 1964 5149 Et
2013 5084 2225 5155 talem,
2270 5104 2613 5150 excessum
2666 5083 2946 5151 facultas
3005 5086 3253 5151 arcium

567 5254 590 5306 1
635 5250 746 5306 Die
778 5249 996 5305 Rubrik
1029 5242 1104 5305 i'st
1134 5249 1239 5303 mit
1271 5247 1576 5305 schwarzer
1605 5247 1776 5305 Tinte
1807 5247 2235 5322 nachgettagen.

537 5352 974 5391 ararurusucu
1009 5354 1124 5390 nnn
1158 5352 1304 5392 οων.
1336 5353 1576 5389 ummo.
2833 5344 2914 5405 26
