4038 6358
779 634 898 700 460
1770 639 1869 689 Die
1908 639 2345 704 philosophische
2379 639 2636 693 Facultit.

1441 855 1558 922 XI.
1602 851 1869 943 [Bl.16b]
1910 873 2401 928 carmulam
2432 873 2959 923 nnnncmtm.

867 1002 1203 1072 Statuta
1273 1016 1710 1073 taxatores
1771 1007 2217 1073 facultatis
2270 1008 2886 1090 concernentia,
2942 1029 3149 1095 quae
3205 1006 3330 1071 eis
3385 1004 3541 1092 legi

1031 1104 1328 1172 debent
1371 1116 1736 1194 tempore
1778 1109 2242 1173 taxationis
2286 1129 2429 1194 per
2472 1108 2907 1189 decanum,
2948 1117 3025 1172 et
3065 1115 3387 1193 tempus

1253 1219 1261 1226 '
1485 1206 1858 1271 finiendi
1912 1206 2313 1274 lectiones
2368 1217 2450 1273 et
2489 1207 2921 1273 exercitia.

696 1376 750 1432 5>
1422 1380 1473 1438 1.
1534 1390 1881 1452 QUALITER
1924 1392 2337 1440 TAXATORES
2382 1392 2657 1440 TAXARE
2699 1389 2998 1437 DEBENT.

949 1503 1191 1590 Placet,
1251 1506 1423 1594 quod
1478 1507 1545 1571 in
1597 1508 1921 1594 principio
1979 1503 2323 1573 cuiuslibet
2380 1507 2754 1572 mutationis
2795 1527 2917 1592 per
2960 1503 3277 1572 decanum
3327 1514 3393 1570 et
3433 1505 3615 1570 facul-

784 1611 983 1680 tatem
1042 1604 1364 1691 eligantur
1406 1616 1684 1691 quatuor
1723 1615 2057 1673 taxatores
2073 1657 2090 1691 ,
2135 1609 2228 1673 ita
2268 1606 2447 1696 quod
2486 1608 2615 1671 sint
2654 1614 2786 1669 tres
2829 1606 3128 1691 magistri
3171 1606 3239 1669 in
3286 1603 3514 1670 ordine
3549 1604 3620 1670 de

785 1703 1050 1769 consilio
1082 1704 1427 1787 facultatis,
1464 1706 1649 1770 iuxta
1674 1706 1966 1772 ordinem
2009 1707 2173 1772 senii
2218 1705 2533 1789 sedentes,
2580 1705 2719 1796 sine
2758 1703 3124 1771 differentia
3162 1707 3529 1788 nacionum,
3567 1714 3620 1770 et

787 1803 1069 1870 decanus
1097 1813 1397 1891 quartus3
1434 1814 1500 1870 et
1520 1806 1629 1870 isti
1662 1806 2016 1871 secundum
2055 1805 2313 1871 modum
2355 1801 2839 1892 infrascriptum
2881 1813 3112 1870 taxare
3155 1804 3418 1887 debent,
3460 1804 3620 1871 vide-

707 1912 770 1966 10
786 1900 938 1966 licet
978 1902 1150 1987 quod
1194 1926 1313 1990 pro
1354 1903 1735 1970 lectionibus
1780 1914 1845 1972 et
1889 1907 2229 1973 exerciciis
2272 1907 2593 1992 recipiant
2638 1913 2844 1971 totum
2885 1926 2927 1968 a
2969 1903 3283 1969 divitibus
3326 1915 3395 1970 et
3437 1904 3619 1970 domi·

795 2000 972 2066 cellis
1018 2011 1081 2066 et
1123 2002 1298 2087 aliis,
1354 2008 1464 2091 qui
1507 2003 1617 2069 hic
1661 2007 1793 2071 suis
1847 2007 2136 2093 propriis
2199 2014 2311 2070 aut
2373 2029 2639 2072 suorum
2694 2013 3045 2092 parentum
3060 2053 3079 2086 ,
3124 2005 3489 2070 amicorum
3530 2004 3622 2069 vel

786 2102 991 2166 eciam
1034 2101 1307 2166 aliorum
1349 2105 1691 2190 stipendiis
1742 2116 1807 2171 et
1849 2107 2156 2194 expensis
2209 2105 2505 2172 militant.
2587 2104 2694 2169 Ab
2751 2104 2897 2169 aliis
2953 2125 3140 2180 vero,
3183 2106 3297 2192 qui
3335 2105 3410 2168 in
3452 2115 3625 2193 parte

784 2201 889 2265 vel
927 2203 995 2266 in
1039 2210 1171 2267 toto
1217 2224 1287 2267 se
1328 2201 1660 2270 laboribus
1714 2228 2021 2271 manuum
2078 2229 2341 2271 suarum
2395 2214 2506 2270 aut
2565 2203 2862 2268 serviciis
2915 2204 3208 2268 nutriunt
3260 2214 3324 2269 et
3380 2213 3628 2270 susten-

790 2309 962 2384 tant,
1003 2324 1123 2388 pro
1166 2300 1551 2368 lectionibus
1591 2314 1828 2388 totum3
1886 2328 2025 2393 pro,
2048 2305 2389 2370 exerciciis
2429 2327 2613 2386 vero,
2667 2325 2786 2389 pro
2829 2311 2901 2366 ut
2943 2304 3035 2367 eis
3076 2301 3351 2368 videtur.
3444 2303 3628 2383 Quod

709 2411 769 2466 15
789 2411 1006 2466 tamen
1050 2400 1133 2466 ad
1174 2404 1527 2487 gratiosam
1573 2413 1636 2468 et
1679 2407 1836 2469 satis
1878 2404 2204 2471 modicam
2256 2404 2610 2492 peccuniae
2664 2424 2980 2470 summam
3036 2411 3265 2467 taxata
3322 2413 3504 2486 sunt,
3552 2403 3629 2468 de

786 2499 963 2566 facili
1008 2500 1091 2566 ab
1138 2523 1218 2566 ea
1257 2524 1387 2567 non
1429 2503 1753 2569 recedant.
1841 2502 1972 2569 Sed
2013 2504 2098 2570 ab
2143 2505 2401 2569 omnino
2457 2501 2856 2590 pauperibus
2872 2551 2899 2590 ,Ι
2934 2500 3255 2567 redimere
3313 2504 3630 2590 sig-netum

784 2622 826 2665 a
854 2598 1100 2665 decano
1120 2623 1249 2665 non
1270 2600 1655 2685 valentibus,
1693 2603 1892 2670 nichil
1931 2605 2190 2669 omnino
2229 2603 2566 2691 recipiant.
2651 2599 2830 2665 Idem
2874 2599 2955 2665 de
2991 2597 3251 2667 famulis
3297 2601 3627 2668 doctorum

791 2708 856 2765 et
883 2697 1342 2786 magistrorum
1377 2701 1776 2790 intelligitur,
1820 2705 1912 2768 ita
1944 2714 2162 2769 tamen
2197 2703 2369 2791 quod
2411 2700 2685 2790 quilibet
2725 2723 2948 2766 eorum
2987 2691 3114 2766 uno
3156 2701 3469 2768 fammulo
3512 2726 3629 2788 quo

791 2798 876 2863 ad
918 2798 1088 2864 hunc
1132 2821 1354 2865 casum
1399 2802 1482 2866 sit
1523 2811 1881 2868 contentus.
2720 2814 2727 2818 ’

699 2973 768 3030 20
951 2969 1012 3030 2.
1066 2983 1478 3033 TAxA'roxns
1520 2986 1843 3035 nAnsAn‘r
1885 2987 2249 3052 umnam,
2296 2986 2390 3035 An
2434 2985 2625 3047 QUAM
2661 2983 3032 3032 neroum-r
3077 2969 3478 3034 rnccmmn

1812 3086 2232 3135 comacum
2273 3087 2368 3133 nn
2414 3083 2616 3133 Tm.

958 3198 1245 3283 Placuit,
1301 3200 1474 3289 quod
1532 3200 1813 3267 decanus
1881 3212 1947 3269 et
2001 3205 2099 3269 sui
2157 3213 2491 3268 taxatores
2549 3209 2868 3288 reponant
2911 3201 3293 3288 peccuniam
3338 3225 3380 3266 a
3423 3202 3629 3267 lectio-

787 3299 980 3365 nibus
1026 3307 1090 3364 et
1132 3301 1470 3366 exerciciis
1515 3300 1846 3366 collectam
1888 3304 1955 3367 in
1995 3324 2192 3367 unam
2237 3301 2543 3384 ladulam,
2587 3324 2704 3388 per
2733 3300 3103 3366 facultatem
3148 3299 3233 3364 ad
3277 3300 3403 3366 hoc
3433 3301 3629 3389 depu-

791 3409 1013 3483 tatam,
1058 3423 1201 3465 cum
1243 3399 1450 3465 tribus
1496 3399 1787 3466 clavibus
1808 3451 1825 3485 ,
1870 3426 2037 3490 quas
2077 3402 2252 3489 apud
2297 3425 2366 3467 se
2408 3400 2691 3466 habeant
2731 3410 2863 3465 tres
2909 3401 3208 3486 magistri
3267 3409 3633 3484 taxatores;

710 3499 908 3564 25sed
950 3498 1236 3564 ladulam
1281 3501 1418 3565 sine
1461 3500 1645 3566 clave
1687 3500 1926 3567 habeat
1976 3501 2151 3589 apud
2208 3524 2276 3565 se
2335 3502 2655 3582 decanus,
2693 3508 2757 3564 et
2808 3500 3221 3587 imponantur
3278 3501 3500 3565 omnia
3543 3523 3633 3565 re·

788 3601 996 3685 gistra
1023 3598 1367 3664 lectionum
1408 3610 1472 3664 et
1514 3601 2001 3683 exerciciorum,
2044 3602 2390 3665 taxacione
2433 3601 2566 3665 suis
2610 3600 2870 3663 statutis
2914 3598 3143 3666 diebus
3184 3598 3515 3686 expedita,
3553 3599 3634 3664 ad

793 3698 1098 3782 eandem3
1156 3708 1220 3763 et
1274 3700 1653 3787 peccuniam
1711 3699 2046 3765 collectam
2103 3700 2435 3785 magistris
2491 3697 2855 3785 legentibus
2911 3708 2976 3762 et
3029 3697 3537 3786 disputantibus,
3581 3700 3632 3764 si

795 3798 1209 3885 diligenciam
1255 3794 1387 3863 s'uis
1426 3798 1683 3863 actibus
1730 3799 2167 3883 adhibuerint,
2211 3799 2487 3865 fideliter
2532 3820 2647 3863 suo
2685 3808 2977 3885 tempore
3019 3807 3456 3886 praesentent.
3526 3802 3535 3811 ‘

704 3974 774 4030 30
957 3971 1012 4033 3.
1059 3981 1470 4030 ΤΑΧΔΤΟΒΕΒ
1509 3981 1655 4031 NON
1697 3983 1978 4031 DEBENT
2023 3978 2363 4031 REGIPERE
2407 3979 2984 4046 REOOGNICIONES,
3030 3980 3161 4028 SED
3194 3980 3478 4028 REALEM

1556 4082 2030 4147 SOLUCIONEM3
2088 4083 2179 4129 ΕΤ
2220 4082 2317 4128 DE
2363 4081 2583 4128 PASTU
2627 4080 2889 4129 EORUM-

960 4197 1324 4265 Taxatores
1393 4199 1677 4264 habeant
1745 4198 1827 4264 de
1895 4197 2183 4286 qualibet
2255 4196 2522 4282 antiqua
2594 4216 2924 4281 sexagena
2981 4216 3100 4281 pro
3154 4203 3312 4259 taxa
3372 4194 3638 4259 collecta

796 4318 994 4361 unum
1024 4321 1322 4382 grossum
1360 4322 1481 4387 pro
1525 4322 1641 4364 suo
1684 4297 1906 4363 labore
1949 4300 2135 4362 iuxta
2182 4297 2517 4382 antiquum
2560 4316 2806 4359 morem
2847 4292 3159 4359 hactenus
3204 4292 3637 4359 observatum.

790 4395 879 4461 Et
937 4420 1342 4486 nequaquam
1398 4400 1719 4487 recipiant
1792 4398 2281 4483 recogniciones
2347 4395 2807 4480 magistrorum
2869 4415 2991 4480 pro
3052 4391 3386 4458 celerata¹
3450 4394 3636 4458 satis·

790 4496 1093 4580 factione,
1139 4496 1254 4562 sed
1286 4497 1530 4563 realem
1553 4499 1906 4586 peccuniae
1929 4496 2466 4562 numeracionem.
2543 4492 2613 4559 Si
2659 4502 2873 4557 autem
2917 4493 3309 4557 contrarium
3349 4493 3636 4575 fecerint,

710 4604 776 4661 35
798 4595 878 4659 de
912 4619 1031 4661 sua
1060 4598 1333 4684 propria
1371 4599 1686 4685 peccunia
1727 4596 2080 4665 lectoribus
2124 4607 2188 4661 et
2231 4592 2686 4659 exercentibus
2734 4592 3159 4675 satisfaciant,
3201 4601 3264 4658 et
3304 4590 3478 4658 ultra
3519 4592 3639 4658 hoc

794 4694 1143 4762 arbitraris
1185 4719 1302 4784 per
1349 4697 1718 4763 facultatem
1762 4698 2134 4784 puniantur.

1755 4869 1811 4929 4.
1850 4879 1945 4927 DE
1990 4878 2320 4927 TEMPORE
2365 4876 2694 4926 'rAxANDL

968 4992 1210 5061 Statuit
1245 4994 1521 5061 facultas
1565 4998 1814 5062 arcium
1825 5046 1844 5081 ,
1887 4994 2061 5081 quod
2105 4993 2391 5059 decanus
2434 5016 2578 5058 cum
2623 4992 2759 5058 suis
2799 4989 3209 5056 taxatoribus
3251 4992 3640 5056 conveniant

798 5093 884 5160 ad
929 5094 1286 5161 taxandum
1347 5094 1656 5161 lectiones
1713 5105 1778 5161 et
1846 5095 2172 5161 exercicia
2225 5094 2293 5157 in
2344 5091 2633 5181 qualibet
2681 5091 3049 5156 mutacione
3109 5086 3277 5178 [17⁸]
3338 5089 3638 5156 adminus

968 5315 992 5368 1
1028 5309 1402 5371 Gesehrieben
1436 5311 1584 5368 steht
1617 5310 1886 5367 colorata.
