4038 6358
1165 641 1354 695 Fiinste
1388 644 1912 710 Statutenredaetiou‚
1949 661 2072 696 vom
2107 645 2272 697 Jahn-e
2309 645 2450 699 1507.
3129 641 3241 710 491

902 828 959 894 6.
1020 844 1140 906 qm
1183 845 1374 894 mam
1415 845 1728 896 Possum*
1770 847 1908 897 ruo
1951 847 2441 897 cenomanum
2487 845 2745 894 Aumm.

559 958 803 1025 Volens
848 959 1073 1026 audire
1110 960 1313 1028 libros
1358 985 1477 1049 pro
1539 962 1753 1049 gradu
1817 963 2300 1030 baccalariatus
2366 961 2563 1028 debet
2616 960 2842 1026 audire
2899 960 3240 1028 dumtaxat

349 1054 561 1124 duas
601 1058 909 1126 lectiones
954 1084 1075 1149 pro
1119 1085 1250 1127 una
1289 1063 1434 1127 vice
1478 1063 1545 1126 in
1591 1062 1717 1144 die,
1760 1073 1825 1129 et
1865 1088 1993 1130 non
2037 1063 2279 1151 plures.
2364 1062 2612 1126 Poterit
2654 1070 2871 1127 tamen
2923 1083 3244 1147 gramma-

349 1158 595 1224 ticam
639 1182 1059 1243 communem,
1104 1162 1369 1228 Petrum
1411 1162 1776 1248 Hispanum
1811 1177 1874 1228 et
1903 1187 2164 1250 speram
2195 1161 2617 1240 materialem,
2665 1184 2829 1247 quae
2863 1184 3244 1226 concurren-

349 1266 482 1322 tes
535 1258 856 1342 dicuntur,
900 1283 1020 1347 pro
1065 1262 1269 1326 tercia
1307 1261 1553 1343 audire,
1599 1263 1886 1350 qualibet
1927 1263 2280 1329 mutatione
2308 1283 2525 1344 unam,
2569 1260 2870 1325 videlicet
2914 1261 2984 1325 in
3010 1259 3237 1325 tabula
3297 1269 3330 1324 5

360 1357 872 1445 completionis.

566 1457 699 1524 Sed
742 1459 1074 1547 complens
1118 1482 1239 1547 pro
1283 1461 1661 1546 magisterio
1708 1485 1839 1527 non
1882 1463 2125 1548 poterit
2167 1462 2247 1527 de
2272 1461 2379 1526 die
2419 1461 2537 1527 sub
2565 1460 2886 1526 distinctis
2916 1459 3092 1525 horis
3123 1451 3248 1525 nisi

363 1566 531 1623 tres
578 1556 805 1623 audire
851 1557 1191 1641 lectiones,
1265 1558 1545 1647 demptis
1591 1571 1807 1627 tamen
1863 1561 2425 1644 concurrentibuS,
2513 1572 2674 1648 puta
2725 1560 2931 1625 veteri
2989 1568 3129 1623 arte
3187 1569 3252 1624 et

369 1660 787 1746 topicorum,
831 1657 1134 1723 theoricis
1179 1658 1605 1747 planetarum,
1646 1662 2054 1727 arithmetica
2098 1662 2438 1741 communi,
2496 1661 2744 1726 musica
2800 1659 3007 1724 Muris
3048 1669 3116 1723 et
3154 1681 3250 1723 re-

367 1756 651 1823 thorica
691 1756 890 1822 Tullii
934 1768 1047 1824 aut
1087 1758 1479 1841 Aristotelis,
1524 1782 1792 1845 quarum
1842 1760 2198 1849 quamlibet
2250 1785 2370 1849 pro
2429 1771 2663 1850 quarta
2708 1782 2824 1847 per
2866 1780 3072 1824 unam
3115 1782 3247 1823 mu-
3272 1768 3334 1824 10

371 1858 711 1922 tationem
749 1858 933 1923 iuxta
976 1856 1235 1924 tabulae
1280 1858 1725 1946 completionis
1772 1860 2176 1947 signaturam
2220 1858 2448 1926 audire
2489 1863 2742 1947 poterit.

377 2043 450 2102 7.
520 2057 616 2104 DE
676 2056 875 2106 MODO
923 2059 1265 2107 AUDIENDI
1307 2060 1698 2109 LECTIONES
1741 2062 1831 2108 ΕΤ
1875 2061 2276 2126 EXERCICIA,
2339 2062 2430 2109 ΕΤ
2471 2059 2660 2120 QUOT
2709 2059 2836 2108 SUB
2882 2059 3020 2109 UNA
3063 2059 3252 2107 HORA

1319 2227 1326 2232 ὓ
1421 2160 1577 2220 QUIS
1619 2160 1878 2209 AUDIRE
1925 2160 2251 2208 POTERIT.

578 2271 815 2338 Modus
860 2273 1168 2339 audiendi
1209 2273 1514 2341 lectiones
1559 2286 1622 2340 et
1663 2276 1986 2339 exercicia
2045 2278 2169 2341 erit
2221 2275 2390 2341 talis.
2481 2273 2771 2355 Quilibet
2823 2273 3091 2341 audiens
3138 2274 3253 2340 ali-

393 2394 600 2458 quam
643 2372 984 2439 lectionem
1026 2397 1146 2461 pro
1189 2374 1400 2461 gradu
1440 2376 1508 2439 in
1577 2373 1856 2456 artibus,
1927 2377 2219 2461 exceptis
2273 2373 2934 2458 mathematicalibuS,
2998 2383 3250 2440 tenetur
3275 2385 3335 2440 15

395 2493 551 2536 eam
601 2471 832 2537 audire
875 2474 944 2537 in
982 2472 1149 2538 libro
1196 2476 1308 2561 qui
1350 2475 1585 2561 legitur
1628 2497 1772 2539 cum
1818 2473 2173 2559 diligentia,
2217 2476 2311 2538 ita
2355 2472 2574 2560 quod¹
2617 2483 2868 2539 textum
2913 2475 3251 2561 proprium

397 2581 520 2635 aut
561 2570 1116 2637 accommodatum
1163 2596 1380 2638 secum
1422 2583 1714 2660 tempore
1766 2573 2063 2640 lectionis
2115 2572 2356 2638 habeat
2438 2583 2503 2638 et
2555 2572 2728 2662 quod
2786 2575 2925 2638 sine
2971 2574 3252 2639 rationa-

395 2668 525 2734 bili
568 2691 801 2754 causa,
858 2670 1177 2758 legittimo
1221 2683 1515 2738 cessante
1556 2673 2050 2760 impedimento,
2107 2672 2352 2738 nullam
2391 2671 2749 2754 lectionem,
2791 2694 2984 2757 quam
3029 2673 3253 2738 audire

401 2768 653 2852 debuit,
695 2779 809 2836 aut
852 2773 1263 2855 exercitium,
1307 2774 1374 2837 in
1420 2795 1545 2859 quo
1589 2783 1763 2837 stare
1808 2772 2060 2856 debuit,
2112 2773 2432 2859 neglexit,
2497 2795 2537 2836 a
2581 2774 2783 2838 tercia
2825 2772 3101 2837 lectione
3144 2781 3254 2836 aut

404 2870 724 2935 exercitio
769 2870 854 2935 ab
896 2871 1263 2958 inceptione
1306 2870 1621 2936 librorum
1658 2871 2061 2961 incipiend03
2117 2881 2181 2937 et
2223 2883 2787 2959 quantumcunque
2830 2872 3070 2959 potuit,
3118 2872 3336 2936 sine20

403 2967 558 3033 dolo
602 2977 667 3032 et
699 2969 931 3035 fraude
973 2992 1015 3034 a
1056 2971 1379 3057 principio
1432 2994 1638 3058 usque
1693 2971 1778 3038 ad
1832 2972 2027 3037 finem
2081 2971 2474 3059 permansit,
2563 2994 2683 3036 nec
2738 2971 2856 3035 sub
2911 2993 3040 3036 una
3092 2971 3255 3037 hora

404 3067 575 3133 duas
616 3067 924 3134 lectiones
968 3079 1081 3134 aut
1127 3069 1253 3135 duo
1305 3073 1633 3137 exercicia
1698 3070 1955 3154 habuit3
2037 3072 2331 3156 quotiens
2399 3079 2611 3135 autem
2676 3071 3070 3135 exercicium
3146 3079 3257 3135 aut

403 3166 753 3233 lectionem
796 3168 935 3234 sive
969 3168 1277 3237 lectiones
1320 3171 1644 3257 neglexit,
1710 3171 1814 3237 vel
1873 3195 1912 3236 a
1965 3171 2290 3258 principio
2333 3192 2536 3255 usque
2576 3169 2661 3236 ad
2704 3170 2896 3236 finem
2937 3194 3066 3236 non
3109 3194 3254 3259 per-

405 3269 666 3349 mansit,
711 3278 774 3332 et
816 3291 1037 3334 omnes
1078 3270 1240 3336 alios
1285 3269 1572 3336 defectus
1616 3295 1763 3337 suos
1808 3270 2001 3335 debet
2039 3272 2107 3335 in
2152 3269 2415 3335 scedula
2451 3293 2711 3335 suorum
2757 3280 3036 3339 actuum.
3100 3279 3255 3334 tem·

405 3389 569 3453 pore
611 3366 1113 3453 dispensationis
1158 3369 1672 3456 praesentanda,
1742 3393 1885 3435 cum
1932 3391 2170 3452 causa,
2240 3371 2296 3433 si
2340 3390 2533 3453 quam
2579 3368 2803 3451 habet,
2850 3368 3338 3433 conscriberem

406 3477 474 3530 et
509 3467 894 3554 exprimere,
938 3477 1001 3533 et
1043 3467 1323 3556 desuper
1366 3469 1914 3556 dispensationem
1960 3478 2216 3556 petere,
2271 3477 2342 3531 ut
2385 3466 2738 3532 secundum
2780 3466 3253 3531 multitudinem

409 3563 516 3654 [34
533 3563 584 3653 ⁸]
623 3577 687 3630 et
731 3568 1122 3653 paucitatem
1164 3568 1740 3655 negligentiarum,
1790 3567 2153 3632 defectuum
2200 3588 2277 3631 ac
2320 3588 2682 3648 causarum,
2727 3567 2782 3630 si
2834 3588 2995 3653 quos
3037 3564 3254 3647 habet,

407 3666 707 3752 magistri
736 3665 961 3732 videre
1002 3669 1273 3754 possint,
1317 3692 1401 3734 an
1446 3673 1529 3733 sit
1572 3691 1788 3732 secum
1831 3666 2059 3731 merito
2103 3665 2631 3752 dispensandum.
2686 3665 3013 3752 Reputant
3040 3674 3254 3729 autem

407 3766 729 3852 magistri,
771 3765 1154 3851 legittimum
1198 3768 1728 3855 impedimentum
1770 3766 1910 3830 fore
1952 3766 2391 3829 infirmitatem
2438 3773 2554 3828 aut
2588 3763 2715 3829 loci
2755 3763 3130 3829 absenciam
3174 3787 3257 3829 ex

407 3864 780 3931 rationabili
824 3887 1023 3933 causa
1065 3865 1170 3932 vel
1211 3866 1457 3952 aliquid
1499 3866 1678 3932 aliud
1720 3889 1839 3953 per
1876 3864 2251 3930 facultatem
2308 3862 2826 3951 approbandum.
3271 3872 3339 3928 30

727 4071 785 4134 8.
828 4084 923 4131 DE
977 4082 1275 4132 STANTIA
1311 4084 1385 4131 m
1424 4082 1626 4131 LOCIS
1674 4083 1801 4132 SEU
1844 4081 2084 4130 BURSIS
2122 4081 2554 4130 APPROBATIS
2595 4081 2941 4129 HABENDA.

572 4198 832 4264 Placuit
875 4208 938 4264 et
980 4198 1064 4265 ab
1110 4201 1376 4287 antiquo
1424 4208 1732 4264 statutum
1775 4208 1901 4281 est,
1960 4197 2133 4286 quod
2174 4196 2384 4262 nullus
2429 4195 2809 4262 admittatur
2853 4196 2939 4261 ad
2983 4220 3259 4263 examen

407 4322 529 4387 pro
573 4298 788 4384 aliquo
832 4297 1046 4386 gradu
1077 4300 1148 4364 in
1192 4299 1465 4381 artibus,
1523 4300 1650 4363 nisi
1685 4301 1752 4362 in
1796 4297 2065 4384 collegio
2108 4306 2223 4362 aut
2263 4295 2479 4360 bursis
2527 4296 2910 4385 approbatis
2954 4300 3255 4363 continue

408 4400 678 4480 steterit,
726 4397 944 4486 ibique
988 4398 1056 4464 in
1100 4398 1506 4467 scholasticis
1556 4398 1811 4463 actibus
1854 4395 2269 4476 latinisando,
2314 4395 2646 4482 arguendo
2697 4406 2760 4460 et
2805 4397 3257 4487 respondendo

407 4498 753 4585 diligenter
791 4498 860 4562 in
902 4497 1130 4562 ordine
1177 4521 1292 4563 suo
1336 4521 1477 4563 sese
1504 4498 1982 4579 exercitaverit,
2026 4505 2368 4584 ceteraque
2411 4494 2668 4581 collegii
2711 4505 2825 4560 aut
2865 4495 3103 4562 bursae
3146 4507 3340 4585 ap-35

407 4586 725 4684 probatae
765 4598 910 4665 iura
949 4606 1021 4662 ut
1061 4620 1258 4662 verus
1299 4598 1647 4687 inquilinus
1689 4621 1807 4685 per
1852 4620 1920 4662 se
1963 4598 2271 4679 tenuerit3
2338 4596 2465 4659 nisi
2518 4594 2695 4659 filius
2741 4595 3022 4660 civitatis
3067 4596 3261 4662 fuerit

405 4695 510 4762 vel
555 4696 719 4761 alias
762 4695 923 4763 adeo
967 4695 1354 4763 habundans
1396 4708 1460 4763 et
1500 4696 1842 4779 notabiIiS,
1909 4695 2086 4784 quod
2146 4694 2405 4761 domum
2449 4697 2789 4781 propriam
2829 4711 2893 4759 et
2932 4718 3256 4782 expensas

408 4798 715 4884 proprias
759 4804 979 4861 tenere
1023 4820 1154 4861 una
1197 4820 1344 4862 cum
1390 4798 1703 4883 magistro
1750 4795 1855 4861 vel
1897 4796 2318 4861 informatore
2334 4843 2352 4875 ,
2424 4791 2526 4858 vel
2585 4802 2970 4880 paupertate
3025 4818 3257 4880 grava-

406 4904 509 4960 tus
556 4894 899 4960 serviendo
940 4894 1135 4960 alicui
1178 4896 1494 4983 magistro
1535 4896 1640 4961 vel
1681 4895 1840 4965 alibi
1893 4914 2217 4982 expensas
2271 4896 2338 4958 in
2388 4902 2523 4958 toto
2575 4891 2681 4957 vel
2732 4916 2851 4979 pro
2909 4893 3255 4960 medietate

580 5148 603 5199 1
650 5140 976 5215 Eigentlich
1015 5141 1163 5197 steht
1194 5143 1379 5213 itaque
1412 5141 1811 5215 geschrieben3
1862 5141 1998 5197 aber
2045 5142 2143 5196 der
2182 5139 2479 5213 Vergleich
2521 5140 2623 5195 mit
2675 5140 2783 5196 den
2817 5141 3257 5199 Parallelstellen

407 5227 566 5293 lehi-t,
601 5228 732 5281 dass
761 5228 846 5281 ita
870 5228 1026 5296 quod
1061 5244 1132 5280 zu
1173 5225 1322 5281 lesen
1359 5227 1454 5295 sei,
1489 5244 1543 5284 u.
1583 5226 1727 5281 auch
1765 5226 1886 5282 hier
1918 5226 1992 5281 ist
2028 5226 2297 5282 zwischen
2330 5228 2416 5281 ¹ita
2456 5245 2513 5281 u.
2547 5226 2646 5281 der
2665 5226 3016 5298 Abkiirzung
3049 5227 3141 5283 fiir
3161 5247 3264 5299 que

405 5312 496 5367 ein
529 5310 1040 5383 Trennungsstrich
1074 5315 1300 5381 gesetzt.
