4038 6358
914 646 1037 708 470
1893 640 1994 692 Die
2031 639 2470 703 philosophische
2502 639 2757 692 Facultffit.

912 825 1121 890 victus
1159 822 1261 887 vel
1306 823 1656 904 confessus,
1698 821 1802 888 vel
1847 844 1964 908 per
2008 828 2463 888 conventorem
2504 829 2778 909 propter
2818 819 2991 888 hunc
3018 817 3125 884 vel
3165 815 3511 906 quemlibet
3550 817 3755 883 alium

912 944 1251 988 excessum
1291 920 1372 986 de
1415 920 1616 986 bursa
1657 943 1778 986 sua
1821 920 2130 1008 expulsus
2171 920 2395 1002 filex-it,
2450 918 2557 984 vel
2597 920 2664 984 in
2706 917 3063 1007 prostibulo
3104 915 3212 982 vel
3256 925 3445 981 extra
3495 916 3755 1004 publice

913 1044 981 1086 se
1023 1022 1445 1109 percusserit,
1498 1020 1601 1085 vel
1643 1020 1740 1086 ibi
1779 1020 2154 1085 vulneratus
2196 1042 2280 1085 ex
2331 1017 2528 1105 culpa
2583 1040 2703 1084 sua
2753 1018 2950 1083 fuerit
2990 1025 3220 1104 captus
3261 1014 3367 1080 vel
3407 1015 3749 1103 deprehen-

909 1144 1039 1204 sus,
1077 1121 1185 1186 vel
1227 1121 1339 1208 qui
1375 1119 1466 1186 ad
1508 1119 1774 1185 taxillos
1829 1123 1895 1184 in
1935 1118 2226 1188 tabernis
2272 1116 2530 1205 publice
2585 1115 2843 1198 luserit,
2900 1115 3007 1183 vel
3046 1114 3468 1181 hastiludium
3504 1117 3567 1180 in
3598 1116 3752 1180 foro

827 1230 860 1286 5
912 1219 1173 1308 publice
1228 1219 1610 1302 exercuerit,
1666 1218 1770 1283 vel
1825 1220 1935 1303 qui
1988 1217 2210 1283 verbis
2266 1217 2592 1283 iniuriosis
2652 1215 2932 1306 aliquem
2986 1217 3449 1301 magistrorum
3501 1213 3754 1301 publice

912 1320 1196 1402 laeserit,
1238 1318 1340 1384 vel
1380 1319 1596 1406 ipsum
1638 1318 1948 1386 iniuriose
1991 1318 2406 1404 percusserit,
2450 1314 2554 1380 vel
2589 1315 2832 1382 furtum
2876 1313 2981 1381 vel
3020 1314 3184 1382 alios
3228 1336 3549 1397 excessus,
3586 1337 3753 1402 quos

912 1419 1251 1485 comitatur
1311 1417 1582 1481 infamia
1638 1416 1744 1481 vel
1810 1415 2219 1497 scandalum,
2279 1416 2673 1482 commiserit
2725 1412 2831 1479 vel
2890 1415 3384 1502 perpetraverit.
3468 1412 3753 1494 Quorum

909 1516 1122 1582 nullus
1164 1518 1386 1598 eciam,
1442 1517 1496 1580 si
1542 1514 1622 1580 de
1666 1514 1882 1603 aliquo
1933 1515 2415 1602 praedictorum
2459 1536 2840 1580 excessuum
2883 1523 3225 1601 suspectus
3270 1512 3375 1578 vel
3413 1512 3751 1578 infamatus

909 1617 1134 1698 fuerit,
1185 1617 1313 1681 nisi
1354 1615 1435 1680 de
1480 1615 1596 1680 tali
1653 1636 1768 1702 per
1812 1637 1998 1680 suum
2036 1616 2468 1680 iuramentum
2512 1617 2612 1681 se¹
2656 1615 3154 1701 expurgaverit,
3208 1612 3298 1678 ad
3340 1633 3601 1678 examen
3642 1610 3749 1677 vel

831 1727 895 1783 10
911 1724 1325 1804 temptamen,
1368 1715 1464 1780 uti
1507 1716 1939 1802 praemissum
1977 1724 2094 1796 est,
2139 1713 2355 1801 aliquo
2397 1713 2590 1779 modo
2636 1711 3033 1778 admittatur.

1534 1938 1634 1999 21.
1680 1949 1775 1997 nn
1820 1949 2085 1997 marm
2132 1950 2666 2000 surposrroatm
2706 1950 2781 1997 m
2820 1933 3159 1997 luz'nnus.⁸

1071 2101 1300 2168 Nullus
1357 2098 1834 2186 promovendus
1875 2100 1944 2164 in
1987 2098 2258 2181 artibus,
2318 2101 2459 2166 sive
2515 2101 2601 2164 sit
2642 2097 3051 2164 baccalarius
3105 2100 3245 2163 sive
3306 2096 3576 2183 sim131e1
3615 2106 3745 2162 stu·

906 2202 1085 2284 dens,
1125 2222 1285 2288 *cum
1344 2198 1643 2264 rostratis
1696 2197 1951 2280 calceis,
2007 2197 2285 2264 colleriis
2345 2197 2716 2266 cancellatis
2775 2197 3111 2264 inhoneste
3172 2195 3465 2279 incedat,
3518 2219 3629 2264 nec
3676 2200 3741 2263 in

903 2299 1206 2365 tunicella
1245 2298 1348 2363 vel
1401 2297 1634 2384 palle0,
1684 2299 1795 2385 qui
1837 2320 1966 2362 non
2008 2297 2427 2383 progreditur
2467 2298 2640 2364 ultra
2679 2320 2911 2386 genua,
2965 2307 3079 2362 aut
3119 2295 3283 2362 alias
3326 2306 3535 2366 vestes
3572 2296 3742 2366 indn-

826 2409 889 2465 15
908 2409 1128 2464 centes
1172 2398 1452 2480 deferat,
1516 2394 1619 2484 [22
1634 2393 1685 2483 ⁸]
1728 2418 1937 2483 neque
1990 2406 2205 2483 portet
2247 2397 2495 2483 caligas
2538 2408 2650 2463 aut
2690 2398 2979 2462 manicas
3020 2395 3313 2483 depictas
3356 2394 3460 2460 vel
3509 2395 3739 2462 florisa·

903 2512 1026 2582 tas,
1080 2498 1372 2562 Biretum
1429 2492 1768 2582 [fuscum]²
1811 2497 2038 2578 eciam,
2094 2495 2268 2583 quod
2325 2498 2715 2584 insignium³
2768 2507 2867 2562 est
2922 2495 3317 2583 magistrale,
3375 2495 3444 2559 in
3494 2495 3741 2583 publico

899 2618 1308 2685 nequaquam
1351 2605 1582 2683 portet.
1670 2592 1740 2659 Si
1784 2596 1929 2681 quis
1969 2605 2187 2659 autem
2229 2597 2624 2661 contrarium
2664 2596 2894 2661 fecerit
2947 2606 3060 2660 aut
3112 2596 3327 2660 facere
3379 2617 3733 2682 praesump-

902 2699 1088 2778 serit,
1149 2695 1485 2760 inhoneste
1525 2692 1883 2758 incedendo
1928 2703 1992 2758 et
2048 2694 2381 2780 prohibita
2438 2695 2806 2777 deferendo,
2861 2694 3055 2760 talem
3099 2692 3373 2781 quilibet
3413 2696 3737 2780 magistro·

887 2818 1047 2880 ⁸rum
1087 2817 1162 2860 eo
1205 2804 1514 2880 tempore,
1561 2814 1687 2879 quo
1731 2791 2009 2878 aliquem
2058 2793 2334 2877 gradum
2377 2803 2596 2881 petere
2640 2805 2751 2860 aut
2793 2816 3121 2860 assumere
3163 2792 3471 2877 voluerit,
3514 2793 3733 2860 denun-

815 2904 886 2960 20
906 2897 1081 2961 ciare
1123 2905 1235 2960 aut
1275 2892 1591 2981 impedire
1633 2900 1851 2978 potest
1891 2902 1954 2957 et
1995 2902 2279 2976 tenetur3
2326 2901 2390 2958 et
2430 2895 2556 2959 nisi
2596 2916 2667 2960 se
2692 2893 3151 2976 emendaverit,
3193 2894 3288 2958 ita
3321 2893 3494 2980 quod
3518 2895 3735 2958 vesu'tu

901 2995 1156 3061 decenti
1215 2993 1505 3074 incedat,
1569 2993 1705 3056 vita
1770 3001 1833 3055 et
1895 2992 2184 3057 moribus
2249 2993 2491 3058 existat
2554 2992 3120 3075 commendandus,
3184 2991 3271 3058 ad
3337 3014 3609 3059 examen
3638 2991 3732 3056 vel

901 3102 1295 3181 temptamen
1333 3114 1446 3158 suo
1489 3100 1781 3177 tempore
1821 3112 1952 3156 non
1992 3090 2389 3159 admittatur.

1484 3313 1580 3375 22.
1623 3327 1718 3374 DE
1765 3327 2059 3375 sunem
2100 3327 2733 3378 Pnonovsunonuu
2766 3329 2840 3377 m
2878 3314 3171 3381 mmsls.⁴

1064 3475 1293 3542 Nullus
1336 3474 1875 3561 promovendus
1857 3499 1924 3541 m
1967 3475 2217 3543 artibus
2273 3476 2359 3544 ad
2419 3499 2696 3543 examen
2738 3477 2845 3543 vel
2898 3487 3297 3566 temptamen
3352 3477 3731 3558 admittatur,

812 3587 880 3645 23
899 3579 1024 3644 nisi
1066 3579 1136 3642 in
1178 3573 1469 3660 collegiis
1512 3584 1624 3638 aut
1675 3573 1890 3640 bursis
1948 3598 1989 3640 a
2038 3575 2347 3641 facultate
2405 3576 2791 3665 approbatis
2845 3580 3146 3645 continue
3200 3580 3481 3661 steterit,
3535 3577 3733 3664 ibique

896 3679 965 3744 in
1022 3675 1379 3742 scolasticis
1434 3672 1686 3739 actibus
1737 3672 2159 3757 latinizandO,
2214 3676 2568 3761 arguendo,
2627 3676 3022 3765 disputando
3064 3687 3130 3743 et
3172 3677 3563 3793 opponendo
3609 3674 3731 3743 dili·

898 3776 1164 3864 gencius
1219 3775 1289 3839 in
1334 3773 1562 3841 ordine
1620 3796 1733 3839 suo
1778 3775 2269 3856 exercitaverit,
2328 3784 2670 3863 ceteraque
2726 3775 2985 3862 collegii
3030 3787 3142 3842 aut
3196 3776 3437 3843 bursae
3488 3779 3633 3844 iura
3671 3786 3733 3842 ut

896 3897 1091 3940 verus
1144 3873 1493 3960 inquilinus
1550 3894 1669 3959 per
1713 3894 1783 3937 se
1840 3876 2148 3955 tenuerit3
2207 3874 2334 3939 nisi
2393 3874 2565 3942 filius
2618 3877 2904 3941 civitatis
2960 3878 3154 3943 fuerit
3208 3877 3313 3943 vel
3370 3877 3537 3945 alias
3590 3876 3731 3943 adeo

896 3972 1284 4040 habundans
1324 3971 1429 4037 vel
1471 3970 1796 4053 notabilis,
1842 3972 2018 4059 quod
2064 3972 2324 4037 domum
2366 3977 2702 4062 propriam
2732 3987 2954 4042 tenere
2980 3988 3043 4041 et
3078 4000 3403 4065 expensas
3448 3979 3730 4065 proprias

813 4085 1029 4141 Souna
1089 4094 1235 4137 cum
1293 4071 1605 4157 magistro
1664 4071 1770 4136 vel
1833 4070 2254 4137 informatore
2310 4076 2582 4160 poterit-'²
2636 4074 2877 4140 habere
2939 4078 3164 4165 gratis,
3231 4076 3311 4142 de
3373 4099 3501 4165 quo
3560 4076 3731 4141 fidem

895 4171 1188 4238 facultati
1246 4170 1367 4235 sub
1423 4193 1536 4235 suo
1591 4171 1949 4235 iuramento
2007 4193 2126 4257 per
2184 4171 2348 4238 duos
2405 4175 2582 4238 viros
2640 4173 2941 4260 idoneos,
3001 4175 3236 4264 quibus
3291 4176 3416 4243 hoc
3478 4184 3729 4257 constat,

896 4274 1036 4338 sive
1090 4292 1208 4357 per
1252 4268 1382 4334 alia
1436 4269 1757 4355 legittima
1812 4269 2201 4336 documenta
2255 4271 2470 4337 facere
2522 4283 2835 4341 teneatur.
2914 4275 3005 4340 Et
3057 4286 3129 4341 ut
3185 4287 3485 4343 constare
3541 4278 3729 4365 possit

896 4371 977 4439 de
1035 4369 1286 4435 stancia
1338 4378 1402 4432 et
1455 4367 1709 4433 iuribus
1761 4367 2134 4435 bursalibus
2181 4369 2576 4455 observatis,
2636 4372 2827 4439 debet
2882 4385 3173 4462 tempore
3231 4375 3727 4463 dispensacionis

895 4471 1172 4556 desuper
1216 4466 1525 4534 exhibere
1565 4470 2081 4554 recognicionem
2125 4470 2225 4534 sui
2278 4473 2690 4538 conventoris
2731 4472 2837 4538 vel
2884 4484 3365 4557 conventorum,
3418 4498 3572 4541 cum
3622 4497 3726 4564 quo

811 4583 878 4640 35
895 4568 1000 4636 vel
1045 4567 1277 4656 quibus
1321 4568 1593 4632 steterit.

1067 4838 1090 4888 1
1129 4850 1187 4888 se
1219 4831 1373 4888 fehlt.

1063 4922 1095 4972 2
1115 4921 1347 4987 fuscum
1378 4915 1452 4970 ist
1483 4915 1621 4972 iiber
1650 4916 1750 4972 der
1783 4916 1934 4973 Zeile
1968 4915 2398 4991 nachgetragen

1062 5006 1093 5056 3
1132 5001 1263 5072 Vgl.
1303 5007 1475 5056 unten
1508 5001 1661 5071 XIV,
1705 5007 1782 5070 17,
1817 5000 1900 5056 Bl.
1935 5004 2053 5060 25¹³.

1057 5084 1493 5141 4AmRande:
1538 5085 3534 5157 Hickqamraeeundwmaurtimotammiunovaoraenaoiom.

1061 5173 1091 5223 5
1127 5167 1266 5224 Hier
1296 5168 1370 5224 ist
1403 5169 1492 5225 ein
1527 5168 1657 5235 ,Satz
1691 5170 2054 5244 ausgefallen,
2086 5172 2198 5244 vgl.
2233 5179 2405 5229 unten
2442 5190 2513 5227 zu
2548 5173 2705 5243 xlv,
2743 5180 2792 5231 7.
