4038 6358
884 653 1007 719 434
1841 650 1947 705 Dic
1982 649 2419 720 memphi-012·
2441 652 2697 707 :Mm-

1608 982 1613 987 ·
1702 949 1784 1016 Π.
1840 964 2349 1053 cAr1‘run1m
2385 964 2868 1018 sacculum.

1043 1113 1369 1181 Statuta
1412 1113 2299 1183 decanumfacultatis
2341 1119 2651 1183 arcium
2703 1125 2783 1182 et
2833 1114 3112 1202 ipsius
3163 1114 3533 1180 officium

1339 1216 1962 1299 concernencia,
2004 1237 2204 1304 quae
2245 1238 2388 1303 per
2431 1238 2515 1281 se
2556 1215 2869 1303 legisse
2908 1223 3259 1280 tenetur.

1028 1421 1082 1482 1.
1127 1431 1411 1494 Qnmno
1454 1432 1770 1481 nncmus
1811 1432 2046 1481 nnnn‘r
2099 1432 2561 1481 ms'rnmunnn
2600 1430 2987 1480 nsc'momts
3026 1432 3117 1480 m*
3174 1432 3558 1495 poenosas:

795 1523 830 1579 5
1924 1526 2293 1581 mmmmm
2335 1530 2670 1581 surum.

1043 1646 1349 1712 Decanus
1390 1646 1460 1710 in
1498 1645 1662 1712 festo
1707 1649 1914 1713 sancti
1951 1647 2213 1735 Aegidii
2255 1657 2506 1713 tenetur
2558 1668 2916 1714 convocare
2957 1669 3177 1713 omnes
3205 1670 3218 1677 “
3234 1649 3577 1734 magistros
3620 1647 3700 1713 de

878 1745 1185 1811 facultate
1225 1747 1473 1810 arcium
1527 1745 1614 1810 ad
1667 1745 2183 1813 distribuendum
2237 1746 2441 1812 libros
2485 1769 2688 1834 super
2747 1748 3110 1812 mutacione
3143 1747 3362 1815 futura
3401 1746 3697 1834 hyemali.

878 1843 1059 1910 Idem
1110 1844 1221 1909 fiet
1261 1845 1330 1909 in
1373 1843 1479 1909 die
1524 1844 1829 1932 Gregorii
1872 1867 2065 1933 super
2103 1846 2464 1912 mutacione
2505 1845 2822 1929 aestivali,
2875 1854 2939 1911 et
2976 1844 3200 1912 eodem
3243 1856 3525 1933 tempore
3567 1869 3699 1911 ma·

879 1945 1110 2030 'gistris
1148 1942 1391 2009 debent
1431 1943 1752 2032 publicari
1791 1952 2035 2011 statuta
2069 1943 2152 2011 de
2187 1944 2383 2012 modo
2422 1944 2680 2031 legendi
2721 1953 2785 2009 et
2821 1944 3192 2010 exercendi.

801 2152 868 2208 ιο
919 2149 978 2211 2.
1020 2159 1212 2222 ouon
1255 2160 1571 2212 memus
1611 2160 1935 2211 ramum
1967 2156 2435 2211 murenam
2461 2156 2604 2210 mm
2627 2158 2772 2211 suns
2805 2158 3340 2210 nxncuroatsus
3372 2153 3697 2210 surum.

1044 2282 1302 2361 Placuit
1342 2295 1674 2381 magistris
1720 2293 1802 2359 de
1840 2293 2108 2361 consilio
2147 2293 2493 2379 facultatis,
2549 2293 2722 2380 quod
2764 2292 3048 2359 decanus
3096 2294 3182 2358 sit
3221 2288 3540 2381 obligatus
3583 2293 3696 2359 sub

883 2415 999 2460 suo
1041 2393 1420 2479 iuramento,
1462 2392 1634 2479 quod
1674 2395 1999 2481 praestitit
2040 2392 2364 2478 facultati,
2421 2393 2507 2460 ad
2556 2392 2832 2460 fideliter
2884 2391 3328 2481 exequendum
3383 2402 3447 2458 et
3479 2414 3694 2458 manu·

881 2491 1228 2559 tenendum
1271 2503 1513 2560 statuta
1551 2492 1914 2578 facultatis3
1958 2502 2022 2558 et
2062 2502 2213 2582 post
2249 2515 2492 2581 paucos
2534 2492 2692 2577 dies,
2738 2491 2873 2558 elec
2888 2487 3004 2580 [2²]
3025 2493 3208 2557 cione
3243 2490 3473 2558 decani
3507 2492 3695 2575 facta,

886 2588 1127 2658 debent
1182 2591 1311 2658 duo
1354 2591 1436 2658 de
1481 2591 1750 2658 consilio
1793 2591 2120 2658 facultatis
2161 2592 2457 2679 magistri
2514 2591 2594 2658 de
2649 2590 2900 2661 duabus
2954 2591 3336 2658 nacionibus
3391 2590 3697 2678 deputari,

809 2700 869 2756 15
890 2692 1002 2780 qui
1039 2712 1173 2765 una
1215 2693 1362 2757 cum
1401 2690 1648 2757 decano
1689 2690 2030 2759 sollicitam
2073 2701 2138 2757 et
2177 2689 2443 2779 vigilem
2483 2690 2834 2757 adhibeant
2887 2690 3329 2778 diligenciam,
3386 2701 3456 2755 ut
3486 2689 3693 2755 lectio-

879 2812 997 2857 nes
1040 2799 1104 2857 et
1145 2792 1469 2857 exercicia
1509 2789 1727 2857 debite
1783 2792 1969 2857 iuxta
2028 2800 2269 2857 statuta
2326 2791 2487 2856 fiant
2541 2813 2664 2857 nec
2712 2813 2841 2857 non
2899 2790 3029 2856 alia
3075 2790 3403 2857 facultatis
3457 2790 3694 2854 arcium

888 2898 1131 2956 statuta
1170 2912 1315 2955 cum
1357 2890 1590 2956 effectu
1635 2900 1989 2976 serventur,
2031 2888 2157 2957 sub
2200 2889 2546 2957 eorundem
2589 2891 2990 2956 iuramentis.
3013 2891 3044 2931 ¹*

882 3059 943 3122 3.
994 3062 1316 3122 nummus
1370 3072 1517 3122 non
1573 3068 1897 3123 rmrun
1945 3068 2415 3134 Aconmscnmz
2470 3072 2941 3135 nnomsmom
2977 3066 3524 3135 umuscumsotm
3575 3066 3693 3122 sm>

1898 3164 2167 3222 mm
2210 3168 2701 3223 nxncu'ronm

799 3296 870 3353 20
1045 3287 1322 3372 Placuit,
1365 3286 1540 3376 quod
1581 3288 1862 3354 decanus
1915 3310 2038 3375 pro
2092 3298 2383 3376 tempore
2445 3275 2728 3354 existens
2782 3309 2913 3354 non
2960 3298 3255 3355 teneatur
3312 3289 3694 3353 uniuscuius-

882 3408 1007 3476 que
1038 3388 1451 3476 requisitioni
1492 3389 1921 3475 acquiescere,
1961 3388 2090 3453 nisi
2130 3387 2280 3452 talis
2319 3410 2437 3475 per
2453 3431 2462 3440 =
2479 3398 2854 3454 executores
2898 3397 3011 3454 aut
3048 3411 3166 3475 per
3187 3395 3467 3475 quatuor
3506 3389 3693 3453 senio-

889 3508 997 3552 res
1037 3486 1363 3572 facultatis
1402 3487 1595 3554 fuerit
1635 3485 2038 3575 approbata,
2096 3485 2278 3552 salva
2329 3488 2536 3554 eciam
2572 3487 3036 3554 reformacione
3074 3488 3390 3575 principis
3436 3486 3517 3553 de
3556 3509 3691 3552 exe·

895 3587 1162 3653 cucione
1195 3585 1412 3653 fienda
1450 3587 1839 3652 mentionem
1872 3585 2169 3650 faciente.
2192 3586 2218 3628 ²

965 3757 1026 3818 4.
1077 3769 1534 3819 nxncu'ronns
1589 3769 1963 3817 'rmn'rmz
2021 3768 2150 3818 sun
2193 3768 2339 3818 sms
2380 3769 2799 3820 mmmmm
2833 3770 3231 3832 mqumnnn
3271 3770 3623 3839 nucarum,

801 3858 869 3917 25
1318 3867 1602 3930 cumo
1643 3867 1954 3930 amotum
1992 3867 2371 3916 nur-norun
2419 3868 2492 3916 m
2544 3869 2952 3919 FAan'rA'rE
2995 3870 3275 3919 νῶι-ΝΤ.

1045 3979 1467 4069 Executores,
1500 3985 2057 4071 quotienscunque
2098 3979 2375 4069 aliquem
2419 3981 2739 4049 defectum
2779 3985 2885 4051 vel
2930 4001 3286 4068 excessum,
3335 3995 3565 4051 contra
3598 3983 3696 4049 bo-

885 4104 1041 4148 num
1082 4083 1187 4150 vel
1216 4083 1555 4149 honestum
1592 4082 1916 4149 facultatis
1956 4092 2069 4148 aut
2111 4084 2248 4149 eius
2293 4090 2533 4147 statuta
2570 4092 2964 4169 vergentem,
3024 4083 3308 4150 viderint
3359 4084 3469 4150 vel
3511 4084 3695 4150 consi·

887 4180 1278 4267 deraverint,
1336 4182 1456 4249 sub
1501 4183 1634 4247 suis
1675 4183 2051 4248 iuramentis
2095 4191 2245 4247 sunt
2285 4181 2537 4247 astricti
2588 4192 2653 4248 et
2699 4192 2993 4272 tempore
3046 4183 3377 4249 electionis
3435 4205 3591 4248 suae
3626 4202 3696 4247 ex

894 4291 1131 4348 statuto
1177 4281 1455 4369 desuper
1497 4280 1670 4348 edito
1714 4282 2156 4367 astringuntur
2215 4279 2302 4346 ad
2363 4277 2818 4367 requirendum
2867 4282 3181 4349 decanum
3238 4305 3362 4369 pro
3419 4291 3695 4370 tempore

804 4391 874 4450 30
889 4385 1300 4464 existentem,
1360 4389 1434 4446 ut
1484 4379 1601 4446 tali
1644 4379 1924 4446 defectui
2004 4380 2109 4445 vel
2152 4381 2476 4464 excessui,
2530 4402 2721 4469 quem
2762 4381 3004 4467 vident,
3046 4404 3164 4474 per
3204 4384 3381 4470 piam
3424 4377 3696 4447 admoni-

889 4483 1138 4548 cionem
1177 4478 1285 4546 vel
1328 4499 1578 4567 poenae
1619 4481 2136 4568 imposicionem,
2193 4480 2250 4546 si
2307 4493 2472 4568 opus
2527 4480 2752 4564 fuerit,
2795 4484 3270 4569 quamprimum
3311 4491 3613 4547 occurrat
3647 4487 3700 4544 et

890 4599 1302 4668 nequaquam
1349 4573 1726 4645 dissimulet.
1809 4569 1958 4645 Tali
1997 4582 2199 4664 enim,
2250 4588 2323 4644 ut
2351 4579 2800 4666 ⁸praemissum
2857 4590 2992 4664 est,e
3011 4582 3431 4668 requisicioni
3465 4589 3699 4645 tenetur

887 4679 1173 4746 decanus
1217 4680 1473 4744 omnino
1516 4681 1925 4765 acquiescere
1938 4730 1956 4762 ,
2026 4678 2145 4745 sub
2189 4669 2407 4745 debito
2458 4679 2756 4767 praestiti
2802 4680 3146 4745 iuramenti
3203 4691 3269 4747 et
3317 4679 3700 4768 privacionis

890 4781 1132 4846 terciae
1173 4779 1381 4865 partis
1427 4775 1691 4872 sallarii,
1735 4800 1931 4867 quam
1974 4788 2450 4866 computatores
2509 4780 2609 4844 sui
2657 4786 2945 4867 tempore
3003 4781 3287 4869 computi
3337 4780 3551 4847 eidem
3606 4778 3698 4844 de-

799 4878 1126 4963 35falcare
1171 4876 1410 4944 debent
1451 4886 1516 4943 et
1550 4886 1865 4944 tenentur.

1066 5163 1091 5214 1
1138 5159 1249 5215 Am
1282 5158 1479 5215 Raude
1515 5157 1655 5214 Vide
1686 5157 2258 5214 ammonas-anno
2293 5161 2558 5216 152οοιώ
2592 5159 2793 5216 Konits
2823 5161 3060 5234 (mss).

1061 5247 1092 5298 2
1130 5241 1429 5298 Hier-nutet
1462 5259 1615 5297 mass
1646 5241 1738 5296 die
1770 5241 2151 5298 Reformation
2186 5260 2312 5299 vom
2341 5243 2519 5300 §.J-hm
2558 5250 2689 5303 1496
2733 5244 3063 5300 vernandum
3095 5241 3326 5300 mom.
3397 5241 3527 5316 ng
3569 5242 3701 5302 oba»

890 5323 948 5385 S.
986 5330 1070 5396 25,
1106 5330 1171 5381 33
1205 5325 1283 5398 fg.
1318 5344 1371 5381 u.
1408 5331 1580 5381 unten
1615 5325 1712 5384 Nr.
1753 5333 1809 5383 11
1846 5342 1899 5382 u.
1936 5328 1986 5384 ὃ.
