4038 6358
715 653 832 718 144
1649 652 1759 704 Des
1796 653 2067 704 Iohannes
2101 650 2260 704 Fabri
2296 654 2363 703 de
2394 650 2624 705 Werdea

3166 740 3221 795 ⁴·

707 845 964 900 vestrae
1006 833 1322 922 obsequia
1375 843 1599 899 nostra
1653 835 1722 899 in
1782 837 2013 922 quovis
2071 835 2214 901 loco
2265 845 2519 922 parata.
2606 832 2771 900 Cum
2814 834 2884 898 in
2941 831 3242 899 omnibus
3284 832 3571 896 necessi-

702 933 945 998 tatibus
992 942 1056 997 et
1100 932 1403 1020 periculis
1446 952 1704 1018 semper
1756 933 1963 999 soleat
2016 937 2410 1000 universitas
2468 946 2692 999 nostra
2746 933 2833 998 ad
2886 931 3104 998 sedem
3155 929 3562 996 celsitudinis

704 1043 962 1099 vestrae
1019 1042 1351 1118 tamquam
1410 1031 1497 1096 ad
1555 1055 1927 1120 supremam
1985 1033 2478 1120 privilegiorum
2544 1043 2915 1099 nostrorum
2979 1053 3285 1096 ancoram
3345 1030 3565 1094 confu-

704 1155 859 1220 gere
914 1142 977 1196 et
1030 1130 1184 1196 inde
1238 1130 1434 1196 rebus
1493 1134 1731 1197 nostris
1789 1132 2004 1198 dubiis
2069 1132 2405 1198 consilium
2467 1143 2661 1219 atque
2716 1131 3031 1197 auxilium
3085 1139 3327 1218 petere,
3385 1150 3564 1193 reve-

651 1244 684 1298 5
705 1231 905 1298 rende
961 1232 1031 1295 in
1072 1229 1333 1296 Christo
1377 1240 1567 1316 pater
1623 1254 1701 1296 ac
1751 1231 2009 1297 domine
2068 1235 2372 1319 gratiose,
2430 1243 2494 1297 et
2551 1232 2675 1297 hoc
2726 1242 3021 1319 tempore
3071 1238 3332 1295 senatus
3387 1227 3565 1314 Lyp-

707 1333 913 1398 sensis
979 1328 1327 1416 privilegia
1407 1339 1631 1395 nostra
1704 1354 1823 1419 per
1899 1331 2319 1419 collegiorum
2392 1333 2818 1419 irruptionem
2893 1339 3155 1417 praeter
3217 1330 3353 1410 ius,
3439 1327 3565 1408 fas,

707 1452 983 1517 aequum
1026 1438 1090 1493 et
1129 1428 1369 1493 bonum
1426 1427 1822 1496 labefactare
1866 1442 2147 1514 conetur,
2210 1430 2751 1519 quemadmodum
2794 1453 2879 1494 ex
2922 1431 3086 1494 actis
3128 1430 3197 1492 in
3238 1449 3319 1492 ea
3362 1448 3566 1490 causa

706 1552 924 1596 coram
966 1527 1386 1592 illustrissimi
1439 1530 1756 1616 principis
1810 1533 2016 1596 nostri
2073 1531 2479 1612 consiliariis,
2541 1551 2814 1615 quorum
2869 1529 3127 1615 copiam
3182 1526 3290 1591 hic
3351 1534 3564 1589 trans-

704 1631 1034 1709 mittimus,
1091 1626 1452 1691 reverenda
1507 1630 1865 1714 paternitas
1911 1640 2132 1696 vestra
2195 1630 2385 1695 facile
2437 1638 2653 1716 potest
2707 1628 3030 1714 colligere,
3089 1626 3176 1691 ad
3235 1625 3562 1690 neminem

628 1740 691 1796 10
705 1729 830 1795 hoc
873 1738 1165 1813 tempore
1213 1728 1450 1792 rectius
1498 1728 2000 1814 confugiendum
2044 1730 2510 1810 existimamus,
2552 1750 2752 1816 quam
2792 1728 2880 1793 ad
2925 1748 3090 1808 eum,
3137 1721 3237 1813 [71
3259 1723 3311 1811 b]
3363 1745 3557 1811 quem

711 1838 774 1893 et
834 1848 1119 1891 summus
1176 1826 1471 1913 pontifex
1524 1829 1970 1894 universitatis
2017 1838 2277 1894 nostrae
2338 1826 2798 1893 cancellarium
2854 1827 3190 1892 constituit
3241 1835 3306 1890 et
3360 1823 3566 1910 privi-

705 1928 1022 2014 legiorum
1062 1934 1433 1990 nostrorum
1490 1938 2011 1993 conservatorem
2067 1929 2220 1992 fecit
2230 1977 2248 2011 ‚
2306 1929 2487 1992 cuius
2546 1929 2740 1991 etiam
2794 1928 3049 1992 animus
3103 1923 3455 2010 singularis
3499 1930 3566 1985 et

710 2023 1111 2092 incredibilis
1170 2023 1604 2089 benivolentia
1646 2048 1805 2111 erga
1851 2027 2021 2092 hanc
2062 2037 2349 2093 nostram
2391 2028 2884 2103 universitatem
2926 2046 3122 2112 saepe
3164 2022 3329 2089 alias
3370 2020 3566 2086 nobis

708 2134 1054 2214 perspecta
1120 2134 1217 2190 est
1284 2134 1349 2189 et
1414 2126 1695 2210 cognita.
1782 2124 2204 2214 Quapropter
2268 2120 2693 2191 reverendam
2763 2124 3219 2213 paternitatem
3278 2133 3568 2187 vestram

631 2237 690 2292 15
707 2224 1036 2292 humiliter
1090 2246 1368 2306 oramus,
1427 2233 1498 2288 ut
1552 2223 1709 2289 velit
1767 2224 1958 2290 nobis
2018 2227 2089 2289 in
2150 2225 2252 2290 his
2311 2223 2801 2290 difficultatibus
2861 2223 3129 2290 consilio
3190 2231 3257 2287 et
3314 2218 3566 2285 auxilio

709 2345 1103 2405 succurrere,
1158 2344 1284 2409 quo
1329 2322 1676 2409 privilegia
1718 2334 1943 2389 nostra
1986 2346 2251 2389 servare
2311 2326 2570 2410 integra
2614 2347 2693 2388 ac
2745 2323 3000 2389 illibata
3051 2335 3115 2388 et
3164 2321 3357 2409 plena
3420 2341 3565 2383 cum

706 2425 1008 2490 libertate
1061 2424 1409 2509 possimus.
1493 2422 1571 2487 Id
1631 2423 1803 2510 quod
1861 2421 2168 2510 precibus
2232 2425 2491 2506 nostris,
2546 2423 2633 2488 ad
2688 2422 3074 2488 altissimum
3129 2442 3250 2509 pro
3304 2428 3568 2484 vestrae

704 2525 955 2612 gratiae
1006 2520 1449 2588 incolumitate
1491 2531 1556 2586 et
1597 2522 1898 2587 diuturno
1956 2545 2034 2587 ac
2086 2521 2302 2587 foelici
2357 2545 2661 2587 successu
2714 2522 2894 2598 fusis,
2944 2530 3009 2586 et
3062 2520 3304 2587 nostris
3353 2517 3564 2583 fideli-

705 2623 827 2689 bus
889 2621 1218 2709 obsequiis
1275 2624 1449 2686 omni
1503 2621 1645 2687 loco
1695 2631 1758 2686 et
1810 2631 2105 2708 tempore
2155 2644 2411 2709 semper
2462 2623 2824 2709 promereri
2881 2619 3304 2686 studebimus.
3394 2617 3565 2683 Con·

621 2732 690 2788 20
709 2730 925 2787 servet
980 2719 1291 2804 dominus,
1326 2717 1431 2809 [72
1446 2718 1498 2808 ⁸]
1550 2721 1956 2786 clementiam
2011 2731 2297 2786 vestram
2350 2745 2469 2809 pro
2520 2720 2801 2786 utilitate
2868 2719 3181 2785 ecclesiae
3241 2740 3396 2784 suae
3454 2716 3567 2780 diu

704 2843 781 2885 ac
815 2820 1012 2906 longo
1056 2829 1345 2907 tempore
1384 2820 1788 2887 incolumem.

868 2918 1289 2983 Reverendae
1329 2921 1705 3005 paternitati
1749 2929 2007 2984 vestrae

1204 3016 1636 3085 addictissimi

2074 3117 2335 3202 Rector,
2378 3140 2551 3206 mag.
2595 3128 2659 3183 et
2697 3118 2995 3185 doctores
3037 3117 3480 3184 universitatis

624 3228 692 3284 25
723 3267 732 3276 -
2592 3217 2975 3304 Lypsensis.
3162 3209 3169 3219 ’

708 3375 839 3437 130.
880 3386 973 3434 ΔΙ)
1017 3386 1674 3435 REVERENDISSIMUM
1716 3385 2163 3434 CARDINALEM
2204 3386 2602 3452 ALBERTUM,
2645 3383 3249 3435 ARCHIEPISCOPUM
3288 3385 3566 3434 momm-

1079 3486 1299 3533 'rmum
1341 3487 1433 3533 ET
1478 3483 2162 3550 MAGDEBURGENSEM,
2206 3485 2567 3533 PRIMATEM
2609 3485 3010 3534 GERMANIAE
3055 3476 3172 3533 etc.

868 3599 1431 3665 Reverendissime
1472 3602 1544 3665 in
1584 3600 1845 3667 Christo
1890 3610 2080 3686 pater
2121 3623 2199 3665 ac
2241 3602 2547 3688 princeps
2598 3599 3069 3666 illustrissime!
3136 3600 3299 3665 Post
3356 3599 3565 3664 humi-

702 3699 848 3765 liter
893 3698 1149 3765 oblatas
1189 3721 1419 3785 preces
1464 3709 1744 3781 nostras,
1781 3720 1948 3784 quas
1993 3699 2215 3765 sedulo
2257 3699 2341 3765 ad
2386 3722 2502 3764 coe
2529 3695 2592 3785 [7
2597 3706 2633 3764 2
2645 3696 2697 3785 b]
2722 3700 2934 3765 lorum
2986 3721 3209 3786 regem
3252 3710 3316 3764 et
3358 3699 3565 3764 domi·

619 3809 858 3866 Sonum
881 3820 1003 3885 pro
1023 3807 1284 3862 vestrae
1312 3795 1713 3863 celsitudinis
1754 3798 1926 3864 laeto
1972 3819 2275 3863 successu
2307 3798 2656 3882 fundimus,
2693 3822 2839 3865 cum
2867 3801 3043 3865 omni
3084 3799 3565 3885 gratificatione

705 3905 770 3963 et
830 3895 1230 3984 obsequendi
1284 3898 1499 3963 studio
1558 3899 1932 3963 coniunctas
1949 3948 1967 3981 ,
2056 3898 2496 3979 significamus
2547 3899 3130 3964 reverendissimae
3182 3900 3565 3985 paternitati

705 4018 785 4061 ac
836 3995 1315 4060 illustrissimae
1370 3997 1625 4081 gratiae
1680 4007 1958 4079 vestrae,
2018 3997 2194 4085 quod
2243 3997 2521 4062 Ioannes
2562 4019 2618 4086 ‚a
2671 3997 2968 4082 Diskaw,
3024 3997 3349 4063 studiosus
3405 4019 3565 4062 sane

704 4118 783 4159 ac
825 4093 1034 4159 bonus
1076 4092 1471 4178 adolescens,
1528 4095 1808 4182 supplex
1864 4118 1905 4161 a
1944 4097 2134 4162 nobis
2189 4095 2495 4183 precibus
2541 4096 2961 4179 contenderit,
3018 4095 3561 4185 quemadmodum

705 4218 788 4259 ex
830 4193 1083 4258 inclusa
1126 4191 1250 4257 hac
1292 4193 1600 4259 schedula
1639 4204 1817 4282 patet
1858 4194 2074 4279 latius,
2119 4218 2245 4283 quo
2287 4218 2409 4283 pro
2453 4217 2523 4260 se
2565 4194 3012 4260 celsitudinem
3040 4207 3323 4262 vestram
3364 4199 3563 4261 inter-

617 4301 685 4361 35
704 4293 1112 4382 pellaremus,
1166 4303 1238 4358 ut
1279 4294 1389 4379 qui
1443 4305 1830 4380 agnatorum
1877 4319 2142 4361 suorum
2184 4318 2385 4382 opera
2440 4298 2526 4361 sit
2582 4294 3025 4382 superioribus
3080 4295 3309 4361 diebus
3367 4295 3561 4360 bene-

699 4394 917 4459 ficium
975 4390 1299 4478 quoddam
1358 4403 1759 4476 consecutus,
1817 4393 1993 4481 quod
2048 4396 2187 4459 sine
2245 4418 2365 4459 sua
2408 4395 2600 4481 culpa
2657 4396 2746 4461 sit
2793 4397 2863 4461 in
2918 4393 3116 4460 alium
3172 4393 3560 4460 translatum

699 4502 960 4581 postea,
1013 4500 1086 4555 ut
1137 4490 1577 4557 illustrissima
1632 4490 1847 4579 gratia
1912 4503 2134 4557 vestra
2189 4492 2532 4558 clementer
2596 4493 2722 4559 hoc
2782 4494 2978 4560 vellet
3035 4495 3162 4560 sibi
3216 4493 3562 4580 indulgere

702 4603 765 4658 et
824 4589 1199 4673 concedere,
1264 4612 1388 4677 quo
1449 4592 1736 4677 inopiam
1791 4614 1975 4657 suam
2028 4590 2134 4656 hic
2189 4602 2553 4658 sustentare
2595 4605 2659 4658 et
2703 4593 3021 4659 bonarum
3063 4598 3298 4659 artium
3343 4593 3563 4658 studia

698 4715 773 4759 eo
818 4690 1195 4776 diligentius
1241 4690 1424 4776 sequi
1471 4699 1711 4776 posset.
1795 4689 1877 4754 Id
1933 4690 2107 4779 quod
2160 4715 2286 4757 non
2330 4691 2625 4758 volumus
2668 4691 2764 4760 illi
2807 4694 3150 4779 denegare,
3196 4696 3394 4759 immo
3438 4716 3563 4758 nec

614 4799 685 4856 40
703 4790 860 4856 satis
918 4791 1024 4877 pie
1082 4811 1203 4854 nos
1253 4788 1470 4853 facere
1526 4811 1720 4875 posse
1776 4792 2167 4876 putavimus,
2232 4793 2619 4878 praesertim
2675 4816 2819 4859 cum
2879 4792 3337 4859 miserabiliter
3384 4790 3490 4880 [73
3506 4789 3558 4881 ⁸]

698 4898 1078 4975 quereretur
1134 4898 1352 4953 actum
1409 4886 1491 4952 de
1547 4889 1679 4953 suis
1725 4888 1956 4955 studiis
1997 4912 2140 4954 esse
2192 4900 2462 4978 propter
2503 4893 2881 4957 tenuitatem
2931 4903 3276 4980 parentum
3316 4901 3382 4957 et
3423 4893 3561 4959 ino-

698 4989 893 5074 piam,
954 4987 1009 5051 si
1064 4986 1189 5052 hoc
1229 4985 1434 5053 veluti
1477 4987 1871 5055 adminiculo
1915 4989 2391 5054 destitueretur.
2477 4989 2895 5078 Quapropter
2947 4992 3561 5059 reverendissimam

696 5086 1154 5173 paternitatem
1199 5098 1487 5152 vestram
1531 5110 1609 5152 ac
1663 5089 1948 5174 gratiam
1993 5087 2497 5154 illustrissimam
2544 5090 2870 5177 supplices
2913 5091 3332 5176 obtestamur,
3385 5092 3562 5180 quod

693 5185 926 5250 Ioanni
969 5207 1009 5249 a
1052 5184 1330 5249 Diskaw
1372 5185 1754 5251 beneficium
1802 5186 1886 5253 ab
1930 5190 2188 5273 agnatis
2233 5187 2533 5253 collatum
2574 5188 2853 5277 benigne
2897 5192 3251 5257 concedere
3294 5201 3357 5256 et
3410 5214 3559 5278 gra-

621 5287 874 5351 45tiose
941 5283 1325 5349 confirmare
1397 5282 1721 5371 dignetur,
1786 5296 1859 5351 ut
1922 5287 2321 5353 celsitudinis
2386 5299 2644 5353 vestrae
2704 5290 3130 5357 beneficentia
3196 5294 3563 5358 institutum
