4038 6358
878 617 999 682 526
1865 618 1966 668 Die
2006 619 2442 683 philosophische
2475 617 2727 672 Facultat.

884 777 1150 885 cupiant
1207 810 1270 864 et
1328 819 1408 864 ea
1462 798 1544 863 de
1594 821 1665 863 re
1719 800 2048 888 appellent
2107 799 2417 865 decanum
2442 850 2461 882 ,
2523 800 2731 865 literis
2787 799 2909 866 hoc
2966 799 3052 864 ad
3108 799 3682 868 reverendissimum

879 902 1254 988 episcopum
1300 900 1559 985 scriptis
1603 897 2172 982 demonstrabitur,
2215 910 2287 964 ut
2326 900 2550 965 electio
2596 902 2680 964 sit
2716 900 2945 986 ipsiuS.

876 1119 967 1165 DE
1021 1118 1445 1166 EXAMINIBUS
1498 1116 1588 1163 ET
1645 1114 2086 1163 COLLATIONE
2141 1115 2551 1163 'I'ITULORUM
2603 1115 3213 1165 SCHOLASTICABUM
3256 1115 3685 1166 nmmum

2102 1235 2308 1296 Caput
2354 1233 2471 1283 x11.

792 1362 823 1415 5
1043 1350 1364 1413 Petitores
1409 1347 1721 1412 honorum
1767 1346 2314 1429 scholasticorum,
2359 1357 2430 1412 ut
2453 1345 2770 1412 bacularii
2812 1345 3000 1430 fiant,
3043 1358 3215 1412 certo
3260 1357 3545 1435 tempore
3585 1373 3685 1415 sua

876 1450 1136 1514 nomina
1180 1447 1355 1533 apud
1402 1447 1716 1527 decanum
1772 1446 2063 1533 profiteri
2119 1445 2479 1518 debebunt„
2550 1445 2674 1511 His
2720 1448 3033 1534 receptiS,
3086 1449 3271 1512 statis
3314 1449 3682 1535 temporibus

875 1549 1203 1613 initiorum
1245 1548 1473 1628 trium,
1517 1551 1734 1628 verni,
1789 1546 2019 1609 aestivi
2076 1558 2140 1609 et
2195 1545 2617 1627 autumnalis,
2674 1544 2862 1610 huius
2917 1548 3014 1611 rei
3068 1568 3302 1612 caussa
3362 1551 3684 1614 communi-

874 1649 1028 1712 tatis
1063 1645 1400 1714 concilium
1445 1644 1809 1728 habebitur,
1855 1655 1916 1708 et
1961 1644 2392 1709 servabuntur
2437 1667 2532 1727 ea,
2576 1667 2740 1730 quae
2783 1655 2929 1710 sunt
2969 1648 3037 1710 in
3075 1644 3384 1729 moribus,
3422 1658 3491 1712 ut
3528 1658 3687 1714 certa

877 1769 1125 1814 summa
1187 1743 1507 1831 pendatur
1566 1767 1605 1807 a
1666 1742 1937 1828 singulis
1998 1739 2129 1830 [24]
2181 1743 2564 1829 petitoribus
2627 1753 2689 1808 et
2745 1746 3114 1809 aestimetur
3183 1769 3303 1832 pro
3376 1746 3685 1812 declarata

795 1857 856 1911 10
876 1844 1274 1910 assiduidate
1322 1854 1433 1907 aut
1468 1853 1797 1928 comperta
1841 1841 2234 1928 negligentia
2277 1844 2812 1930 uniuscuiusque,
2863 1843 3018 1931 quid
3060 1845 3327 1932 insuper
3367 1868 3689 1911 numerare

873 1946 1145 2033 quisque
1206 1942 1455 2007 debeat.
1555 1942 1634 2006 Id
1677 1941 1818 2024 fiet,
1863 1953 2204 2028 postquam
2250 1940 2472 2007 audita
2514 1943 2738 2025 fuerit,
2796 1953 2867 2006 ut
2920 1942 3110 2025 solet,
3154 1945 3418 2030 petitio,
3473 1955 3532 2009 et
3565 1969 3687 2011 non

874 2044 1093 2110 oblata
1147 2064 1347 2106 causa
1390 2039 1831 2127 impedimenti
1889 2040 2115 2124 ullius,
2170 2063 2334 2128 quae
2395 2043 2609 2106 omnia
2663 2041 2864 2107 multo
2920 2040 3222 2107 breviore
3264 2053 3552 2132 tempore
3586 2068 3685 2110 ex-

873 2144 1107 2230 plicari
1151 2152 1212 2205 et
1247 2139 1503 2205 melius.
1520 2141 1663 2225 geri
1709 2162 1900 2227 quam
1943 2139 2254 2205 hactenus
2295 2150 2596 2227 poterunt
2639 2140 2987 2206 secundum
3027 2142 3304 2207 formam
3334 2147 3687 2231 separatim,

759 2293 768 2316 ,
872 2246 925 2309 si
969 2240 1313 2323 videbitur,
1358 2241 1800 2325 perscriptam.

792 2355 851 2408 15
1037 2341 1139 2405 De
1198 2338 1436 2427 quibus
1483 2348 1696 2401 autem
1748 2338 2195 2423 interrogandi
2252 2340 2379 2403 sint
2431 2339 2509 2418 ii,
2562 2360 2830 2423 quorum
2884 2341 3110 2426 petitio
3166 2340 3455 2407 admissa
3493 2342 3687 2424 fuerit,

870 2441 1259 2506 constituent
1300 2439 1466 2502 inter
1508 2459 1578 2501 se
1621 2438 2118 2503 examinatores.
2203 2436 2291 2501 Et
2331 2459 2524 2524 quam
2571 2439 2849 2522 primum
2893 2441 3131 2526 poterit
3170 2440 3332 2524 fieri,
3377 2443 3689 2527 negotium

865 2541 1217 2607 conficient.

1501 2719 1865 2767 PROMISSIO
1905 2720 1994 2766 AB
2036 2718 2651 2766 EXAMINATORIBUS
2694 2720 3075 2769 EXIGENDA.

2082 2837 2298 2899 Caput
2344 2837 2486 2887 XIII.

785 2966 852 3021 20
1035 2955 1221 3040 „Ego
1265 2954 1363 3017 .N.
1407 2954 1716 3040 promitto
1755 2949 1930 3016 bona
1971 2950 2132 3032 fide,
2184 2973 2287 3014 me
2328 2951 2397 3014 in
2441 2950 2659 3016 studia
2700 2974 2920 3017 eorum
2931 3001 2949 3034 ,
2997 2954 3109 3039 qui
3158 2976 3331 3019 nunc
3388 2953 3693 3019 bacularii

867 3055 1007 3120 fieri
1050 3055 1318 3138 cupiunt
1331 3101 1348 3133 ,
1404 3049 1622 3116 sedulo
1661 3052 2117 3134 inquisiturum
2160 3060 2224 3113 et
2263 3050 2610 3115 secundum
2657 3072 2764 3130 ea,
2807 3074 2973 3138 quae
3026 3063 3308 3118 statuere
3351 3063 3582 3141 potero
3619 3054 3693 3119 de

864 3149 1430 3240 responsionibus,
1470 3149 1780 3216 iudicium
1834 3150 2156 3214 facturum
2212 3170 2354 3215 esse
2411 3149 2490 3215 de
2543 3172 2929 3238 unoquoque
2972 3152 3111 3217 sine
3149 3152 3568 3219 inclinatione
3606 3153 3689 3218 sa·

864 3256 1040 3319 voris
1084 3262 1197 3317 aut
1240 3249 1371 3316 odii
1413 3249 1818 3337 impulsione,
1864 3251 2037 3314 omni
2078 3248 2310 3313 fraude
2356 3249 2642 3337 undique
2684 3252 2993 3316 remota.“

1826 3465 2286 3513 IURAMENTUM
2339 3465 2729 3513 PETITOBIS.

774 3593 841 3649 25
2068 3582 2276 3645 Caput
2320 3582 2492 3633 x1111.

1027 3698 1213 3785 „Ego
1260 3699 1352 3764 .N.
1396 3699 1568 3780 iuro,
1611 3697 1892 3783 primum
1939 3718 2043 3763 me
2088 3719 2230 3762 esse
2270 3696 2627 3783 legitimam
2673 3695 2963 3761 sobolem
3003 3707 3344 3784 parentum
3386 3723 3691 3783 meorum,

868 3797 1148 3863 secundo
1193 3820 1448 3862 omnem
1491 3805 1790 3861 eventum
1839 3792 1966 3882 [25]
2011 3796 2337 3882 petitionis
2392 3817 2597 3882 aequo
2654 3797 2868 3860 animo
2921 3819 3063 3861 esse
3118 3796 3433 3881 laturum,
3493 3823 3692 3889 neque

856 3898 986 3963 ullo
1032 3900 1100 3961 in
1143 3919 1337 3978 casu,
1393 3918 1524 3960 non
1577 3894 1993 3959 admissionis
2047 3905 2157 3960 aut
2212 3894 2543 3982 repulsae,
2598 3894 2952 3959 vindictam
3010 3907 3506 3983 usurpaturum,
3564 3899 3689 3981 sed,

864 3995 1171 4085 quicquid
1215 3994 1546 4076 acciderit,
1589 4016 2048 4080 perpessurum
2093 4016 2234 4057 esse
2281 3995 2419 4057 sine
2463 3993 2725 4081 querela
2764 3994 2845 4058 de
2887 3992 3049 4079 ullo3
3097 4004 3160 4059 et
3200 3996 3255 4059 si
3300 3997 3476 4082 quid,
3523 3998 3689 4085 quod

777 4108 846 4163 30
864 4098 1020 4162 deus
1065 4104 1350 4177 avertat,
1397 4104 1621 4160 contra
1659 4093 1819 4158 haec
1860 4094 2092 4158 fecisse
2137 4092 2605 4179 deprehendar,
2655 4095 2989 4158 infamiam
3042 4095 3311 4180 periurii
3352 4098 3501 4184 ipse
3539 4098 3689 4161 mihi

858 4197 980 4262 hoe
1022 4196 1195 4259 facto
1242 4196 1493 4279 irrogo,
1538 4203 1630 4275 et,
1689 4195 2049 4277 quicunque
2104 4191 2318 4256 laesus
2375 4214 2414 4256 a
2466 4214 2570 4256 me
2622 4193 2846 4276 fuerit,
2902 4195 2962 4257 ei
3021 4196 3269 4259 iuratus
3320 4196 3687 4282 persolvam

861 4296 1123 4361 florinos
1164 4312 1207 4358 L
1253 4296 1391 4357 sine
1433 4293 1607 4357 omni
1648 4292 2073 4373 recusatione,
2119 4314 2262 4355 cum
2305 4293 2585 4378 primum
2626 4292 2807 4356 fuero
2854 4292 3246 4357 convictus.“

1023 4409 1303 4495 Propter
1335 4418 1608 4471 aetatem
1648 4406 1924 4494 aliquem
1959 4406 2189 4493 repelli
2220 4430 2259 4471 a
2294 4408 2621 4494 petitione,
2664 4406 2788 4472 hoc
2829 4417 3120 4494 tempore
3143 4432 3409 4474 causam
3452 4410 3686 4476 habere

853 4533 983 4575 non
1026 4516 1273 4595 potest3
1334 4507 1555 4590 itaque
1612 4504 1726 4571 illa
1779 4504 2063 4571 conditio
2109 4509 2454 4588 omittetur,
2496 4507 2875 4593 praesertim
2920 4529 3065 4572 cum
3108 4509 3237 4572 iam
3285 4510 3368 4574 sit
3415 4532 3684 4575 eommu-

769 4611 1025 4675 35nitas
1085 4608 1265 4671 iussu
1322 4605 1671 4692 principali
1731 4605 2089 4687 admonita,
2131 4617 2202 4670 ut
2255 4615 2389 4669 tam
2446 4604 2527 4670 de
2576 4615 2787 4670 aetate
2843 4629 3039 4693 quam
3091 4610 3303 4696 spatio
3359 4611 3684 4698 temporis,

854 4731 977 4796 quo
1017 4705 1123 4770 hic
1164 4704 1396 4792 aliquis
1441 4706 1745 4787 vixisset,
1793 4703 2068 4790 benigne
2109 4706 2523 4791 transigere.¹
3538 4692 3559 4718 “

1017 4824 1123 4888 De
1189 4806 1703 4886 renunctiatione
1773 4842 2024 4902 eorum,
2109 4819 2340 4908 quibus
2414 4819 2741 4886 tribuendi
2820 4821 3084 4908 publiea
3164 4823 3513 4888 autoritate
3579 4822 3680 4888 ba·

852 4923 1242 4988 culariorum
1306 4920 1477 4985 tituli
1548 4919 1972 5002 videbuntur,
2032 4918 2102 4983 id
2169 4929 2493 5003 servetur,
2566 4919 2740 5007 quod
2798 4922 2929 4989 iam
2995 4931 3093 4986 est
3160 4925 3571 4987 constitutum
3629 4932 3684 4986 et

849 5047 917 5087 m
967 5043 1165 5088 more.

1027 5274 1050 5326 1
1091 5268 1389 5327 Vielleicht
1424 5268 1498 5323 ist
1531 5266 1883 5338 ausgelassen
1916 5267 2062 5323 velit.
