4038 6358
1159 647 1336 698 Visrte
1369 647 1898 708 Statutenredaction,
1929 661 2037 698 von
2076 644 2420 698 ¹499-1522.
2596 623 2603 629 ι
3095 653 3217 716 437

247 844 664 909 grossum,
740 826 860 894 sub
902 850 1114 916 poena
1152 829 1440 917 periurii,
1497 829 1624 894 nisi
1674 827 1854 894 aliud
1901 851 1986 894 ex
2040 828 2422 896 racionabili
2480 831 2711 897 causa¹
2769 853 2887 919 per
2938 830 3207 898 faculta-

247 933 432 1006 tem,
489 925 1036 994 contradicente
1079 930 1354 1012 nemine,
1397 927 1731 994 decretum
1769 928 1980 993 fuerit.

905 1103 1001 1163 15.
1041 1113 1137 1160 ΒΕ
1178 1113 1500 1163 mornas
1537 1112 1815 1162 rmnms
1857 1113 2199 1164 nonnsns
2240 1114 2673 1164 nosm'rmus.

459 1225 782 1294 Placuit
815 1229 1147 1316 magistris
1190 1227 1272 1294 de
1315 1227 1584 1294 consilio
1638 1227 1986 1311 facultatis,
2042 1226 2213 1318 quod
2256 1230 2544 1297 decanus
2586 1253 2718 1296 non
2759 1229 2997 1296 habeat
3042 1233 3216 1298 solus

265 1347 367 1389 ex
444 1349 536 1391 se
584 1327 1014 1394 facultatem
1071 1327 1265 1393 alicui
1306 1327 1636 1414 hospitum
1677 1329 2075 1416 propinandi
2127 1332 2388 1395 nomine
2440 1329 2788 1415 facultatis,
2846 1333 2973 1397 nisi
3031 1332 3212 1418 prius
3261 1341 3295 1396 5

275 1423 574 1491 auditis
660 1427 952 1516 desuper
1012 1426 1257 1516 aliquot
1322 1425 1684 1497 senioribus
1749 1427 1829 1493 de
1888 1438 2164 1516 quatuor
2221 1429 2606 1496 nacionibus
2669 1429 2997 1496 facultatis
3010 1479 3029 1514 ‚
3096 1430 3215 1498 sub

275 1545 532 1610 poena
583 1549 744 1592 non
787 1527 1290 1614 approbacionis
1331 1527 1698 1593 huiusmodi
1739 1529 2059 1615 propinas
2098 1538 2391 1616 tempore
2436 1531 2739 1617 computi.

415 1695 532 1758 16.
585 1709 706 1758 ΒΕ
748 1708 1050 1760 Paolum
1091 1711 1350 1760 rmum
1392 1712 1530 1759 ΡΕΕ
1567 1709 1904 1763 naemu
1946 1710 2149 1761 (2ch
2186 1709 2443 1761 msctm
2483 1713 2661 1763 Pos‘r
2706 1715 3109 1764 conten-rma.

479 1823 804 1909 Placuit,
845 1826 1016 1916 quod
1060 1838 1400 1916 computus
1441 1825 1790 1909 facultatis,
1833 1829 2203 1914 conspectio
2246 1850 2363 1894 seu
2401 1831 2851 1917 praesentacio
2878 1829 3213 1914 librorum,

289 1923 663 1991 visitacio
705 1925 850 1991 fisci
886 1926 1002 1991 fiat
1043 1949 1221 1992 more
1261 1927 1525 2013 antiquo
1565 1948 1692 1992 uno
1737 1925 1862 2010 die,
1919 1928 1977 1992 si
2019 1927 2355 1993 commode
2402 1929 2545 1994 fieri
2588 1931 2864 2017 poterit3
2924 1932 3044 2013 sin,
3100 1929 3212 1995 fiet
3234 1939 3297 1996 10

299 2026 737 2112 conspectio
779 2025 1094 2092 librorum
1134 2033 1199 2091 et
1237 2027 1535 2092 visitacio
1575 2025 1719 2091 fisci
1761 2027 2055 2114 sequenti
2099 2024 2229 2116 [3¹³]
2274 2027 2380 2093 vel
2436 2029 2629 2095 tertio
2671 2028 2778 2094 die
2834 2038 2985 2117 post
3042 2051 3211 2094 com-

296 2132 590 2209 putum,
661 2136 729 2190 et
775 2135 929 2190 tunc
984 2125 1265 2192 decanus
1321 2149 1530 2192 novus
1575 2148 1694 2213 pro
1747 2124 1986 2193 solacio
2038 2128 2499 2214 magistrorum
2539 2149 2671 2193 non
2712 2137 3000 2216 exponat
3038 2126 3213 2193 ultra

300 2245 530 2288 unum
581 2223 936 2308 florenum,
981 2224 1103 2290 sub
1145 2223 1366 2292 debito
1408 2226 1808 2308 1111811181111,2
1850 2224 2026 2312 quod
2068 2228 2393 2312 praestitit
2430 2237 2722 2315 tempore
2766 2249 2922 2293 suae
2956 2227 3211 2294 electio-

297 2322 412 2386 nis
459 2323 544 2388 in
599 2323 949 2407 decanum,
1007 2323 1192 2389 salva
1246 2335 1466 2390 tamen
1507 2347 1587 2390 ea
1641 2326 1974 2412 peccunia,
2030 2345 2198 2410 quae
2250 2324 2415 2391 alias
2456 2348 2541 2392 ex
2583 2335 2823 2393 statuto
2867 2327 3059 2394 datur
3101 2325 3209 2392 de-

309 2443 490 2487 cano
540 2433 622 2488 et
669 2425 1227 2512 computatoribus
1265 2423 1610 2490 facultatis.
3233 2434 3294 2491 15

703 2596 804 2657 17.
846 2608 1132 2670 QUANDO
1173 2609 1264 2655 ΕΤ
1305 2607 1656 2674 QuAmmn
1695 2606 2014 2658 nummus
2063 2607 2391 2658 ΤΕΝΕΤΠΒ
2433 2606 2873 2657 connum.

497 2723 767 2805 Placet,
809 2724 982 2810 quod
1024 2723 1308 2790 decanus
1351 2732 1502 2810 post
1539 2723 1735 2789 finem
1779 2725 1879 2789 sui
1918 2722 2271 2788 decanatus
2314 2723 2487 2788 infra
2526 2744 2811 2788 mensem
2849 2722 2972 2788 sub
3001 2745 3213 2811 poena

323 2824 533 2888 unius
581 2845 962 2910 sexagenae
1001 2844 1214 2888 novae
1257 2823 1619 2889 successori
1679 2845 1795 2888 suo
1839 2832 1904 2887 et
1960 2823 2521 2910 computatoribus
2569 2821 2901 2887 facultatis
2943 2821 3025 2888 (18
3065 2845 3211 2910 per-

326 2923 548 3008 ceptis
581 2931 656 2988 et
697 2923 1014 3010 expositis
1059 2922 1480 2989 effectualiter
1518 2921 1709 2987 fatiat
1746 2923 2067 2986 rationem
2094 2932 2159 2987 et
2197 2921 2489 3009 plenarie
2530 2921 2611 2989 de
2653 2922 2982 3008 perceptis
3026 2923 3212 2988 satis-

327 3018 564 3086 faciat.
659 3021 733 3087 Si
780 3031 998 3088 autem
1037 3044 1223 3088 secus
1261 3022 1492 3086 fecerit
1504 3071 1522 3104 ,
1575 3031 1887 3109 perpetue
1927 3043 1968 3086 a
2009 3020 2336 3087 facultatis
2380 3022 2616 3086 artium
2659 3019 3083 3087 emolimentis
3128 3021 3211 3087 sit
3226 3030 3296 3088 20

334 3141 729 3209 suspensus,
789 3123 916 3188 nisi
971 3121 1321 3189 obtinuerit
1375 3141 1572 3209 super
1620 3119 1744 3187 hoc
1795 3143 1880 3187 ex
1933 3119 2319 3187 racionabili
2374 3142 2574 3187 causa
2626 3121 2833 3187 tocius
2885 3120 3212 3187 facultatis

335 3240 739 3287 consensum
781 3231 846 3287 et
887 3222 1304 3288 voluntatem.

433 3388 531 3453 18.
581 3405 777 3467 QUOT
820 3404 1148 3455 MAGISTRI
1184 3405 1466 3453 DEBENT
1509 3403 1675 3453 ESSE
1721 3404 1794 3453 m
1836 3403 2169 3453 com‘U'ro
2213 3404 2306 3452 ΕΤ
2352 3404 2689 3465 QUANTUM
2728 3403 2836 3455 ms
2875 3405 3133 3455 DETUR.

513 3518 808 3604 Placuit,
852 3514 1023 3610 quod
1067 3530 1317 3587 tantum
1361 3542 1479 3586 sex
1517 3541 1834 3607 personae
1878 3521 2007 3585 sint
2047 3519 2116 3584 in
2158 3529 2467 3607 computo
2503 3519 2851 3605 facultatis,
2893 3529 2967 3585 ut
3002 3542 3211 3586 novus

347 3616 640 3685 decanus
686 3631 750 3686 et
803 3623 1104 3709 antiquus
1148 3632 1213 3687 et
1258 3621 1339 3686 de
1385 3619 1674 3707 qualibet
1714 3620 1988 3684 nacione
2031 3642 2200 3685 unus
2240 3621 2572 3706 magister,
2630 3620 2725 3685 sic
2773 3629 2991 3686 tamen
3033 3618 3205 3709 quod
3222 3627 3291 3685 25

352 3738 615 3806 semper
669 3720 875 3785 assint
930 3720 1131 3809 aliqui
1186 3719 1268 3786 (18
1329 3717 1691 3785 senioribus
1744 3727 1809 3784 et
1864 3721 2120 3805 experti
2135 3768 2153 3803 ,
2210 3720 2321 3807 qui
2379 3717 2697 3784 calculum
2757 3729 2821 3784 et
2880 3722 3210 3785 racionem

351 3815 687 3883 facultatis
724 3830 1062 3903 noverunt,
1104 3842 1187 3885 ne
1228 3842 1345 3907 per
1387 3818 1935 3904 inexperienciam
1978 3827 2492 3906 computatorum
2536 3840 2790 3883 errores
2831 3820 3212 3906 contingant

357 3925 420 3980 et
451 3916 733 3985 facultas
776 3918 929 3984 inde
973 3918 1440 3985 damnificetur.
1505 3916 1594 3983 Et
1631 3916 1824 3983 debet
1864 3918 2181 4005 praefatis
2223 3916 2773 4004 computatoribus
2815 3919 3003 3983 iuxta
3047 3920 3210 3985 anti-

356 4036 548 4101 quam
597 4018 1121 4085 consuetudinem
1164 4018 1309 4084 dari
1352 4040 1485 4083 una
1530 4039 1702 4083 nova
1743 4039 2075 4103 sexagena
2134 4016 2221 4083 ad
2274 4017 2691 4083 refectionem
2732 4016 3104 4102 eorundem,
3148 4026 3214 4084 et

291 4154 298 4161 ·
359 4116 415 4179 si
464 4139 634 4205 quae
687 4121 1001 4205 peccunia
1051 4120 1120 4185 in
1173 4117 1434 4185 residuo
1493 4118 1949 4205 permanserit,
2011 4139 2155 4183 eam
2206 4118 2376 4181 inter
2427 4139 2497 4182 se
2550 4117 3204 4205 proporcionabiliter
3223 4126 3293 4184 30

358 4212 652 4283 dividere
693 4221 992 4305 poterint.

988 4390 1078 4453 19.
1126 4402 1220 4449 1111
1265 4399 1600 4451 summo
1644 4398 1904 4449 mmm
1945 4399 2083 4449 Pno
2129 4398 2260 4448 suo
2300 4400 2597 4449 LAsons.

514 4516 770 4599 Placet,
824 4516 999 4604 quod
1047 4515 1317 4605 quilibet
1370 4516 1655 4581 decanus
1703 4515 1784 4581 (18
1843 4515 2054 4582 officio
2097 4538 2216 4582 suo
2262 4538 2382 4604 pro
2436 4515 2770 4582 laboribus
2828 4516 2897 4583 in
2936 4516 3209 4603 triginta

365 4638 474 4682 sex
531 4616 796 4683 florenis
847 4614 1252 4683 reinensibus
1305 4615 1412 4682 vel
1467 4616 1536 4681 in
1595 4614 2028 4704 aequivalenti
2085 4617 2401 4703 peccunia
2457 4616 2669 4680 iuxta·
2695 4625 3021 4680 monetam
3062 4637 3209 4680 cur-

367 4726 626 4800 rentem,
672 4739 833 4804 quos
877 4739 918 4783 a
956 4716 1414 4804 promovendis
1465 4717 1806 4803 percipiat,
1847 4718 1933 4781 sit
1973 4725 2343 4799 contentus3
2386 4716 2441 4780 si
2483 4735 2637 4780 vero
2682 4724 2911 4802 pastus
2953 4724 3291 4802 promo-35

367 4816 718 4883 vendorum
763 4815 851 4882 ad
890 4824 1140 4882 tantam
1184 4838 1499 4882 summam
1541 4838 1674 4882 non
1717 4837 1787 4881 se
1819 4814 2203 4900 extenderit,
2245 4813 2518 4881 facultas
2558 4814 2860 4901 suppleat
2900 4812 2988 4879 ad
3027 4838 3207 4881 num-

369 4935 532 4982 mum
574 4926 1056 5005 praetaxatum.
1136 4914 1210 4983 Si
1250 4926 1465 4982 autem
1511 4914 1758 5003 aliquid
1793 4917 2134 5004 supererit,
2186 4914 2375 4981 cedat
2414 4915 2571 4981 fisco
2612 4913 2958 4979 facultatis.

523 5155 548 5207 1
586 5150 682 5205 An
713 5149 822 5205 den
855 5148 1020 5205 Rand
1053 5146 1412 5220 geschrieben
1450 5148 1736 5203 omittatur
1773 5152 1916 5204 1520.

527 5233 962 5291 2AmRande:
1017 5232 2609 5304 Decretofaeultaubeublatmnmiammmametpro
2643 5230 3209 5287 hamtunam-es-

369 5316 512 5375 citata
542 5326 870 5391 eoeponatur,
912 5323 1056 5375 1520.
