<?xml version="1.0" encoding="UTF-8"?>
<!DOCTYPE html PUBLIC "-//W3C//DTD XHTML 1.0 Transitional//EN"
    "http://www.w3.org/TR/xhtml1/DTD/xhtml1-transitional.dtd">
<html xmlns="http://www.w3.org/1999/xhtml" xml:lang="en" lang="en">
 <head>
  <title>
</title>
<meta http-equiv="Content-Type" content="text/html;charset=utf-8" />
  <meta name='ocr-system' content='tesseract 3.04.00' />
  <meta name='ocr-capabilities' content='ocr_page ocr_carea ocr_par ocr_line ocrx_word'/>
</head>
<body>
  <div class='ocr_page' id='page_1' title='image "./diestatutenbche02leipgoog_0137.png"; bbox 0 0 4038 6358; ppageno 0'>
   <div class='ocr_carea' id='block_1_1' title="bbox 1447 612 3153 675">
    <p class='ocr_par' dir='ltr' id='par_1_1' title="bbox 1447 612 3153 675">
     <span class='ocr_line' id='line_1_1' title="bbox 1447 612 3153 675; baseline 0.004 -10"><span class='ocrx_word' id='word_1_1' title='bbox 1447 616 1683 667; x_wconf 72' lang='lat' dir='ltr'><strong>Libona·</strong></span> <span class='ocrx_word' id='word_1_2' title='bbox 1724 617 2041 667; x_wconf 67' lang='lat' dir='ltr'><strong>formulario.</strong></span> <span class='ocrx_word' id='word_1_3' title='bbox 3044 612 3153 675; x_wconf 82' lang='lat'><strong>121</strong></span> 
     </span>
    </p>
   </div>
   <div class='ocr_carea' id='block_1_2' title="bbox 329 796 3211 1390">
    <p class='ocr_par' dir='ltr' id='par_1_2' title="bbox 329 796 3211 1390">
     <span class='ocr_line' id='line_1_2' title="bbox 333 796 3161 889; baseline -0.004 -21"><span class='ocrx_word' id='word_1_4' title='bbox 333 799 446 889; x_wconf 81' lang='lat'><strong>[34</strong></span> <span class='ocrx_word' id='word_1_5' title='bbox 459 804 510 886; x_wconf 74' lang='grc' dir='ltr'>Ἰ</span> <span class='ocrx_word' id='word_1_6' title='bbox 554 805 853 885; x_wconf 86' lang='lat' dir='ltr'><strong>apparet,</strong></span> <span class='ocrx_word' id='word_1_7' title='bbox 909 820 992 863; x_wconf 91' lang='lat' dir='ltr'><strong>ne</strong></span> <span class='ocrx_word' id='word_1_8' title='bbox 1052 796 1138 863; x_wconf 89' lang='lat' dir='ltr'><strong>ad</strong></span> <span class='ocrx_word' id='word_1_9' title='bbox 1180 798 1648 864; x_wconf 80' lang='lat' dir='ltr'>correctionem</span> <span class='ocrx_word' id='word_1_10' title='bbox 1689 808 2012 865; x_wconf 88' lang='lat' dir='ltr'><strong>tantorum</strong></span> <span class='ocrx_word' id='word_1_11' title='bbox 2055 801 2391 865; x_wconf 88' lang='lat' dir='ltr'><strong>criminum</strong></span> <span class='ocrx_word' id='word_1_12' title='bbox 2440 799 2533 861; x_wconf 89' lang='lat' dir='ltr'><strong>eis</strong></span> <span class='ocrx_word' id='word_1_13' title='bbox 2576 796 2973 861; x_wconf 89' lang='lat' dir='ltr'><strong>obiectorum</strong></span> <span class='ocrx_word' id='word_1_14' title='bbox 3014 815 3161 881; x_wconf 89' lang='lat' dir='ltr'><strong>pro-</strong></span> 
     </span>
     <span class='ocr_line' id='line_1_3' title="bbox 333 893 3158 989; baseline -0.004 -22"><span class='ocrx_word' id='word_1_15' title='bbox 333 899 618 979; x_wconf 70' lang='lat' dir='ltr'><strong>cedam,</strong></span> <span class='ocrx_word' id='word_1_16' title='bbox 661 896 748 962; x_wconf 85' lang='lat' dir='ltr'><strong>ad</strong></span> <span class='ocrx_word' id='word_1_17' title='bbox 789 920 900 964; x_wconf 87' lang='lat' dir='ltr'><strong>eas</strong></span> <span class='ocrx_word' id='word_1_18' title='bbox 943 908 1322 987; x_wconf 76' lang='lat' dir='ltr'><strong>praetensae</strong></span> <span class='ocrx_word' id='word_1_19' title='bbox 1369 897 1837 989; x_wconf 78' lang='lat' dir='ltr'><strong>appellationes</strong></span> <span class='ocrx_word' id='word_1_20' title='bbox 1882 901 1966 965; x_wconf 91' lang='lat' dir='ltr'><strong>sit</strong></span> <span class='ocrx_word' id='word_1_21' title='bbox 2007 923 2334 966; x_wconf 82' lang='lat' dir='ltr'><strong>recursum</strong></span> <span class='ocrx_word' id='word_1_22' title='bbox 2356 948 2373 979; x_wconf 90' lang='lat'><strong>,</strong></span> <span class='ocrx_word' id='word_1_23' title='bbox 2430 897 2513 963; x_wconf 94' lang='lat' dir='ltr'><strong>ob</strong></span> <span class='ocrx_word' id='word_1_24' title='bbox 2576 896 2647 961; x_wconf 90' lang='lat' dir='ltr'><strong>id</strong></span> <span class='ocrx_word' id='word_1_25' title='bbox 2688 893 2929 960; x_wconf 90' lang='lat' dir='ltr'><strong>eisdem</strong></span> <span class='ocrx_word' id='word_1_26' title='bbox 2972 915 3158 980; x_wconf 90' lang='lat' dir='ltr'><strong>prae-</strong></span> 
     </span>
     <span class='ocr_line' id='line_1_4' title="bbox 331 992 3161 1088; baseline -0.003 -22"><span class='ocrx_word' id='word_1_27' title='bbox 331 1000 538 1066; x_wconf 84' lang='lat' dir='ltr'><strong>tensis</strong></span> <span class='ocrx_word' id='word_1_28' title='bbox 579 1020 656 1063; x_wconf 85' lang='lat' dir='ltr'><strong>ac</strong></span> <span class='ocrx_word' id='word_1_29' title='bbox 697 997 1031 1065; x_wconf 86' lang='lat' dir='ltr'><strong>evidenter</strong></span> <span class='ocrx_word' id='word_1_30' title='bbox 1070 1000 1326 1065; x_wconf 88' lang='lat' dir='ltr'><strong>frivolis</strong></span> <span class='ocrx_word' id='word_1_31' title='bbox 1370 997 1934 1088; x_wconf 84' lang='lat' dir='ltr'><strong>appellationibus,</strong></span> <span class='ocrx_word' id='word_1_32' title='bbox 1975 999 2211 1088; x_wconf 90' lang='lat' dir='ltr'><strong>quibus</strong></span> <span class='ocrx_word' id='word_1_33' title='bbox 2257 1000 2404 1063; x_wconf 87' lang='lat' dir='ltr'><strong>iura</strong></span> <span class='ocrx_word' id='word_1_34' title='bbox 2443 1019 2573 1063; x_wconf 90' lang='lat' dir='ltr'><strong>non</strong></span> <span class='ocrx_word' id='word_1_35' title='bbox 2602 995 2915 1075; x_wconf 88' lang='lat' dir='ltr'><strong>deferunt,</strong></span> <span class='ocrx_word' id='word_1_36' title='bbox 2956 992 3161 1058; x_wconf 87' lang='lat' dir='ltr'><strong>nulla-</strong></span> 
     </span>
     <span class='ocr_line' id='line_1_5' title="bbox 329 1092 3159 1187; baseline -0.004 -21"><span class='ocrx_word' id='word_1_37' title='bbox 329 1112 520 1166; x_wconf 85' lang='lat' dir='ltr'><strong>tenus</strong></span> <span class='ocrx_word' id='word_1_38' title='bbox 563 1096 864 1163; x_wconf 86' lang='lat' dir='ltr'><strong>duximus</strong></span> <span class='ocrx_word' id='word_1_39' title='bbox 907 1098 1328 1166; x_wconf 88' lang='lat' dir='ltr'><strong>deferendum</strong></span> <span class='ocrx_word' id='word_1_40' title='bbox 1365 1122 1574 1186; x_wconf 90' lang='lat' dir='ltr'><strong>neque</strong></span> <span class='ocrx_word' id='word_1_41' title='bbox 1623 1098 1970 1164; x_wconf 89' lang='lat' dir='ltr'><strong>deferimus</strong></span> <span class='ocrx_word' id='word_1_42' title='bbox 1986 1148 2004 1182; x_wconf 93' lang='lat'><strong>,</strong></span> <span class='ocrx_word' id='word_1_43' title='bbox 2062 1098 2569 1187; x_wconf 88' lang='lat' dir='ltr'><strong>praenominatis</strong></span> <span class='ocrx_word' id='word_1_44' title='bbox 2608 1092 2936 1179; x_wconf 80' lang='lat' dir='ltr'><strong>magistris</strong></span> <span class='ocrx_word' id='word_1_45' title='bbox 2951 1141 2970 1174; x_wconf 90' lang='lat'><strong>,</strong></span> <span class='ocrx_word' id='word_1_46' title='bbox 3026 1100 3159 1157; x_wconf 90' lang='lat' dir='ltr'><strong>tam</strong></span> 
     </span>
     <span class='ocr_line' id='line_1_6' title="bbox 329 1190 3211 1288; baseline -0.003 -21"><span class='ocrx_word' id='word_1_47' title='bbox 329 1199 718 1267; x_wconf 79' lang='lat' dir='ltr'><strong>coniunctim</strong></span> <span class='ocrx_word' id='word_1_48' title='bbox 761 1219 956 1285; x_wconf 87' lang='lat' dir='ltr'><strong>quam</strong></span> <span class='ocrx_word' id='word_1_49' title='bbox 997 1198 1280 1283; x_wconf 76' lang='lat' dir='ltr'><strong>divisim,</strong></span> <span class='ocrx_word' id='word_1_50' title='bbox 1325 1200 1688 1288; x_wconf 89' lang='lat' dir='ltr'><strong>praemissa</strong></span> <span class='ocrx_word' id='word_1_51' title='bbox 1727 1200 1904 1265; x_wconf 86' lang='lat' dir='ltr'><strong>facta</strong></span> <span class='ocrx_word' id='word_1_52' title='bbox 1945 1199 2237 1265; x_wconf 72' lang='lat' dir='ltr'><strong>sollemni</strong></span> <span class='ocrx_word' id='word_1_53' title='bbox 2277 1197 2741 1285; x_wconf 77' lang='lat' dir='ltr'><strong>protestatione</strong></span> <span class='ocrx_word' id='word_1_54' title='bbox 2785 1192 2968 1259; x_wconf 88' lang='lat' dir='ltr'><strong>salva</strong></span> <span class='ocrx_word' id='word_1_55' title='bbox 2998 1190 3161 1258; x_wconf 87' lang='lat' dir='ltr'><strong>haec</strong></span> <span class='ocrx_word' id='word_1_56' title='bbox 3178 1199 3211 1257; x_wconf 84' lang='lat'>5</span> 
     </span>
     <span class='ocr_line' id='line_1_7' title="bbox 329 1296 2565 1390; baseline -0.003 -23"><span class='ocrx_word' id='word_1_57' title='bbox 329 1324 458 1390; x_wconf 90' lang='lat' dir='ltr'><strong>pro</strong></span> <span class='ocrx_word' id='word_1_58' title='bbox 496 1297 804 1387; x_wconf 91' lang='lat' dir='ltr'><strong>apostolis</strong></span> <span class='ocrx_word' id='word_1_59' title='bbox 850 1298 1086 1365; x_wconf 87' lang='lat' dir='ltr'><strong>dando.</strong></span> <span class='ocrx_word' id='word_1_60' title='bbox 2196 1324 2201 1331; x_wconf 92' lang='lat'><em>·</em></span> <span class='ocrx_word' id='word_1_61' title='bbox 2550 1296 2565 1305; x_wconf 78' lang='grc'><strong>”</strong></span> 
     </span>
    </p>
   </div>
   <div class='ocr_carea' id='block_1_3' title="bbox 401 1474 3107 1635">
    <p class='ocr_par' dir='ltr' id='par_1_3' title="bbox 401 1474 3107 1635">
     <span class='ocr_line' id='line_1_8' title="bbox 401 1474 3107 1535; baseline -0.003 -2"><span class='ocrx_word' id='word_1_62' title='bbox 401 1474 495 1535; x_wconf 80' lang='grc'><strong>79.</strong></span> <span class='ocrx_word' id='word_1_63' title='bbox 554 1482 896 1533; x_wconf 76' lang='lat' dir='ltr'><strong>LITTERAE</strong></span> <span class='ocrx_word' id='word_1_64' title='bbox 943 1484 1492 1533; x_wconf 71' lang='lat' dir='ltr'><strong>&#39;ms&#39;l&#39;momnsss</strong></span> <span class='ocrx_word' id='word_1_65' title='bbox 1535 1485 1581 1532; x_wconf 80' lang='lat' dir='ltr'>A</span> <span class='ocrx_word' id='word_1_66' title='bbox 1615 1483 2027 1532; x_wconf 71' lang='lat' dir='ltr'><strong>FAOULTATE</strong></span> <span class='ocrx_word' id='word_1_67' title='bbox 2074 1484 2341 1532; x_wconf 79' lang='lat' dir='ltr'>ARTIUM</span> <span class='ocrx_word' id='word_1_68' title='bbox 2378 1484 2533 1533; x_wconf 78' lang='lat' dir='ltr'><strong>mm</strong></span> <span class='ocrx_word' id='word_1_69' title='bbox 2572 1480 2861 1530; x_wconf 75' lang='lat' dir='ltr'>IOHANNI</span> <span class='ocrx_word' id='word_1_70' title='bbox 2902 1478 3107 1526; x_wconf 78' lang='lat' dir='ltr'><strong>FABRI</strong></span> 
     </span>
     <span class='ocr_line' id='line_1_9' title="bbox 921 1584 2560 1635; baseline -0.001 -2"><span class='ocrx_word' id='word_1_71' title='bbox 921 1584 1016 1633; x_wconf 75' lang='lat' dir='ltr'><strong>DE</strong></span> <span class='ocrx_word' id='word_1_72' title='bbox 1057 1584 1358 1633; x_wconf 73' lang='lat' dir='ltr'>WERDEA</span> <span class='ocrx_word' id='word_1_73' title='bbox 1393 1584 1919 1633; x_wconf 71' lang='lat' dir='ltr'><strong>UNIVERSITATIS</strong></span> <span class='ocrx_word' id='word_1_74' title='bbox 1959 1584 2268 1635; x_wconf 74' lang='lat' dir='ltr'><strong>NOTARlo</strong></span> <span class='ocrx_word' id='word_1_75' title='bbox 2310 1584 2560 1633; x_wconf 80' lang='lat' dir='ltr'><strong>DATAE.</strong></span> 
     </span>
    </p>
   </div>
   <div class='ocr_carea' id='block_1_4' title="bbox 323 1695 3247 5379">
    <p class='ocr_par' dir='ltr' id='par_1_4' title="bbox 323 1695 3247 5379">
     <span class='ocr_line' id='line_1_10' title="bbox 499 1695 3157 1789; baseline -0.003 -20"><span class='ocrx_word' id='word_1_76' title='bbox 499 1700 732 1769; x_wconf 87' lang='lat' dir='ltr'><strong>Coram</strong></span> <span class='ocrx_word' id='word_1_77' title='bbox 785 1699 1108 1765; x_wconf 83' lang='lat' dir='ltr'><strong>universis</strong></span> <span class='ocrx_word' id='word_1_78' title='bbox 1163 1709 1228 1765; x_wconf 88' lang='lat' dir='ltr'><strong>et</strong></span> <span class='ocrx_word' id='word_1_79' title='bbox 1280 1700 1582 1787; x_wconf 89' lang='lat' dir='ltr'><strong>singulis,</strong></span> <span class='ocrx_word' id='word_1_80' title='bbox 1641 1701 1729 1771; x_wconf 89' lang='lat' dir='ltr'><strong>ad</strong></span> <span class='ocrx_word' id='word_1_81' title='bbox 1780 1724 1943 1789; x_wconf 89' lang='lat' dir='ltr'><strong>quos</strong></span> <span class='ocrx_word' id='word_1_82' title='bbox 1997 1710 2375 1789; x_wconf 78' lang='lat' dir='ltr'><strong>praesentes</strong></span> <span class='ocrx_word' id='word_1_83' title='bbox 2429 1699 2843 1789; x_wconf 88' lang='lat' dir='ltr'><strong>pervenerint</strong></span> <span class='ocrx_word' id='word_1_84' title='bbox 2885 1695 3157 1777; x_wconf 88' lang='lat' dir='ltr'><strong>litterae,</strong></span> 
     </span>
     <span class='ocr_line' id='line_1_11' title="bbox 323 1798 3246 1889; baseline -0.004 -21"><span class='ocrx_word' id='word_1_85' title='bbox 323 1826 454 1869; x_wconf 89' lang='lat' dir='ltr'><strong>nos</strong></span> <span class='ocrx_word' id='word_1_86' title='bbox 491 1798 868 1866; x_wconf 77' lang='lat' dir='ltr'><strong>Gerhardus</strong></span> <span class='ocrx_word' id='word_1_87' title='bbox 907 1798 1202 1865; x_wconf 88' lang='lat' dir='ltr'><strong>Bisental</strong></span> <span class='ocrx_word' id='word_1_88' title='bbox 1245 1799 1326 1865; x_wconf 88' lang='lat' dir='ltr'><strong>de</strong></span> <span class='ocrx_word' id='word_1_89' title='bbox 1369 1801 1783 1889; x_wconf 86' lang='lat' dir='ltr'><strong>Osterburgk</strong></span> <span class='ocrx_word' id='word_1_90' title='bbox 1795 1852 1812 1885; x_wconf 94' lang='lat'><strong>,</strong></span> <span class='ocrx_word' id='word_1_91' title='bbox 1873 1803 2111 1873; x_wconf 80' lang='lat' dir='ltr'><strong>artium</strong></span> <span class='ocrx_word' id='word_1_92' title='bbox 2166 1804 2508 1889; x_wconf 90' lang='lat' dir='ltr'><strong>magister,</strong></span> <span class='ocrx_word' id='word_1_93' title='bbox 2561 1798 2886 1866; x_wconf 81' lang='lat' dir='ltr'><strong>facultatis</strong></span> <span class='ocrx_word' id='word_1_94' title='bbox 2930 1818 3155 1861; x_wconf 88' lang='lat' dir='ltr'><strong>earun-</strong></span> <span class='ocrx_word' id='word_1_95' title='bbox 3182 1802 3246 1858; x_wconf 88' lang='lat'><strong>10</strong></span> 
     </span>
     <span class='ocr_line' id='line_1_12' title="bbox 329 1895 3162 1989; baseline -0.004 -20"><span class='ocrx_word' id='word_1_96' title='bbox 329 1902 482 1969; x_wconf 89' lang='lat' dir='ltr'><strong>dem</strong></span> <span class='ocrx_word' id='word_1_97' title='bbox 531 1900 766 1965; x_wconf 89' lang='lat' dir='ltr'><strong>artium</strong></span> <span class='ocrx_word' id='word_1_98' title='bbox 823 1898 1034 1964; x_wconf 86' lang='lat' dir='ltr'><strong>almae</strong></span> <span class='ocrx_word' id='word_1_99' title='bbox 1085 1901 1526 1965; x_wconf 85' lang='lat' dir='ltr'><strong>universitatis</strong></span> <span class='ocrx_word' id='word_1_100' title='bbox 1590 1902 1785 1967; x_wconf 89' lang='lat' dir='ltr'><strong>studii</strong></span> <span class='ocrx_word' id='word_1_101' title='bbox 1841 1903 2224 1989; x_wconf 87' lang='lat' dir='ltr'><strong>Lipczensis</strong></span> <span class='ocrx_word' id='word_1_102' title='bbox 2266 1900 2824 1987; x_wconf 87' lang='lat' dir='ltr'><strong>Merseburgensis</strong></span> <span class='ocrx_word' id='word_1_103' title='bbox 2885 1895 3162 1961; x_wconf 90' lang='lat' dir='ltr'><strong>diocesis</strong></span> 
     </span>
     <span class='ocr_line' id='line_1_13' title="bbox 331 1995 3163 2091; baseline -0.003 -24"><span class='ocrx_word' id='word_1_104' title='bbox 331 2003 648 2081; x_wconf 84' lang='lat' dir='ltr'><strong>decanus,</strong></span> <span class='ocrx_word' id='word_1_105' title='bbox 707 2006 972 2087; x_wconf 87' lang='lat' dir='ltr'><strong>totaque</strong></span> <span class='ocrx_word' id='word_1_106' title='bbox 1031 2002 1452 2067; x_wconf 87' lang='lat' dir='ltr'><strong>communitas</strong></span> <span class='ocrx_word' id='word_1_107' title='bbox 1495 2003 1780 2067; x_wconf 89' lang='lat' dir='ltr'><strong>omnium</strong></span> <span class='ocrx_word' id='word_1_108' title='bbox 1822 2012 1887 2067; x_wconf 93' lang='lat' dir='ltr'><strong>et</strong></span> <span class='ocrx_word' id='word_1_109' title='bbox 1929 2002 2329 2091; x_wconf 87' lang='lat' dir='ltr'><strong>singulorum</strong></span> <span class='ocrx_word' id='word_1_110' title='bbox 2373 2004 2833 2089; x_wconf 88' lang='lat' dir='ltr'><strong>magistrorum</strong></span> <span class='ocrx_word' id='word_1_111' title='bbox 2876 2000 2944 2061; x_wconf 90' lang='lat' dir='ltr'><strong>in</strong></span> <span class='ocrx_word' id='word_1_112' title='bbox 2987 1995 3163 2061; x_wconf 89' lang='lat' dir='ltr'><strong>dicta</strong></span> 
     </span>
     <span class='ocr_line' id='line_1_14' title="bbox 330 2094 3161 2193; baseline -0.003 -26"><span class='ocrx_word' id='word_1_113' title='bbox 330 2100 636 2167; x_wconf 81' lang='lat' dir='ltr'><strong>facultate</strong></span> <span class='ocrx_word' id='word_1_114' title='bbox 690 2108 840 2165; x_wconf 85' lang='lat' dir='ltr'><strong>actu</strong></span> <span class='ocrx_word' id='word_1_115' title='bbox 892 2100 1255 2186; x_wconf 87' lang='lat' dir='ltr'><strong>regentium</strong></span> <span class='ocrx_word' id='word_1_116' title='bbox 1309 2112 1532 2165; x_wconf 89' lang='lat' dir='ltr'><strong>tenore</strong></span> <span class='ocrx_word' id='word_1_117' title='bbox 1591 2104 2031 2189; x_wconf 87' lang='lat' dir='ltr'><strong>praesentium</strong></span> <span class='ocrx_word' id='word_1_118' title='bbox 2084 2104 2345 2193; x_wconf 88' lang='lat' dir='ltr'><strong>publice</strong></span> <span class='ocrx_word' id='word_1_119' title='bbox 2403 2100 2927 2189; x_wconf 77' lang='lat' dir='ltr'><strong>recognoscimus</strong></span> <span class='ocrx_word' id='word_1_120' title='bbox 2968 2094 3161 2185; x_wconf 88' lang='lat' dir='ltr'><strong>profi-</strong></span> 
     </span>
     <span class='ocr_line' id='line_1_15' title="bbox 327 2196 3163 2284; baseline -0.003 -17"><span class='ocrx_word' id='word_1_121' title='bbox 327 2212 564 2283; x_wconf 86' lang='lat' dir='ltr'><strong>tentes,</strong></span> <span class='ocrx_word' id='word_1_122' title='bbox 618 2199 1066 2265; x_wconf 85' lang='lat' dir='ltr'><strong>honorabilem</strong></span> <span class='ocrx_word' id='word_1_123' title='bbox 1120 2201 1353 2284; x_wconf 88' lang='lat' dir='ltr'><strong>virum,</strong></span> <span class='ocrx_word' id='word_1_124' title='bbox 1400 2200 1728 2267; x_wconf 89' lang='lat' dir='ltr'><strong>dominum</strong></span> <span class='ocrx_word' id='word_1_125' title='bbox 1769 2202 2121 2271; x_wconf 86' lang='lat' dir='ltr'><strong>Iohannem</strong></span> <span class='ocrx_word' id='word_1_126' title='bbox 2170 2203 2378 2270; x_wconf 88' lang='lat' dir='ltr'><strong>Fabri</strong></span> <span class='ocrx_word' id='word_1_127' title='bbox 2434 2203 2515 2269; x_wconf 91' lang='lat' dir='ltr'><strong>de</strong></span> <span class='ocrx_word' id='word_1_128' title='bbox 2557 2200 2873 2281; x_wconf 88' lang='lat' dir='ltr'><strong>Werdea,</strong></span> <span class='ocrx_word' id='word_1_129' title='bbox 2929 2196 3163 2262; x_wconf 89' lang='lat' dir='ltr'><strong>artium</strong></span> 
     </span>
     <span class='ocr_line' id='line_1_16' title="bbox 327 2298 3245 2391; baseline -0.003 -25"><span class='ocrx_word' id='word_1_130' title='bbox 327 2301 742 2388; x_wconf 83' lang='lat' dir='ltr'><strong>magistrum,</strong></span> <span class='ocrx_word' id='word_1_131' title='bbox 809 2313 1072 2365; x_wconf 86' lang='lat' dir='ltr'><strong>nostrae</strong></span> <span class='ocrx_word' id='word_1_132' title='bbox 1133 2300 1465 2366; x_wconf 85' lang='lat' dir='ltr'><strong>facultatis</strong></span> <span class='ocrx_word' id='word_1_133' title='bbox 1515 2302 1874 2367; x_wconf 89' lang='lat' dir='ltr'><strong>membrum</strong></span> <span class='ocrx_word' id='word_1_134' title='bbox 1935 2314 2002 2369; x_wconf 91' lang='lat' dir='ltr'><strong>et</strong></span> <span class='ocrx_word' id='word_1_135' title='bbox 2065 2303 2381 2391; x_wconf 86' lang='lat' dir='ltr'><strong>collegam</strong></span> <span class='ocrx_word' id='word_1_136' title='bbox 2438 2300 2785 2368; x_wconf 86' lang='lat' dir='ltr'><strong>admodum</strong></span> <span class='ocrx_word' id='word_1_137' title='bbox 2840 2298 3163 2377; x_wconf 88' lang='lat' dir='ltr'><strong>dilectum,</strong></span> <span class='ocrx_word' id='word_1_138' title='bbox 3183 2302 3245 2359; x_wconf 81' lang='lat'><strong>15</strong></span> 
     </span>
     <span class='ocr_line' id='line_1_17' title="bbox 329 2401 3160 2489; baseline -0.002 -22"><span class='ocrx_word' id='word_1_139' title='bbox 329 2410 486 2467; x_wconf 85' lang='lat' dir='ltr'><strong>ante</strong></span> <span class='ocrx_word' id='word_1_140' title='bbox 524 2409 793 2489; x_wconf 88' lang='lat' dir='ltr'><strong>quatuor</strong></span> <span class='ocrx_word' id='word_1_141' title='bbox 836 2422 1040 2464; x_wconf 88' lang='lat' dir='ltr'><strong>annos</strong></span> <span class='ocrx_word' id='word_1_142' title='bbox 1082 2402 1380 2486; x_wconf 83' lang='lat' dir='ltr'><strong>proxime</strong></span> <span class='ocrx_word' id='word_1_143' title='bbox 1424 2404 1810 2488; x_wconf 85' lang='lat' dir='ltr'><strong>praeteritos</strong></span> <span class='ocrx_word' id='word_1_144' title='bbox 1851 2402 2064 2469; x_wconf 88' lang='lat' dir='ltr'><strong>officio</strong></span> <span class='ocrx_word' id='word_1_145' title='bbox 2109 2404 2480 2485; x_wconf 89' lang='lat' dir='ltr'><strong>decanatus,</strong></span> <span class='ocrx_word' id='word_1_146' title='bbox 2526 2401 2611 2468; x_wconf 90' lang='lat' dir='ltr'><strong>ad</strong></span> <span class='ocrx_word' id='word_1_147' title='bbox 2655 2423 2843 2489; x_wconf 90' lang='lat' dir='ltr'><strong>quem</strong></span> <span class='ocrx_word' id='word_1_148' title='bbox 2886 2420 3002 2485; x_wconf 92' lang='lat' dir='ltr'><strong>per</strong></span> <span class='ocrx_word' id='word_1_149' title='bbox 3028 2418 3160 2460; x_wconf 88' lang='lat' dir='ltr'><strong>ma-</strong></span> 
     </span>
     <span class='ocr_line' id='line_1_18' title="bbox 327 2496 3164 2591; baseline -0.003 -24"><span class='ocrx_word' id='word_1_150' title='bbox 327 2503 600 2589; x_wconf 84' lang='lat' dir='ltr'><strong>gistros,</strong></span> <span class='ocrx_word' id='word_1_151' title='bbox 655 2496 1088 2586; x_wconf 84' lang='lat' dir='ltr'><strong>praelibatam</strong></span> <span class='ocrx_word' id='word_1_152' title='bbox 1145 2496 1250 2586; x_wconf 84' lang='lat'><strong>[34</strong></span> <span class='ocrx_word' id='word_1_153' title='bbox 1267 2497 1320 2587; x_wconf 78' lang='lat' dir='ltr'><strong>b]</strong></span> <span class='ocrx_word' id='word_1_154' title='bbox 1378 2498 1752 2567; x_wconf 85' lang='lat' dir='ltr'><strong>facultatem</strong></span> <span class='ocrx_word' id='word_1_155' title='bbox 1794 2504 2029 2568; x_wconf 88' lang='lat' dir='ltr'><strong>artium</strong></span> <span class='ocrx_word' id='word_1_156' title='bbox 2073 2512 2346 2591; x_wconf 88' lang='lat' dir='ltr'><strong>protunc</strong></span> <span class='ocrx_word' id='word_1_157' title='bbox 2387 2508 2979 2589; x_wconf 88' lang='lat' dir='ltr'><strong>repraesentantes,</strong></span> <span class='ocrx_word' id='word_1_158' title='bbox 3033 2517 3164 2561; x_wconf 93' lang='lat' dir='ltr'><strong>non</strong></span> 
     </span>
     <span class='ocr_line' id='line_1_19' title="bbox 331 2597 3162 2690; baseline -0.001 -23"><span class='ocrx_word' id='word_1_159' title='bbox 331 2598 730 2667; x_wconf 83' lang='lat' dir='ltr'><strong>obstantibus</strong></span> <span class='ocrx_word' id='word_1_160' title='bbox 787 2597 1178 2687; x_wconf 86' lang='lat' dir='ltr'><strong>quibusdam</strong></span> <span class='ocrx_word' id='word_1_161' title='bbox 1213 2598 1464 2665; x_wconf 90' lang='lat' dir='ltr'><strong>frivolis</strong></span> <span class='ocrx_word' id='word_1_162' title='bbox 1499 2600 1788 2667; x_wconf 89' lang='lat' dir='ltr'><strong>confictis</strong></span> <span class='ocrx_word' id='word_1_163' title='bbox 1833 2624 1913 2666; x_wconf 90' lang='lat' dir='ltr'><strong>ac</strong></span> <span class='ocrx_word' id='word_1_164' title='bbox 1955 2604 2211 2690; x_wconf 89' lang='lat' dir='ltr'><strong>penitus</strong></span> <span class='ocrx_word' id='word_1_165' title='bbox 2253 2601 2437 2669; x_wconf 88' lang='lat' dir='ltr'><strong>falsis</strong></span> <span class='ocrx_word' id='word_1_166' title='bbox 2477 2598 2999 2688; x_wconf 65' lang='lat' dir='ltr'><strong>exceptionibus,</strong></span> <span class='ocrx_word' id='word_1_167' title='bbox 3043 2616 3162 2683; x_wconf 82' lang='lat' dir='ltr'><strong>per</strong></span> 
     </span>
     <span class='ocr_line' id='line_1_20' title="bbox 335 2696 3165 2789; baseline -0.002 -23"><span class='ocrx_word' id='word_1_168' title='bbox 335 2710 548 2766; x_wconf 88' lang='lat' dir='ltr'><strong>certos</strong></span> <span class='ocrx_word' id='word_1_169' title='bbox 601 2720 751 2763; x_wconf 87' lang='lat' dir='ltr'><strong>suos</strong></span> <span class='ocrx_word' id='word_1_170' title='bbox 811 2696 1098 2764; x_wconf 89' lang='lat' dir='ltr'><strong>aemulos</strong></span> <span class='ocrx_word' id='word_1_171' title='bbox 1141 2710 1366 2766; x_wconf 86' lang='lat' dir='ltr'><strong>contra</strong></span> <span class='ocrx_word' id='word_1_172' title='bbox 1408 2722 1554 2765; x_wconf 91' lang='lat' dir='ltr'><strong>eum</strong></span> <span class='ocrx_word' id='word_1_173' title='bbox 1596 2710 1836 2767; x_wconf 89' lang='lat' dir='ltr'><strong>temere</strong></span> <span class='ocrx_word' id='word_1_174' title='bbox 1880 2704 2237 2789; x_wconf 88' lang='lat' dir='ltr'><strong>propositis</strong></span> <span class='ocrx_word' id='word_1_175' title='bbox 2282 2712 2345 2768; x_wconf 90' lang='lat' dir='ltr'><strong>et</strong></span> <span class='ocrx_word' id='word_1_176' title='bbox 2386 2702 2689 2784; x_wconf 91' lang='lat' dir='ltr'><strong>obiectis,</strong></span> <span class='ocrx_word' id='word_1_177' title='bbox 2750 2701 2875 2765; x_wconf 90' lang='lat' dir='ltr'><strong>rite</strong></span> <span class='ocrx_word' id='word_1_178' title='bbox 2930 2720 3009 2763; x_wconf 90' lang='lat' dir='ltr'><strong>ac</strong></span> <span class='ocrx_word' id='word_1_179' title='bbox 3064 2718 3165 2761; x_wconf 91' lang='lat' dir='ltr'><strong>ca-</strong></span> 
     </span>
     <span class='ocr_line' id='line_1_21' title="bbox 335 2796 3247 2889; baseline -0.003 -24"><span class='ocrx_word' id='word_1_180' title='bbox 335 2801 560 2865; x_wconf 87' lang='lat' dir='ltr'><strong>nonice</strong></span> <span class='ocrx_word' id='word_1_181' title='bbox 602 2798 844 2865; x_wconf 73' lang='lat' dir='ltr'><strong>elect-us</strong></span> <span class='ocrx_word' id='word_1_182' title='bbox 885 2798 1010 2863; x_wconf 83' lang='lat' dir='ltr'><strong>fuit</strong></span> <span class='ocrx_word' id='word_1_183' title='bbox 1025 2848 1044 2881; x_wconf 92' lang='lat'><strong>,</strong></span> <span class='ocrx_word' id='word_1_184' title='bbox 1083 2798 1438 2865; x_wconf 87' lang='lat' dir='ltr'><strong>honorifice</strong></span> <span class='ocrx_word' id='word_1_185' title='bbox 1477 2810 1542 2865; x_wconf 92' lang='lat' dir='ltr'><strong>et</strong></span> <span class='ocrx_word' id='word_1_186' title='bbox 1584 2800 1780 2888; x_wconf 89' lang='lat' dir='ltr'><strong>digne</strong></span> <span class='ocrx_word' id='word_1_187' title='bbox 1821 2801 2113 2868; x_wconf 87' lang='lat' dir='ltr'><strong>functum</strong></span> <span class='ocrx_word' id='word_1_188' title='bbox 2153 2804 2373 2885; x_wconf 88' lang='lat' dir='ltr'><strong>fuisse,</strong></span> <span class='ocrx_word' id='word_1_189' title='bbox 2417 2812 2567 2867; x_wconf 91' lang='lat' dir='ltr'><strong>acta</strong></span> <span class='ocrx_word' id='word_1_190' title='bbox 2609 2823 2863 2889; x_wconf 89' lang='lat' dir='ltr'><strong>quoque</strong></span> <span class='ocrx_word' id='word_1_191' title='bbox 2905 2807 2969 2863; x_wconf 93' lang='lat' dir='ltr'><strong>et</strong></span> <span class='ocrx_word' id='word_1_192' title='bbox 3006 2796 3161 2862; x_wconf 90' lang='lat' dir='ltr'><strong>acti-</strong></span> <span class='ocrx_word' id='word_1_193' title='bbox 3179 2802 3247 2858; x_wconf 86' lang='lat'><strong>20</strong></span> 
     </span>
     <span class='ocr_line' id='line_1_22' title="bbox 333 2896 3167 2982; baseline -0.001 -17"><span class='ocrx_word' id='word_1_194' title='bbox 333 2910 477 2965; x_wconf 88' lang='lat' dir='ltr'><strong>cata</strong></span> <span class='ocrx_word' id='word_1_195' title='bbox 531 2898 653 2964; x_wconf 88' lang='lat' dir='ltr'><strong>sub</strong></span> <span class='ocrx_word' id='word_1_196' title='bbox 717 2898 931 2964; x_wconf 87' lang='lat' dir='ltr'><strong>officio</strong></span> <span class='ocrx_word' id='word_1_197' title='bbox 993 2898 1096 2963; x_wconf 90' lang='lat' dir='ltr'><strong>sui</strong></span> <span class='ocrx_word' id='word_1_198' title='bbox 1152 2898 1508 2965; x_wconf 88' lang='lat' dir='ltr'><strong>decanatus</strong></span> <span class='ocrx_word' id='word_1_199' title='bbox 1567 2900 1650 2967; x_wconf 90' lang='lat' dir='ltr'><strong>de</strong></span> <span class='ocrx_word' id='word_1_200' title='bbox 1704 2924 1976 2967; x_wconf 87' lang='lat' dir='ltr'><strong>assensu</strong></span> <span class='ocrx_word' id='word_1_201' title='bbox 2025 2903 2261 2968; x_wconf 89' lang='lat' dir='ltr'><strong>nedum</strong></span> <span class='ocrx_word' id='word_1_202' title='bbox 2314 2912 2457 2969; x_wconf 92' lang='lat' dir='ltr'><strong>octo</strong></span> <span class='ocrx_word' id='word_1_203' title='bbox 2500 2902 2856 2982; x_wconf 89' lang='lat' dir='ltr'><strong>seniorum,</strong></span> <span class='ocrx_word' id='word_1_204' title='bbox 2912 2896 2999 2963; x_wconf 85' lang='lat' dir='ltr'><strong>ad</strong></span> <span class='ocrx_word' id='word_1_205' title='bbox 3041 2896 3167 2962; x_wconf 90' lang='lat' dir='ltr'><strong>hoc</strong></span> 
     </span>
     <span class='ocr_line' id='line_1_23' title="bbox 335 2997 3167 3083; baseline -0.002 -17"><span class='ocrx_word' id='word_1_206' title='bbox 335 3003 513 3066; x_wconf 84' lang='lat' dir='ltr'><strong>iuxta</strong></span> <span class='ocrx_word' id='word_1_207' title='bbox 553 3007 864 3065; x_wconf 88' lang='lat' dir='ltr'><strong>statutum</strong></span> <span class='ocrx_word' id='word_1_208' title='bbox 907 3006 974 3063; x_wconf 88' lang='lat' dir='ltr'><strong>et</strong></span> <span class='ocrx_word' id='word_1_209' title='bbox 996 2997 1524 3063; x_wconf 87' lang='lat' dir='ltr'><strong>consuetudinem</strong></span> <span class='ocrx_word' id='word_1_210' title='bbox 1564 2999 1776 3067; x_wconf 91' lang='lat' dir='ltr'><strong>dictae</strong></span> <span class='ocrx_word' id='word_1_211' title='bbox 1804 3002 2132 3067; x_wconf 83' lang='lat' dir='ltr'><strong>facultatis</strong></span> <span class='ocrx_word' id='word_1_212' title='bbox 2155 3013 2675 3083; x_wconf 83' lang='lat' dir='ltr'><strong>convocatorum,</strong></span> <span class='ocrx_word' id='word_1_213' title='bbox 2719 3022 2943 3064; x_wconf 88' lang='lat' dir='ltr'><strong>verum</strong></span> <span class='ocrx_word' id='word_1_214' title='bbox 2972 2997 3167 3062; x_wconf 88' lang='lat' dir='ltr'><strong>etiam</strong></span> 
     </span>
     <span class='ocr_line' id='line_1_24' title="bbox 334 3096 3165 3189; baseline -0.002 -24"><span class='ocrx_word' id='word_1_215' title='bbox 334 3103 506 3167; x_wconf 89' lang='lat' dir='ltr'><strong>iussu</strong></span> <span class='ocrx_word' id='word_1_216' title='bbox 547 3110 612 3165; x_wconf 87' lang='lat' dir='ltr'><strong>et</strong></span> <span class='ocrx_word' id='word_1_217' title='bbox 650 3097 982 3164; x_wconf 88' lang='lat' dir='ltr'><strong>voluntate</strong></span> <span class='ocrx_word' id='word_1_218' title='bbox 1019 3100 1217 3164; x_wconf 87' lang='lat' dir='ltr'><strong>totius</strong></span> <span class='ocrx_word' id='word_1_219' title='bbox 1256 3097 1587 3164; x_wconf 85' lang='lat' dir='ltr'><strong>facultatis</strong></span> <span class='ocrx_word' id='word_1_220' title='bbox 1631 3123 1750 3189; x_wconf 90' lang='lat' dir='ltr'><strong>pro</strong></span> <span class='ocrx_word' id='word_1_221' title='bbox 1791 3100 2056 3185; x_wconf 90' lang='lat' dir='ltr'><strong>honore,</strong></span> <span class='ocrx_word' id='word_1_222' title='bbox 2102 3101 2367 3168; x_wconf 91' lang='lat' dir='ltr'><strong>comodo</strong></span> <span class='ocrx_word' id='word_1_223' title='bbox 2408 3124 2487 3167; x_wconf 92' lang='lat' dir='ltr'><strong>ac</strong></span> <span class='ocrx_word' id='word_1_224' title='bbox 2512 3100 2792 3167; x_wconf 89' lang='lat' dir='ltr'><strong>utilitate</strong></span> <span class='ocrx_word' id='word_1_225' title='bbox 2819 3096 3165 3164; x_wconf 85' lang='lat' dir='ltr'><strong>iamdictae</strong></span> 
     </span>
     <span class='ocr_line' id='line_1_25' title="bbox 335 3197 3165 3289; baseline -0.002 -22"><span class='ocrx_word' id='word_1_226' title='bbox 335 3199 646 3267; x_wconf 85' lang='lat' dir='ltr'><strong>facultatis</strong></span> <span class='ocrx_word' id='word_1_227' title='bbox 691 3202 762 3265; x_wconf 90' lang='lat' dir='ltr'><strong>in</strong></span> <span class='ocrx_word' id='word_1_228' title='bbox 797 3197 1036 3264; x_wconf 86' lang='lat' dir='ltr'><strong>librum</strong></span> <span class='ocrx_word' id='word_1_229' title='bbox 1050 3249 1069 3281; x_wconf 95' lang='lat'><strong>,</strong></span> <span class='ocrx_word' id='word_1_230' title='bbox 1136 3199 1582 3265; x_wconf 88' lang='lat' dir='ltr'><strong>conclusorum</strong></span> <span class='ocrx_word' id='word_1_231' title='bbox 1627 3202 2049 3267; x_wconf 89' lang='lat' dir='ltr'><strong>communiter</strong></span> <span class='ocrx_word' id='word_1_232' title='bbox 2089 3211 2565 3288; x_wconf 89' lang='lat' dir='ltr'><strong>nuncupatum,</strong></span> <span class='ocrx_word' id='word_1_233' title='bbox 2610 3203 2795 3266; x_wconf 82' lang='lat' dir='ltr'><strong>iuxta</strong></span> <span class='ocrx_word' id='word_1_234' title='bbox 2838 3197 3165 3289; x_wconf 89' lang='lat' dir='ltr'><strong>quoddam</strong></span> 
     </span>
     <span class='ocr_line' id='line_1_26' title="bbox 337 3298 3243 3392; baseline -0.002 -26"><span class='ocrx_word' id='word_1_235' title='bbox 337 3311 633 3368; x_wconf 86' lang='lat' dir='ltr'><strong>statutum</strong></span> <span class='ocrx_word' id='word_1_236' title='bbox 676 3300 993 3381; x_wconf 89' lang='lat' dir='ltr'><strong>iuratum,</strong></span> <span class='ocrx_word' id='word_1_237' title='bbox 1040 3308 1233 3385; x_wconf 90' lang='lat' dir='ltr'><strong>prout</strong></span> <span class='ocrx_word' id='word_1_238' title='bbox 1271 3322 1427 3365; x_wconf 89' lang='lat' dir='ltr'><strong>vere</strong></span> <span class='ocrx_word' id='word_1_239' title='bbox 1469 3309 1656 3386; x_wconf 88' lang='lat' dir='ltr'><strong>gesta</strong></span> <span class='ocrx_word' id='word_1_240' title='bbox 1697 3310 1760 3366; x_wconf 89' lang='lat' dir='ltr'><strong>et</strong></span> <span class='ocrx_word' id='word_1_241' title='bbox 1802 3309 1952 3366; x_wconf 88' lang='lat' dir='ltr'><strong>acta</strong></span> <span class='ocrx_word' id='word_1_242' title='bbox 1996 3311 2184 3367; x_wconf 89' lang='lat' dir='ltr'><strong>erant</strong></span> <span class='ocrx_word' id='word_1_243' title='bbox 2198 3352 2215 3385; x_wconf 96' lang='lat'><strong>,</strong></span> <span class='ocrx_word' id='word_1_244' title='bbox 2256 3301 2534 3367; x_wconf 88' lang='lat' dir='ltr'><strong>fideliter</strong></span> <span class='ocrx_word' id='word_1_245' title='bbox 2575 3301 3006 3392; x_wconf 86' lang='lat' dir='ltr'><strong>inscripsisse,</strong></span> <span class='ocrx_word' id='word_1_246' title='bbox 3053 3298 3159 3361; x_wconf 89' lang='lat' dir='ltr'><strong>de-</strong></span> <span class='ocrx_word' id='word_1_247' title='bbox 3177 3303 3243 3360; x_wconf 85' lang='lat'><strong>25</strong></span> 
     </span>
     <span class='ocr_line' id='line_1_27' title="bbox 337 3397 3159 3489; baseline -0.003 -22"><span class='ocrx_word' id='word_1_248' title='bbox 337 3401 478 3467; x_wconf 85' lang='lat' dir='ltr'><strong>hinc</strong></span> <span class='ocrx_word' id='word_1_249' title='bbox 516 3421 790 3488; x_wconf 87' lang='lat' dir='ltr'><strong>quoque,</strong></span> <span class='ocrx_word' id='word_1_250' title='bbox 834 3399 1138 3486; x_wconf 88' lang='lat' dir='ltr'><strong>quoniam</strong></span> <span class='ocrx_word' id='word_1_251' title='bbox 1177 3398 1545 3466; x_wconf 90' lang='lat' dir='ltr'><strong>huiusmodi</strong></span> <span class='ocrx_word' id='word_1_252' title='bbox 1591 3402 2082 3488; x_wconf 88' lang='lat' dir='ltr'><strong>inscriptionem</strong></span> <span class='ocrx_word' id='word_1_253' title='bbox 2124 3403 2282 3467; x_wconf 87' lang='lat' dir='ltr'><strong>certi</strong></span> <span class='ocrx_word' id='word_1_254' title='bbox 2323 3403 2623 3489; x_wconf 88' lang='lat' dir='ltr'><strong>magistri</strong></span> <span class='ocrx_word' id='word_1_255' title='bbox 2666 3400 2883 3466; x_wconf 90' lang='lat' dir='ltr'><strong>dictae</strong></span> <span class='ocrx_word' id='word_1_256' title='bbox 2907 3397 3159 3463; x_wconf 90' lang='lat' dir='ltr'><strong>univer-</strong></span> 
     </span>
     <span class='ocr_line' id='line_1_28' title="bbox 340 3495 3161 3587; baseline -0.002 -21"><span class='ocrx_word' id='word_1_257' title='bbox 340 3502 536 3566; x_wconf 87' lang='lat' dir='ltr'><strong>sitatis</strong></span> <span class='ocrx_word' id='word_1_258' title='bbox 573 3501 966 3587; x_wconf 77' lang='lat' dir='ltr'><strong>impugnare</strong></span> <span class='ocrx_word' id='word_1_259' title='bbox 1002 3498 1130 3564; x_wconf 91' lang='lat' dir='ltr'><strong>nisi</strong></span> <span class='ocrx_word' id='word_1_260' title='bbox 1172 3521 1252 3564; x_wconf 89' lang='lat' dir='ltr'><strong>ac</strong></span> <span class='ocrx_word' id='word_1_261' title='bbox 1294 3501 1442 3565; x_wconf 89' lang='lat' dir='ltr'><strong>ausi</strong></span> <span class='ocrx_word' id='word_1_262' title='bbox 1463 3500 1724 3582; x_wconf 87' lang='lat' dir='ltr'><strong>fuerint,</strong></span> <span class='ocrx_word' id='word_1_263' title='bbox 1769 3500 1890 3565; x_wconf 89' lang='lat' dir='ltr'><strong>sub</strong></span> <span class='ocrx_word' id='word_1_264' title='bbox 1936 3501 2255 3567; x_wconf 87' lang='lat' dir='ltr'><strong>decanatu</strong></span> <span class='ocrx_word' id='word_1_265' title='bbox 2296 3500 2695 3568; x_wconf 87' lang='lat' dir='ltr'><strong>honorabilis</strong></span> <span class='ocrx_word' id='word_1_266' title='bbox 2729 3500 2871 3582; x_wconf 84' lang='lat' dir='ltr'><strong>viri,</strong></span> <span class='ocrx_word' id='word_1_267' title='bbox 2916 3495 3161 3563; x_wconf 89' lang='lat' dir='ltr'><strong>domini</strong></span> 
     </span>
     <span class='ocr_line' id='line_1_29' title="bbox 339 3596 3161 3689; baseline -0.002 -24"><span class='ocrx_word' id='word_1_268' title='bbox 339 3599 620 3686; x_wconf 85' lang='lat' dir='ltr'><strong>magistri</strong></span> <span class='ocrx_word' id='word_1_269' title='bbox 673 3597 1046 3664; x_wconf 90' lang='lat' dir='ltr'><strong>Wenceslai</strong></span> <span class='ocrx_word' id='word_1_270' title='bbox 1101 3597 1182 3663; x_wconf 92' lang='lat' dir='ltr'><strong>de</strong></span> <span class='ocrx_word' id='word_1_271' title='bbox 1237 3599 1609 3684; x_wconf 83' lang='lat' dir='ltr'><strong>Budweisz,</strong></span> <span class='ocrx_word' id='word_1_272' title='bbox 1662 3599 2025 3666; x_wconf 88' lang='lat' dir='ltr'><strong>medicinae</strong></span> <span class='ocrx_word' id='word_1_273' title='bbox 2076 3600 2433 3667; x_wconf 88' lang='lat' dir='ltr'><strong>baccalarii</strong></span> <span class='ocrx_word' id='word_1_274' title='bbox 2446 3652 2463 3685; x_wconf 95' lang='lat'><strong>,</strong></span> <span class='ocrx_word' id='word_1_275' title='bbox 2518 3622 2635 3689; x_wconf 92' lang='lat' dir='ltr'><strong>per</strong></span> <span class='ocrx_word' id='word_1_276' title='bbox 2692 3599 3039 3686; x_wconf 88' lang='lat' dir='ltr'><strong>magistros</strong></span> <span class='ocrx_word' id='word_1_277' title='bbox 3092 3596 3161 3660; x_wconf 91' lang='lat' dir='ltr'><strong>in</strong></span> 
     </span>
     <span class='ocr_line' id='line_1_30' title="bbox 341 3695 3162 3787; baseline -0.002 -22"><span class='ocrx_word' id='word_1_278' title='bbox 341 3699 698 3787; x_wconf 86' lang='lat' dir='ltr'><strong>saepedicta</strong></span> <span class='ocrx_word' id='word_1_279' title='bbox 737 3697 1046 3764; x_wconf 80' lang='lat' dir='ltr'><strong>facultate</strong></span> <span class='ocrx_word' id='word_1_280' title='bbox 1088 3707 1237 3764; x_wconf 89' lang='lat' dir='ltr'><strong>actu</strong></span> <span class='ocrx_word' id='word_1_281' title='bbox 1278 3711 1576 3785; x_wconf 89' lang='lat' dir='ltr'><strong>regentes</strong></span> <span class='ocrx_word' id='word_1_282' title='bbox 1621 3699 2031 3767; x_wconf 87' lang='lat' dir='ltr'><strong>concorditer</strong></span> <span class='ocrx_word' id='word_1_283' title='bbox 2075 3701 2450 3767; x_wconf 89' lang='lat' dir='ltr'><strong>conclusum</strong></span> <span class='ocrx_word' id='word_1_284' title='bbox 2488 3701 2716 3766; x_wconf 86' lang='lat' dir='ltr'><strong>fuisse:</strong></span> <span class='ocrx_word' id='word_1_285' title='bbox 2762 3696 2933 3786; x_wconf 90' lang='lat' dir='ltr'><strong>quod</strong></span> <span class='ocrx_word' id='word_1_286' title='bbox 2948 3745 2964 3778; x_wconf 93' lang='lat'><strong>,</strong></span> <span class='ocrx_word' id='word_1_287' title='bbox 3010 3695 3162 3780; x_wconf 89' lang='lat' dir='ltr'><strong>quia</strong></span> 
     </span>
     <span class='ocr_line' id='line_1_31' title="bbox 341 3795 3245 3886; baseline -0.002 -22"><span class='ocrx_word' id='word_1_288' title='bbox 341 3797 690 3864; x_wconf 88' lang='lat' dir='ltr'><strong>huiusmodi</strong></span> <span class='ocrx_word' id='word_1_289' title='bbox 743 3819 905 3864; x_wconf 87' lang='lat' dir='ltr'><strong>vera</strong></span> <span class='ocrx_word' id='word_1_290' title='bbox 953 3798 1295 3886; x_wconf 87' lang='lat' dir='ltr'><strong>inscriptio</strong></span> <span class='ocrx_word' id='word_1_291' title='bbox 1347 3799 1428 3865; x_wconf 90' lang='lat' dir='ltr'><strong>de</strong></span> <span class='ocrx_word' id='word_1_292' title='bbox 1483 3810 1548 3866; x_wconf 90' lang='lat' dir='ltr'><strong>et</strong></span> <span class='ocrx_word' id='word_1_293' title='bbox 1600 3823 1683 3867; x_wconf 85' lang='lat' dir='ltr'><strong>ex</strong></span> <span class='ocrx_word' id='word_1_294' title='bbox 1730 3799 2038 3866; x_wconf 89' lang='lat' dir='ltr'><strong>mandato</strong></span> <span class='ocrx_word' id='word_1_295' title='bbox 2089 3802 2283 3867; x_wconf 89' lang='lat' dir='ltr'><strong>totius</strong></span> <span class='ocrx_word' id='word_1_296' title='bbox 2318 3801 2643 3867; x_wconf 85' lang='lat' dir='ltr'><strong>facultatis</strong></span> <span class='ocrx_word' id='word_1_297' title='bbox 2658 3850 2677 3882; x_wconf 93' lang='lat'><strong>,</strong></span> <span class='ocrx_word' id='word_1_298' title='bbox 2736 3795 3245 3886; x_wconf 65' lang='lat' dir='ltr'><strong>praecedentem</strong></span> 
     </span>
     <span class='ocr_line' id='line_1_32' title="bbox 345 3893 3158 3983; baseline -0.001 -21"><span class='ocrx_word' id='word_1_299' title='bbox 345 3899 518 3964; x_wconf 82' lang='lat' dir='ltr'><strong>etiam</strong></span> <span class='ocrx_word' id='word_1_300' title='bbox 561 3921 836 3964; x_wconf 88' lang='lat' dir='ltr'><strong>assensu</strong></span> <span class='ocrx_word' id='word_1_301' title='bbox 879 3908 1024 3964; x_wconf 91' lang='lat' dir='ltr'><strong>octo</strong></span> <span class='ocrx_word' id='word_1_302' title='bbox 1065 3901 1391 3965; x_wconf 88' lang='lat' dir='ltr'><strong>seniorum</strong></span> <span class='ocrx_word' id='word_1_303' title='bbox 1408 3949 1427 3983; x_wconf 99' lang='lat'><strong>,</strong></span> <span class='ocrx_word' id='word_1_304' title='bbox 1474 3898 1688 3966; x_wconf 88' lang='lat' dir='ltr'><strong>debite</strong></span> <span class='ocrx_word' id='word_1_305' title='bbox 1729 3923 1809 3967; x_wconf 92' lang='lat' dir='ltr'><strong>ac</strong></span> <span class='ocrx_word' id='word_1_306' title='bbox 1849 3899 2129 3966; x_wconf 88' lang='lat' dir='ltr'><strong>fideliter</strong></span> <span class='ocrx_word' id='word_1_307' title='bbox 2175 3901 2243 3965; x_wconf 91' lang='lat' dir='ltr'><strong>in</strong></span> <span class='ocrx_word' id='word_1_308' title='bbox 2276 3899 2515 3966; x_wconf 91' lang='lat' dir='ltr'><strong>librum</strong></span> <span class='ocrx_word' id='word_1_309' title='bbox 2555 3898 3005 3965; x_wconf 87' lang='lat' dir='ltr'><strong>conclusorum</strong></span> <span class='ocrx_word' id='word_1_310' title='bbox 3050 3893 3158 3960; x_wconf 93' lang='lat' dir='ltr'><strong>ob-</strong></span> 
     </span>
     <span class='ocr_line' id='line_1_33' title="bbox 344 3997 3159 4088; baseline 0 -26"><span class='ocrx_word' id='word_1_311' title='bbox 344 4000 580 4086; x_wconf 85' lang='lat' dir='ltr'><strong>signata</strong></span> <span class='ocrx_word' id='word_1_312' title='bbox 631 3998 830 4064; x_wconf 86' lang='lat' dir='ltr'><strong>fuerit</strong></span> <span class='ocrx_word' id='word_1_313' title='bbox 845 4048 863 4081; x_wconf 90' lang='lat'>‚</span> <span class='ocrx_word' id='word_1_314' title='bbox 918 3997 1184 4064; x_wconf 86' lang='lat' dir='ltr'><strong>deberet</strong></span> <span class='ocrx_word' id='word_1_315' title='bbox 1235 3999 1643 4087; x_wconf 88' lang='lat' dir='ltr'><strong>saepedictus</strong></span> <span class='ocrx_word' id='word_1_316' title='bbox 1700 4003 2011 4088; x_wconf 77' lang='lat' dir='ltr'><strong>magister</strong></span> <span class='ocrx_word' id='word_1_317' title='bbox 2050 4001 2371 4067; x_wconf 90' lang='lat' dir='ltr'><strong>Iohannes</strong></span> <span class='ocrx_word' id='word_1_318' title='bbox 2413 3998 2621 4065; x_wconf 84' lang='lat' dir='ltr'><strong>Fabri</strong></span> <span class='ocrx_word' id='word_1_319' title='bbox 2660 4000 2890 4064; x_wconf 91' lang='lat' dir='ltr'><strong>merito</strong></span> <span class='ocrx_word' id='word_1_320' title='bbox 2937 4019 3017 4063; x_wconf 91' lang='lat' dir='ltr'><strong>ac</strong></span> <span class='ocrx_word' id='word_1_321' title='bbox 3059 4018 3159 4061; x_wconf 89' lang='lat' dir='ltr'><strong>ra-</strong></span> 
     </span>
     <span class='ocr_line' id='line_1_34' title="bbox 343 4094 3158 4188; baseline -0.001 -24"><span class='ocrx_word' id='word_1_322' title='bbox 343 4100 500 4164; x_wconf 88' lang='lat' dir='ltr'><strong>tiona</strong></span> <span class='ocrx_word' id='word_1_323' title='bbox 515 4095 618 4186; x_wconf 84' lang='lat'><strong>[35</strong></span> <span class='ocrx_word' id='word_1_324' title='bbox 635 4094 686 4184; x_wconf 82' lang='lat'><strong>⁸]</strong></span> <span class='ocrx_word' id='word_1_325' title='bbox 702 4097 920 4163; x_wconf 87' lang='lat' dir='ltr'><strong>biliter</strong></span> <span class='ocrx_word' id='word_1_326' title='bbox 965 4107 1189 4164; x_wconf 87' lang='lat' dir='ltr'><strong>contra</strong></span> <span class='ocrx_word' id='word_1_327' title='bbox 1231 4121 1647 4187; x_wconf 87' lang='lat' dir='ltr'><strong>quoscunque</strong></span> <span class='ocrx_word' id='word_1_328' title='bbox 1689 4102 2142 4188; x_wconf 88' lang='lat' dir='ltr'><strong>impugnantes</strong></span> <span class='ocrx_word' id='word_1_329' title='bbox 2184 4099 2290 4165; x_wconf 91' lang='lat' dir='ltr'><strong>vel</strong></span> <span class='ocrx_word' id='word_1_330' title='bbox 2320 4102 2703 4188; x_wconf 86' lang='lat' dir='ltr'><strong>impugnare</strong></span> <span class='ocrx_word' id='word_1_331' title='bbox 2734 4096 3158 4186; x_wconf 89' lang='lat' dir='ltr'><strong>praetenden-</strong></span> 
     </span>
     <span class='ocr_line' id='line_1_35' title="bbox 345 4196 3154 4289; baseline -0.002 -25"><span class='ocrx_word' id='word_1_332' title='bbox 345 4209 428 4264; x_wconf 85' lang='lat' dir='ltr'><strong>tes</strong></span> <span class='ocrx_word' id='word_1_333' title='bbox 467 4196 833 4264; x_wconf 87' lang='lat' dir='ltr'><strong>huiusmodi</strong></span> <span class='ocrx_word' id='word_1_334' title='bbox 871 4199 1360 4285; x_wconf 86' lang='lat' dir='ltr'><strong>inscriptionem</strong></span> <span class='ocrx_word' id='word_1_335' title='bbox 1397 4222 1514 4287; x_wconf 89' lang='lat' dir='ltr'><strong>per</strong></span> <span class='ocrx_word' id='word_1_336' title='bbox 1556 4200 1983 4289; x_wconf 86' lang='lat' dir='ltr'><strong>praelibatam</strong></span> <span class='ocrx_word' id='word_1_337' title='bbox 2029 4200 2401 4268; x_wconf 89' lang='lat' dir='ltr'><strong>facultatem</strong></span> <span class='ocrx_word' id='word_1_338' title='bbox 2446 4199 2599 4264; x_wconf 88' lang='lat' dir='ltr'><strong>totis</strong></span> <span class='ocrx_word' id='word_1_339' title='bbox 2642 4198 2895 4265; x_wconf 88' lang='lat' dir='ltr'><strong>viribus</strong></span> <span class='ocrx_word' id='word_1_340' title='bbox 2941 4196 3154 4260; x_wconf 88' lang='lat' dir='ltr'><strong>defen-</strong></span> 
     </span>
     <span class='ocr_line' id='line_1_36' title="bbox 349 4295 3237 4387; baseline -0.001 -24"><span class='ocrx_word' id='word_1_341' title='bbox 349 4300 460 4363; x_wconf 87' lang='lat' dir='ltr'><strong>sari</strong></span> <span class='ocrx_word' id='word_1_342' title='bbox 499 4297 1044 4387; x_wconf 83' lang='lat' dir='ltr'><strong>effectualiterque</strong></span> <span class='ocrx_word' id='word_1_343' title='bbox 1086 4300 1486 4363; x_wconf 88' lang='lat' dir='ltr'><strong>manuteneri</strong></span> <span class='ocrx_word' id='word_1_344' title='bbox 1503 4347 1521 4380; x_wconf 86' lang='lat'><strong>,</strong></span> <span class='ocrx_word' id='word_1_345' title='bbox 1579 4310 1773 4385; x_wconf 88' lang='lat' dir='ltr'><strong>prout</strong></span> <span class='ocrx_word' id='word_1_346' title='bbox 1813 4323 1897 4365; x_wconf 83' lang='lat' dir='ltr'><strong>ex</strong></span> <span class='ocrx_word' id='word_1_347' title='bbox 1939 4303 2127 4384; x_wconf 88' lang='lat' dir='ltr'><strong>actis,</strong></span> <span class='ocrx_word' id='word_1_348' title='bbox 2184 4298 2303 4364; x_wconf 90' lang='lat' dir='ltr'><strong>sub</strong></span> <span class='ocrx_word' id='word_1_349' title='bbox 2350 4298 2669 4364; x_wconf 88' lang='lat' dir='ltr'><strong>decanatu</strong></span> <span class='ocrx_word' id='word_1_350' title='bbox 2711 4297 2869 4363; x_wconf 87' lang='lat' dir='ltr'><strong>dicti</strong></span> <span class='ocrx_word' id='word_1_351' title='bbox 2911 4295 3153 4362; x_wconf 88' lang='lat' dir='ltr'><strong>domini</strong></span> <span class='ocrx_word' id='word_1_352' title='bbox 3170 4301 3237 4358; x_wconf 80' lang='lat'><strong>35</strong></span> 
     </span>
     <span class='ocr_line' id='line_1_37' title="bbox 344 4395 3153 4488; baseline -0.002 -24"><span class='ocrx_word' id='word_1_353' title='bbox 344 4397 618 4486; x_wconf 73' lang='lat' dir='ltr'><strong>magistri</strong></span> <span class='ocrx_word' id='word_1_354' title='bbox 644 4395 1014 4462; x_wconf 87' lang='lat' dir='ltr'><strong>Wenceslai</strong></span> <span class='ocrx_word' id='word_1_355' title='bbox 1042 4398 1394 4484; x_wconf 89' lang='lat' dir='ltr'><strong>inscriptis,</strong></span> <span class='ocrx_word' id='word_1_356' title='bbox 1439 4400 1728 4486; x_wconf 85' lang='lat' dir='ltr'><strong>conspici</strong></span> <span class='ocrx_word' id='word_1_357' title='bbox 1766 4401 2659 4488; x_wconf 83' lang='lat' dir='ltr'><strong>poterit;.praememoratum</strong></span> <span class='ocrx_word' id='word_1_358' title='bbox 2704 4397 2978 4484; x_wconf 87' lang='lat' dir='ltr'><strong>denique</strong></span> <span class='ocrx_word' id='word_1_359' title='bbox 3022 4417 3153 4458; x_wconf 91' lang='lat' dir='ltr'><strong>ma—</strong></span> 
     </span>
     <span class='ocr_line' id='line_1_38' title="bbox 348 4496 3157 4584; baseline -0.003 -20"><span class='ocrx_word' id='word_1_360' title='bbox 348 4499 598 4584; x_wconf 82' lang='lat' dir='ltr'><strong>gistrum</strong></span> <span class='ocrx_word' id='word_1_361' title='bbox 651 4496 1004 4562; x_wconf 88' lang='lat' dir='ltr'><strong>Iohannem</strong></span> <span class='ocrx_word' id='word_1_362' title='bbox 1043 4496 1250 4562; x_wconf 85' lang='lat' dir='ltr'><strong>Fabri</strong></span> <span class='ocrx_word' id='word_1_363' title='bbox 1296 4497 1378 4563; x_wconf 91' lang='lat' dir='ltr'><strong>de</strong></span> <span class='ocrx_word' id='word_1_364' title='bbox 1418 4497 1707 4565; x_wconf 89' lang='lat' dir='ltr'><strong>Werdea</strong></span> <span class='ocrx_word' id='word_1_365' title='bbox 1759 4522 1926 4564; x_wconf 89' lang='lat' dir='ltr'><strong>anno</strong></span> <span class='ocrx_word' id='word_1_366' title='bbox 1978 4499 2223 4565; x_wconf 90' lang='lat' dir='ltr'><strong>domini</strong></span> <span class='ocrx_word' id='word_1_367' title='bbox 2276 4498 2617 4564; x_wconf 89' lang='lat' dir='ltr'><strong>millesimo</strong></span> <span class='ocrx_word' id='word_1_368' title='bbox 2658 4496 3157 4582; x_wconf 88' lang='lat' dir='ltr'><strong>quadringente-</strong></span> 
     </span>
     <span class='ocr_line' id='line_1_39' title="bbox 351 4596 3150 4684; baseline -0.001 -22"><span class='ocrx_word' id='word_1_369' title='bbox 351 4599 488 4665; x_wconf 86' lang='lat' dir='ltr'><strong>simo</strong></span> <span class='ocrx_word' id='word_1_370' title='bbox 545 4597 984 4684; x_wconf 87' lang='lat' dir='ltr'><strong>octuagesimo</strong></span> <span class='ocrx_word' id='word_1_371' title='bbox 1035 4619 1207 4663; x_wconf 93' lang='lat' dir='ltr'><strong>nono</strong></span> <span class='ocrx_word' id='word_1_372' title='bbox 1253 4621 1338 4663; x_wconf 88' lang='lat' dir='ltr'><strong>ex</strong></span> <span class='ocrx_word' id='word_1_373' title='bbox 1379 4597 1684 4664; x_wconf 86' lang='lat' dir='ltr'><strong>mandato</strong></span> <span class='ocrx_word' id='word_1_374' title='bbox 1728 4609 1793 4662; x_wconf 90' lang='lat' dir='ltr'><strong>et</strong></span> <span class='ocrx_word' id='word_1_375' title='bbox 1836 4599 2285 4664; x_wconf 88' lang='lat' dir='ltr'><strong>commissione</strong></span> <span class='ocrx_word' id='word_1_376' title='bbox 2326 4597 2558 4664; x_wconf 87' lang='lat' dir='ltr'><strong>decani</strong></span> <span class='ocrx_word' id='word_1_377' title='bbox 2596 4596 2919 4662; x_wconf 86' lang='lat' dir='ltr'><strong>facultatis</strong></span> <span class='ocrx_word' id='word_1_378' title='bbox 2962 4615 3150 4681; x_wconf 89' lang='lat' dir='ltr'><strong>prae-</strong></span> 
     </span>
     <span class='ocr_line' id='line_1_40' title="bbox 355 4694 3157 4787; baseline -0.001 -26"><span class='ocrx_word' id='word_1_379' title='bbox 355 4695 570 4764; x_wconf 85' lang='lat' dir='ltr'><strong>libatae</strong></span> <span class='ocrx_word' id='word_1_380' title='bbox 619 4719 873 4762; x_wconf 83' lang='lat' dir='ltr'><strong>necnon</strong></span> <span class='ocrx_word' id='word_1_381' title='bbox 921 4697 1226 4764; x_wconf 89' lang='lat' dir='ltr'><strong>concordi</strong></span> <span class='ocrx_word' id='word_1_382' title='bbox 1267 4699 1682 4787; x_wconf 88' lang='lat' dir='ltr'><strong>unanimique</strong></span> <span class='ocrx_word' id='word_1_383' title='bbox 1724 4719 2041 4763; x_wconf 87' lang='lat' dir='ltr'><strong>consensu</strong></span> <span class='ocrx_word' id='word_1_384' title='bbox 2080 4699 2362 4764; x_wconf 91' lang='lat' dir='ltr'><strong>omnium</strong></span> <span class='ocrx_word' id='word_1_385' title='bbox 2410 4709 2475 4762; x_wconf 91' lang='lat' dir='ltr'><strong>et</strong></span> <span class='ocrx_word' id='word_1_386' title='bbox 2512 4695 2911 4782; x_wconf 87' lang='lat' dir='ltr'><strong>singulorum</strong></span> <span class='ocrx_word' id='word_1_387' title='bbox 2954 4694 3157 4780; x_wconf 85' lang='lat' dir='ltr'><strong>magi—</strong></span> 
     </span>
     <span class='ocr_line' id='line_1_41' title="bbox 355 4795 3240 4885; baseline -0.001 -25"><span class='ocrx_word' id='word_1_388' title='bbox 355 4807 606 4864; x_wconf 86' lang='lat' dir='ltr'><strong>strorum</strong></span> <span class='ocrx_word' id='word_1_389' title='bbox 645 4795 1059 4883; x_wconf 89' lang='lat' dir='ltr'><strong>saepedictae</strong></span> <span class='ocrx_word' id='word_1_390' title='bbox 1099 4796 1423 4862; x_wconf 85' lang='lat' dir='ltr'><strong>facultatis</strong></span> <span class='ocrx_word' id='word_1_391' title='bbox 1467 4796 1786 4885; x_wconf 89' lang='lat' dir='ltr'><strong>quasdam</strong></span> <span class='ocrx_word' id='word_1_392' title='bbox 1827 4796 2076 4861; x_wconf 87' lang='lat' dir='ltr'><strong>litteras</strong></span> <span class='ocrx_word' id='word_1_393' title='bbox 2119 4795 2528 4884; x_wconf 89' lang='lat' dir='ltr'><strong>responsales</strong></span> <span class='ocrx_word' id='word_1_394' title='bbox 2541 4845 2558 4878; x_wconf 96' lang='lat'><strong>,</strong></span> <span class='ocrx_word' id='word_1_395' title='bbox 2601 4796 2671 4859; x_wconf 91' lang='lat' dir='ltr'><strong>in</strong></span> <span class='ocrx_word' id='word_1_396' title='bbox 2710 4817 2909 4860; x_wconf 87' lang='lat' dir='ltr'><strong>causa</strong></span> <span class='ocrx_word' id='word_1_397' title='bbox 2946 4795 3146 4878; x_wconf 89' lang='lat' dir='ltr'><strong>magi·</strong></span> <span class='ocrx_word' id='word_1_398' title='bbox 3168 4802 3240 4857; x_wconf 83' lang='lat'><strong>40</strong></span> 
     </span>
     <span class='ocr_line' id='line_1_42' title="bbox 357 4892 3160 4983; baseline -0.001 -23"><span class='ocrx_word' id='word_1_399' title='bbox 357 4905 602 4963; x_wconf 69' lang='lat' dir='ltr'><strong>utrorum</strong></span> <span class='ocrx_word' id='word_1_400' title='bbox 642 4894 898 4962; x_wconf 84' lang='lat' dir='ltr'><strong>Nicolai</strong></span> <span class='ocrx_word' id='word_1_401' title='bbox 941 4893 1303 4962; x_wconf 87' lang='lat' dir='ltr'><strong>Schreiters</strong></span> <span class='ocrx_word' id='word_1_402' title='bbox 1345 4896 1424 4962; x_wconf 89' lang='lat' dir='ltr'><strong>de</strong></span> <span class='ocrx_word' id='word_1_403' title='bbox 1471 4896 1751 4983; x_wconf 87' lang='lat' dir='ltr'><strong>Koburg</strong></span> <span class='ocrx_word' id='word_1_404' title='bbox 1791 4907 1854 4961; x_wconf 91' lang='lat' dir='ltr'><strong>et</strong></span> <span class='ocrx_word' id='word_1_405' title='bbox 1895 4895 2201 4962; x_wconf 83' lang='lat' dir='ltr'><strong>Andreae</strong></span> <span class='ocrx_word' id='word_1_406' title='bbox 2243 4896 2547 4960; x_wconf 88' lang='lat' dir='ltr'><strong>Frisners</strong></span> <span class='ocrx_word' id='word_1_407' title='bbox 2592 4893 2673 4959; x_wconf 88' lang='lat' dir='ltr'><strong>de</strong></span> <span class='ocrx_word' id='word_1_408' title='bbox 2701 4892 3046 4959; x_wconf 87' lang='lat' dir='ltr'><strong>Wunsidel</strong></span> <span class='ocrx_word' id='word_1_409' title='bbox 3073 4892 3160 4958; x_wconf 89' lang='lat' dir='ltr'><strong>ad</strong></span> 
     </span>
     <span class='ocr_line' id='line_1_43' title="bbox 356 4993 3149 5082; baseline -0.001 -22"><span class='ocrx_word' id='word_1_410' title='bbox 356 4993 792 5062; x_wconf 84' lang='lat' dir='ltr'><strong>illustrissimos</strong></span> <span class='ocrx_word' id='word_1_411' title='bbox 853 4995 1184 5082; x_wconf 86' lang='lat' dir='ltr'><strong>principes</strong></span> <span class='ocrx_word' id='word_1_412' title='bbox 1237 5007 1300 5061; x_wconf 90' lang='lat' dir='ltr'><strong>et</strong></span> <span class='ocrx_word' id='word_1_413' title='bbox 1356 4995 1686 5078; x_wconf 88' lang='lat' dir='ltr'><strong>dominos,</strong></span> <span class='ocrx_word' id='word_1_414' title='bbox 1744 4994 2038 5060; x_wconf 88' lang='lat' dir='ltr'><strong>dominos</strong></span> <span class='ocrx_word' id='word_1_415' title='bbox 2093 4994 2536 5077; x_wconf 89' lang='lat' dir='ltr'><strong>Fridericum,</strong></span> <span class='ocrx_word' id='word_1_416' title='bbox 2590 4994 2991 5059; x_wconf 89' lang='lat' dir='ltr'><strong>sacrosancti</strong></span> <span class='ocrx_word' id='word_1_417' title='bbox 3030 4993 3149 5058; x_wconf 88' lang='lat' dir='ltr'><strong>Ro·</strong></span> 
     </span>
     <span class='ocr_line' id='line_1_44' title="bbox 360 5093 3157 5181; baseline -0 -22"><span class='ocrx_word' id='word_1_418' title='bbox 360 5097 504 5160; x_wconf 82' lang='lat' dir='ltr'><strong>mani</strong></span> <span class='ocrx_word' id='word_1_419' title='bbox 542 5097 799 5181; x_wconf 87' lang='lat' dir='ltr'><strong>imperii</strong></span> <span class='ocrx_word' id='word_1_420' title='bbox 837 5094 1496 5164; x_wconf 85' lang='lat' dir='ltr'><strong>archimarschalcum</strong></span> <span class='ocrx_word' id='word_1_421' title='bbox 1537 5095 1881 5162; x_wconf 89' lang='lat' dir='ltr'><strong>electorem</strong></span> <span class='ocrx_word' id='word_1_422' title='bbox 1897 5143 1915 5175; x_wconf 95' lang='lat'><strong>,</strong></span> <span class='ocrx_word' id='word_1_423' title='bbox 1969 5103 2035 5158; x_wconf 92' lang='lat' dir='ltr'><strong>et</strong></span> <span class='ocrx_word' id='word_1_424' title='bbox 2084 5093 2413 5158; x_wconf 89' lang='lat' dir='ltr'><strong>dominum</strong></span> <span class='ocrx_word' id='word_1_425' title='bbox 2466 5093 2852 5178; x_wconf 90' lang='lat' dir='ltr'><strong>Iohannem,</strong></span> <span class='ocrx_word' id='word_1_426' title='bbox 2907 5115 3157 5180; x_wconf 90' lang='lat' dir='ltr'><strong>germa—</strong></span> 
     </span>
     <span class='ocr_line' id='line_1_45' title="bbox 360 5189 3161 5280; baseline 0 -23"><span class='ocrx_word' id='word_1_427' title='bbox 360 5215 484 5276; x_wconf 86' lang='lat' dir='ltr'><strong>nos,</strong></span> <span class='ocrx_word' id='word_1_428' title='bbox 526 5193 722 5259; x_wconf 89' lang='lat' dir='ltr'><strong>duces</strong></span> <span class='ocrx_word' id='word_1_429' title='bbox 763 5189 1095 5260; x_wconf 85' lang='lat' dir='ltr'><strong>Saxoniae</strong></span> <span class='ocrx_word' id='word_1_430' title='bbox 1108 5244 1126 5278; x_wconf 93' lang='lat'><strong>,</strong></span> <span class='ocrx_word' id='word_1_431' title='bbox 1179 5194 1579 5280; x_wconf 77' lang='lat' dir='ltr'><strong>lantgravius</strong></span> <span class='ocrx_word' id='word_1_432' title='bbox 1624 5195 2027 5279; x_wconf 86' lang='lat' dir='ltr'><strong>Thuringiae</strong></span> <span class='ocrx_word' id='word_1_433' title='bbox 2078 5202 2142 5257; x_wconf 90' lang='lat' dir='ltr'><strong>et</strong></span> <span class='ocrx_word' id='word_1_434' title='bbox 2194 5193 2599 5259; x_wconf 89' lang='lat' dir='ltr'><strong>marchiones</strong></span> <span class='ocrx_word' id='word_1_435' title='bbox 2640 5192 2932 5258; x_wconf 78' lang='lat' dir='ltr'><strong>Misznae</strong></span> <span class='ocrx_word' id='word_1_436' title='bbox 2974 5193 3161 5258; x_wconf 88' lang='lat' dir='ltr'><strong>datas</strong></span> 
     </span>
     <span class='ocr_line' id='line_1_46' title="bbox 364 5291 3241 5379; baseline 0 -22"><span class='ocrx_word' id='word_1_437' title='bbox 364 5302 414 5357; x_wconf 82' lang='lat' dir='ltr'><strong>et</strong></span> <span class='ocrx_word' id='word_1_438' title='bbox 457 5295 865 5360; x_wconf 87' lang='lat' dir='ltr'><strong>transmissas</strong></span> <span class='ocrx_word' id='word_1_439' title='bbox 879 5343 902 5378; x_wconf 89' lang='lat'><strong>,</strong></span> <span class='ocrx_word' id='word_1_440' title='bbox 958 5295 1144 5360; x_wconf 82' lang='lat' dir='ltr'><strong>iuxta</strong></span> <span class='ocrx_word' id='word_1_441' title='bbox 1202 5294 1526 5360; x_wconf 90' lang='lat' dir='ltr'><strong>dictamen</strong></span> <span class='ocrx_word' id='word_1_442' title='bbox 1589 5305 1653 5362; x_wconf 92' lang='lat' dir='ltr'><strong>et</strong></span> <span class='ocrx_word' id='word_1_443' title='bbox 1694 5291 2037 5360; x_wconf 89' lang='lat' dir='ltr'><strong>consilium</strong></span> <span class='ocrx_word' id='word_1_444' title='bbox 2080 5293 2399 5358; x_wconf 89' lang='lat' dir='ltr'><strong>dictorum</strong></span> <span class='ocrx_word' id='word_1_445' title='bbox 2442 5292 2673 5360; x_wconf 90' lang='lat' dir='ltr'><strong>decani</strong></span> <span class='ocrx_word' id='word_1_446' title='bbox 2714 5303 2779 5358; x_wconf 90' lang='lat' dir='ltr'><strong>et</strong></span> <span class='ocrx_word' id='word_1_447' title='bbox 2816 5295 3155 5379; x_wconf 85' lang='lat' dir='ltr'><strong>magistro-</strong></span> <span class='ocrx_word' id='word_1_448' title='bbox 3174 5302 3241 5358; x_wconf 75' lang='lat'><strong>45</strong></span> 
     </span>
    </p>
   </div>
  </div>
 </body>
</html>
