4038 6358
1421 628 1524 679 Die
1573 628 1810 679 Statum
1855 642 1978 701 vom
2024 628 2191 681 Jahn
2231 624 2371 682 ¹543.
3200 630 3323 695 615

588 807 664 870 3.
721 805 1053 875 Novellus
1096 808 1322 877 doctor
1365 812 1434 875 in
1471 810 1811 875 medicinis
1855 818 2004 897 post
2047 812 2145 877 sui
2200 812 2667 901 promotionem
2722 810 2939 881 statim
2990 818 3107 877 aut
3149 810 3323 877 infra

385 926 754 971 mensem
805 907 1020 975 solvat
1057 916 1332 997 quatuor
1369 910 1650 975 florenos
1693 912 1762 975 in
1802 932 1962 1001 auro
2007 932 2129 997 pro
2168 911 2328 977 fisco
2368 910 2718 977 facultatis.

593 1013 666 1073 4.
721 1006 900 1073 Item
941 1007 1200 1075 famulis
1238 1010 1684 1077 universitatis
1725 1014 2016 1096 tempore
2069 1012 2460 1097 receptionis
2502 1010 2855 1095 insignium
2896 1008 3323 1075 doctoralium

394 1104 750 1192 quinque
811 1105 1120 1191 florenos,
1180 1130 1302 1197 pro
1359 1106 1593 1197 quibus
1647 1128 2045 1195 praeparare
2100 1109 2489 1175 tenebuntur
2542 1107 2919 1175 cathedram
2976 1118 3040 1173 et
3094 1107 3327 1175 sedilia

395 1200 825 1271 honorifice
878 1228 998 1293 pro
1050 1206 1444 1290 doctoribus,
1498 1209 1827 1293 magistris
1883 1216 1950 1273 et
2000 1206 2369 1295 hospitibus
2424 1231 2570 1273 cum
2628 1207 3025 1273 ornamentis
3072 1205 3158 1272 ad
3198 1205 3323 1274 hoc
3372 1216 3407 1273 5

401 1306 792 1371 consuetis
834 1308 904 1371 in
945 1305 1162 1395 aliqua
1200 1306 1635 1385 ecclesiarum,
1681 1306 1750 1371 in
1793 1329 1922 1395 qua
1961 1316 2117 1374 tunc
2163 1307 2315 1373 aula
2356 1304 2704 1373 doctoralis
2748 1305 3197 1373 celebrabitur.

613 1410 686 1470 5.
739 1404 1094 1492 Postquam
1136 1404 1362 1472 doctor
1404 1405 1696 1473 novellus
1735 1406 1804 1469 in
1846 1406 2185 1473 medicinis
2226 1406 2335 1471 hic
2378 1416 2711 1494 promotus
2767 1408 2901 1471 iam
2956 1408 3145 1473 iuxta
3196 1414 3323 1471 sta-

409 1510 584 1569 tuta
661 1502 944 1569 solverit
1004 1503 1341 1587 solvenda,
1399 1528 1554 1571 mox
1613 1513 1764 1593 post
1815 1506 2167 1593 insignium
2225 1507 2659 1593 receptionem
2718 1504 3007 1593 (quando
3064 1506 3323 1573 affecta-

411 1600 656 1687 verit)
731 1601 817 1669 ad
879 1603 1216 1669 consilium
1273 1604 1600 1671 facultatis
1657 1605 2028 1691 recipietur,
2090 1605 2290 1671 salvis
2345 1614 2565 1671 tamen
2624 1606 2907 1688 statutis,
2958 1606 3323 1691 ingressum

423 1698 752 1769 alicuius
795 1700 1078 1770 doctoris
1121 1701 1208 1769 ad
1251 1702 1594 1771 consilium
1633 1703 1963 1771 facultatis
2001 1704 2520 1792 respicientibus.
3343 1712 3409 1769 10

1345 1902 1748 1953 PRIVILEGIA
1789 1902 1908 1953 mc
1948 1903 2455 1953 Pnouo'romm.

1433 2022 1646 2086 Caput
1691 2024 1852 2073 XVI.
1905 2021 2052 2089 (Vgl.
2092 2026 2141 2073 ἰ.
2172 2022 2247 2073 St.
2278 2022 2386 2083 35.)

623 2153 976 2220 Promotus
1016 2154 1085 2218 in
1123 2152 1622 2219 baccalaureum
1659 2152 1985 2221 facultatis
2027 2153 2320 2222 medicae
2349 2155 2418 2219 in
2449 2164 2673 2221 nostra
2696 2156 3119 2221 universitate
3146 2154 3321 2243 Lyp-

440 2254 702 2337 siensi,
757 2263 1100 2341 postquam
1140 2253 1538 2342 adsumptus.
1563 2255 1759 2321 fuerit
1812 2254 1898 2319 ad
1947 2252 2293 2340 legendum
2336 2276 2456 2341 pro
2499 2254 2910 2320 licentiatura
2951 2256 3019 2319 in
3065 2254 3321 2321 medici-

438 2354 559 2417 nis
613 2361 684 2418 et
723 2352 955 2441 legerit
994 2375 1113 2440 pro
1156 2351 1418 2439 publico
1464 2353 1760 2419 examine
1801 2352 2273 2436 licentiaturae,
2306 2342 2416 2420 'ab
2474 2376 2551 2419 eo
2606 2364 2918 2442 tempore,
2976 2364 3324 2443 postquam
3345 2363 3407 2420 15

443 2462 810 2539 promotus
861 2452 1058 2523 fuerit
1107 2455 1202 2519 in‘
1227 2452 1554 2519 doctorem
1611 2451 1994 2534 medicinae,
2050 2453 2117 2517 in
2168 2452 2293 2519 hac
2343 2454 2765 2521 universitate
2822 2456 3081 2543 praeire
3132 2452 3325 2521 debet

445 2554 526 2616 in
588 2552 738 2617 loco
791 2552 1142 2636 quemlibet
1196 2552 1390 2619 alium
1450 2551 1781 2618 doctorem
1823 2550 2187 2617 medicinae
2237 2552 2307 2617 in
2362 2551 2503 2619 alia·
2536 2555 2959 2621 universitate
2998 2550 3060 2641 [5
3075 2550 3126 2641 b]
3173 2574 3323 2641 pro·

449 2662 734 2734 motum,
788 2653 914 2716 nisi
960 2651 1112 2718 talis
1165 2651 1394 2718 doctor
1439 2651 1706 2717 alterius
1749 2650 2194 2716 universitatis
2236 2652 2306 2715 in
2352 2653 2481 2718 ista
2520 2654 2962 2737 universitate,
3017 2663 3167 2718 ante
3208 2652 3320 2719 ad·

451 2752 842 2817 missionem
886 2750 1174 2817 eiusdem
1219 2750 1634 2817 baccalaurei
1677 2747 1764 2815 ad
1805 2750 2099 2816 favorem
2141 2748 2400 2836 legendi
2443 2773 2563 2838 pro
2602 2751 2884 2835 licentia,
2927 2764 3097 2818 esset
3138 2774 3326 2841 prae-

456 2850 889 2938 adsumptus3
939 2846 1095 2916 ‘nam
1139 2851 1262 2917 hoc
1306 2872 1466 2916 casu
1503 2849 1654 2915 talis
1702 2849 1925 2915 doctor
1963 2848 2071 2913 hic
2113 2858 2448 2935 promotus
2491 2849 2771 2917 alienum
2813 2850 3143 2917 doctorem
3181 2852 3325 2919 loco
3341 2860 3409 2917 20

457 2951 657 3038 sequi
716 2948 937 3031 debet,
997 2952 1195 3015 etiam
1251 2951 1307 3017 si
1367 2960 1516 3015 ante
1577 2949 1785 3035 ipsius
1851 2948 2136 3014 doctoris
2199 2947 2395 3016 alieni
2457 2948 2544 3014 ad
2600 2950 2943 3016 consilium
3000 2950 3327 3017 facultatis

457 3048 831 3116 medicinae
887 3047 1407 3136 adsumptionem
1452 3048 1539 3114 ad
1592 3048 1934 3134 legendum
1981 3069 2104 3135 pro
2146 3046 2408 3113 licentia
2452 3060 2622 3115 esset
2663 3049 3003 3116 admissus.
3084 3050 3328 3117 Docto-

459 3155 576 3216 r'es
637 3170 795 3216 vero
857 3148 966 3214 hic
1026 3150 1308 3236 promoti
1365 3147 1650 3215 habeant
1707 3146 1922 3213 locum
1983 3148 2053 3214 in
2114 3146 2371 3213 actibus
2427 3146 2705 3237 publicis
2763 3150 3205 3216 universitatis
3264 3160 3327 3216 et

459 3249 794 3315 facultatis
849 3249 1201 3315 secundum
1256 3249 1728 3337 primogeniam
1780 3249 2074 3336 ipsorum
2134 3257 2199 3312 et
2254 3248 2636 3314 secundum¹
2686 3249 3016 3315 licentiam
3068 3248 3327 3338 publice

463 3350 542 3414 in
585 3348 820 3416 scholis
864 3357 1216 3436 receptam.
1277 3347 1366 3413 At
1407 3349 1466 3415 si
1505 3347 1874 3412 licentiatus
1917 3347 2153 3435 aliquis
2196 3346 2385 3412 huius
2428 3350 2869 3414 universitatis
2916 3351 3017 3433 sit,
3062 3349 3407 3419 doctore25

459 3459 742 3516 externo
786 3448 1194 3530 adveniente,
1256 3449 1369 3536 qui
1411 3446 1763 3533 desyderat
1807 3443 2081 3528 adsumi,
2142 3446 2717 3532 praescribendum
2770 3459 2873 3514 est
2911 3447 3006 3514 illi
3048 3459 3324 3537 tempus,

466 3559 543 3614 ut
580 3551 755 3614 intra
797 3558 1103 3614 semestre
1145 3547 1554 3613 doctoratum
1594 3555 1960 3632 comparet3
2005 3543 2179 3630 quod
2222 3547 2277 3611 si
2318 3547 2562 3631 fecerit,
2606 3547 3069 3634 praeferendus
3113 3548 3324 3616 alieno

463 3649 912 3714 universitatis
955 3647 1208 3713 doctori
1249 3653 1316 3711 et
1354 3644 1494 3711 loco
1537 3653 1602 3708 et
1641 3641 1973 3709 conmodis
2023 3653 2156 3728 est3
2210 3645 2267 3710 si
2308 3646 2688 3734 neglexerit,
2734 3649 2982 3715 alienus
3024 3659 3325 3738 receptus

465 3748 800 3814 licentiato
843 3755 1073 3835 postea
1113 3749 1182 3812 in
1225 3744 1555 3811 doctorem
1594 3751 1902 3809 coronato
1948 3745 2379 3832 praeferatur.
2474 3815 2483 3826 ,

1651 3925 1746 3974 nn
1789 3925 2156 3976 amamus.
3338 3921 3409 3979 30

1436 4046 1650 4110 Caput
1682 4046 1880 4099 xv11.
1927 4045 2072 4112 (vgl.
2100 4050 2147 4100 a.
2174 4047 2249 4100 st.
2280 4046 2383 4112 36.)

640 4171 696 4231 1.
739 4163 907 4231 Cum
946 4183 1156 4245 nemo,
1209 4162 1446 4227 artium
1501 4158 1870 4227 liberalium
1911 4163 1980 4227 in
2019 4163 2393 4228 universum
2447 4185 2707 4250 expers,
2767 4162 3059 4229 medicae
3117 4165 3321 4230 scien-

469 4266 601 4331 tiae
659 4285 873 4351 capax
931 4285 972 4328 a
1023 4262 1185 4327 viris
1242 4259 1513 4328 eruditis
1570 4271 1928 4345 censeatur,
1990 4271 2213 4328 sancte
2271 4264 2605 4328 constituit
2661 4263 2951 4328 unanimi
3008 4285 3325 4330 consensu

469 4363 726 4430 medica
781 4362 1078 4445 facultas,
1141 4369 1214 4426 ut
1267 4361 1488 4428 nullus·
1534 4359 2022 4444 baccalaureus,
2082 4361 2452 4428 licentiatus
2510 4373 2620 4426 aut
2679 4362 2904 4428 doctor
2959 4362 3322 4430 medicinae

471 4464 852 4552 peregrinus
894 4471 960 4527 et
1000 4485 1084 4527 ex
1127 4459 1258 4526 alia
1312 4460 1648 4528 academia
1700 4460 1828 4526 huc
1879 4463 2189 4547 migrans,
2253 4471 2317 4527 et
2354 4475 2496 4527 *nec
2545 4465 2751 4527 nostri
2811 4461 3137 4548 gymnasii
3186 4464 3319 4552 qui·
3338 4471 3405 4529 35

474 4564 621 4630 dem
661 4561 1125 4628 baccalaureus
1179 4571 1293 4628 aut
1331 4560 1718 4642 licentiatus,
1777 4562 1846 4626 in
1886 4551 2161 4628 classem
2203 4570 2269 4626 et
2310 4563 2700 4626 consortium
2746 4561 3073 4627 facultatis
3116 4560 3320 4626 medi-

475 4686 590 4730 cae
619 4662 1017 4749 'recipiatur,
1073 4662 1222 4745 nisi,
1281 4681 1351 4725 se
1392 4661 1629 4726 artium
1683 4661 2068 4746 magistrum
2107 4659 2213 4726 vel
2268 4659 2595 4726 doctorem
2650 4661 2973 4748 exquisito
3026 4663 3323 4727 examine

473 4761 818 4851 probatum
861 4771 926 4827 et
967 4771 1344 4829 coronatum
1385 4781 1548 4844 esse,
1589 4758 1718 4825 fide
1759 4759 1975 4846 dignis
2015 4749 2224 4825 literis
2266 4759 2658 4848 probaverit.

639 4867 694 4930 2.
737 4860 1216 4926 Baccalaureus
1259 4859 1640 4943 medicinae,
1693 4869 2033 4947 promotus
2081 4860 2150 4923 in
2205 4857 2339 4924 alia
2387 4860 2828 4942 universitate,
2879 4869 3171 4948 tempore
3210 4857 3322 4924 ad-

477 4962 859 5048 sumptionis
904 4960 992 5025 ad
1047 4958 1418 5026 facultatem
1463 4968 1716 5025 tenetur
1775 4958 1934 5025 dare
1987 4956 2245 5024 famulis
2286 4959 2729 5036 universitatis
2769 4981 2967 5026 unum
3008 4957 3321 5025 florenum
3338 4968 3407 5026 40

649 5235 671 5286 1
711 5227 819 5284 Die
851 5227 1048 5283 Worte
1087 5227 1492 5298 primoyem'am
1525 5228 1773 5298 ipsorum
1806 5234 1858 5280 st
1888 5227 2179 5282 necandum
2222 5224 2413 5282 stehen
2457 5223 2563 5280 auf
2588 5224 2787 5294 Rasur,
2830 5225 2955 5281 sind
3000 5223 3133 5282 aber
3176 5224 3325 5281 noch

473 5331 600 5370 vom
633 5315 816 5370 ersten
849 5310 1143 5369 Schreiber
1181 5309 1382 5368 wieder
1411 5309 1844 5383 nachgetragen.
1888 5310 2019 5386 Vgl.
2052 5308 2143 5368 die
2176 5308 2437 5372 statuten
2468 5327 2579 5370 von
2620 5313 2762 5366 ¹5⁰³.
