4038 6358
874 610 995 675 242
2016 608 2125 660 Das
2159 607 2336 664 kleine
2371 608 2581 673 Colleg.

869 802 1089 879 partes
1132 788 1562 877 supradictae,
1617 787 1876 852 easdem
1921 789 2288 856 inducendo
2349 799 2544 875 atque
2597 787 2930 856 suadendo
2977 791 3097 855 viis
3143 811 3220 855 ac
3277 791 3732 877 persuasioni·

870 890 991 957 bus
1034 888 1429 972 melioribus,
1488 886 1721 976 quibus
1774 897 2148 975 potuerunt,
2205 900 2278 956 ut
2316 889 2576 956 modum
2634 888 3022 955 concordiae
3065 888 3485 977 supradictae
3535 911 3730 954 assu-

868 1000 1116 1056 merent
1155 989 1408 1075 sibique
1451 989 1614 1074 ipsis
1659 1009 1779 1051 con
1796 984 1899 1073 [22
1914 985 1967 1075 b]
1984 989 2269 1056 sulerent
2309 991 2379 1055 in
2414 989 2538 1055 hac
2592 1000 2799 1077 parte,
2855 998 2919 1054 et
2966 988 3228 1053 tandem
3267 989 3352 1054 ab
3395 988 3730 1056 ambabus

870 1088 1187 1176 partibuS,
1252 1086 1469 1152 multis
1509 1086 1814 1151 hincinde
1856 1091 2229 1176 propositis,
2289 1112 2673 1155 consensum
2732 1087 3171 1171 obtinuerunt,
3230 1110 3423 1175 quem
3481 1097 3733 1175 expost

785 1200 817 1252 5
873 1189 1042 1265 dicto
1066 1187 1424 1252 reverendo
1448 1187 1619 1273 patri
1660 1185 2031 1252 retulerunt.
2082 1187 2232 1272 Qui,
2273 1187 2591 1254 ambabus
2624 1187 2921 1274 partibus
2944 1188 3212 1270 vocatis,
3253 1186 3426 1254 dicto
3455 1187 3726 1252 domino

868 1287 1118 1353 doctori
1162 1286 1564 1352 Theoderico
1608 1283 1689 1350 de
1728 1285 2245 1369 Buckinssdorff,
2303 1288 2652 1370 ordinarie,
2698 1287 3046 1369 commisit,
3097 1297 3171 1351 ut
3219 1287 3287 1351 in
3342 1288 3724 1374 praesentia

866 1385 1203 1451 ambarum
1246 1387 1530 1472 partium
1571 1384 1968 1450 voluntatem
2012 1388 2148 1452 eius
2187 1386 2430 1452 eisdem
2471 1387 2845 1474 explicaret.
2904 1385 3034 1466 Qui
3073 1388 3143 1450 in
3185 1384 3523 1452 ambarum
3568 1407 3720 1472 par-

867 1488 1028 1550 tium
1093 1486 1464 1573 praesentia
1520 1485 1778 1549 nomine
1837 1483 1996 1549 dicti
2049 1484 2392 1551 reverendi
2453 1487 2661 1574 patris
2721 1487 3250 1571 compositionem
3307 1482 3720 1550 amicabilem

863 1587 1033 1651 inter
1075 1593 1295 1672 partes
1336 1583 1708 1672 praedictas
1751 1582 2110 1671 explicavit
2148 1587 2219 1651 in
2256 1586 2383 1650 hiis
2426 1585 2838 1674 sequentibus
2880 1583 3101 1650 verbis
3141 1586 3211 1649 in
3251 1583 3518 1650 effectu:

786 1695 852 1750 10
1027 1683 1435 1768 „Reverendi
1476 1683 1804 1768 magistri!
1872 1683 1950 1748 In
1987 1685 2116 1750 ista
2156 1684 2504 1768 discordia,
2557 1687 2726 1750 inter
2770 1682 3109 1770 collegium
3149 1685 3362 1748 minus
3405 1695 3474 1748 et
3513 1685 3716 1770 magi-

865 1795 1068 1850 strum
1107 1783 1376 1849 Petrum
1415 1783 1648 1848 Pirner
1693 1804 1888 1868 super
1927 1804 2143 1868 poena
2186 1785 2631 1872 suspensionis
2670 1793 2735 1849 et
2775 1782 2922 1849 aliis
2972 1806 3143 1849 nunc
3186 1805 3406 1850 coram
3449 1783 3712 1849 domino

864 1905 1008 1949 meo
1072 1885 1360 1968 gratioso
1420 1883 1775 1970 propositis
1840 1893 2100 1965 exorta,
2163 1883 2335 1949 facto
2392 1885 2857 1971 compromisso
2911 1884 2981 1948 in
3043 1884 3180 1948 eius
3231 1883 3712 1970 paternitatem,

861 1980 1208 2047 videbatur
1264 1982 1523 2047 domino
1575 2003 1717 2047 meo
1774 1983 2085 2067 gratioso,
2139 1981 2312 2069 quod
2369 1981 2532 2049 nihil
2588 1980 2985 2047 arbitraliter
3037 1982 3348 2047 diffiniret
3402 1984 3533 2047 ista
3572 1983 3716 2047 vice

859 2084 987 2148 nisi
1042 2081 1123 2147 de
1179 2103 1497 2147 consensu
1553 2080 1893 2146 ambarum
1950 2083 2235 2168 partium
2298 2103 2634 2169 expresso,
2689 2084 2747 2146 si
2800 2081 3072 2147 eundem
3125 2092 3347 2169 posset
3397 2081 3709 2148 obtinere.

785 2191 847 2247 15
866 2181 1149 2269 Ideoque
1192 2181 1370 2246 misit
1425 2179 1510 2246 ad
1551 2202 1669 2245 vos
1714 2179 2154 2245 venerabilem
2195 2182 2410 2246 virum
2453 2180 2781 2248 doctorem
2822 2180 3170 2246 Iohannem
3211 2181 3466 2247 Witten
3509 2191 3574 2245 et
3611 2201 3712 2244 me

858 2303 989 2345 una
1044 2302 1283 2363 secum,
1347 2290 1419 2344 ut
1480 2277 1743 2344 modum
1800 2302 1841 2343 a
1896 2282 2288 2369 paternitate
2347 2301 2468 2345 sua
2534 2289 2914 2367 conceptum
2964 2280 3155 2345 vobis
3217 2279 3711 2367 explicaremus,

861 2401 1049 2466 quem
1095 2381 1292 2445 etiam
1335 2377 1655 2444 ambabus
1699 2376 1993 2465 partibus
2039 2378 2514 2465 explicavimus
2559 2378 2908 2444 secundum
2967 2377 3141 2466 quod
3197 2379 3400 2461 scitis,
3456 2388 3524 2444 et
3565 2400 3708 2443 con-

861 2500 1118 2544 sensum
1161 2478 1503 2544 ambarum
1544 2479 1832 2564 partium
1876 2477 2211 2544 retulimus
2256 2477 2518 2543 domino
2561 2488 2783 2543 nostro
2826 2480 3137 2563 gratioso,
3180 2480 3292 2566 qui
3333 2499 3511 2543 nunc
3552 2477 3704 2541 mihi

859 2580 1185 2643 commisit
1230 2577 1460 2660 denuo,
1513 2586 1585 2641 ut
1640 2577 1914 2642 eundem
1956 2575 2221 2643 modum
2271 2578 2340 2644 in
2395 2575 2732 2642 ambarum
2776 2577 3062 2663 partium
3105 2581 3482 2664 praesentia
3522 2576 3705 2642 vobis

773 2677 1275 2765 20explicarem.
1363 2676 1454 2741 Et
1496 2686 1595 2741 est
1634 2678 1756 2741 iste
1798 2675 2060 2741 modus:
2143 2675 2337 2756 Quod
2380 2686 2528 2741 ante
2572 2678 2788 2742 omnia
2831 2697 3089 2741 cessare
3129 2675 3325 2741 debet
3363 2699 3607 2742 rancor
3647 2685 3706 2739 et

859 2776 1187 2843 discordia
1224 2779 1392 2842 inter
1431 2799 1570 2859 vos,
1612 2798 1776 2841 unus
1815 2773 2010 2844 debet
2052 2775 2246 2840 alium
2286 2776 2506 2840 fovere
2550 2786 2613 2841 et
2653 2797 3038 2863 promovere
3069 2774 3439 2865 ubicunque
3475 2785 3703 2863 potest,

858 2887 925 2942 et
980 2899 1217 2942 causae
1272 2892 1473 2963 supra
1530 2883 1943 2942 enumeratae
1999 2873 2238 2939 debent
2294 2895 2437 2941 esse
2498 2878 2766 2962 sopitae<
2802 2884 2866 2939 et
2923 2876 3322 2958 terminatae,
3385 2876 3482 2939 sic
3540 2872 3705 2961 quod

857 2978 1171 3062 magister
1212 2976 1444 3040 Petrus
1498 2996 1876 3061 comparere
1925 2969 2119 3039 debet
2163 2996 2382 3040 coram
2435 2973 2706 3061 collegio
2754 2971 2856 3060 [23
2871 2969 2923 3058 ²]
2968 2984 3032 3039 et
3080 2995 3316 3057 rogare
3357 2976 3704 3061 magistros

857 3075 1300 3162 collegialiter,
1356 3082 1428 3139 ut
1483 3071 1608 3138 sibi
1659 3071 2040 3159 indulgeant
2094 3074 2269 3138 facta
2325 3083 2552 3138 contra
2608 3072 2948 3159 collegium
3006 3071 3468 3160 supradictum.
3563 3071 3703 3152 Quo

771 3186 837 3242 25
856 3176 1029 3243 facto
1074 3174 1417 3262 collegium
1457 3170 1733 3241 eundem
1772 3173 2117 3239 restituere
2162 3170 2355 3239 debet
2408 3170 2495 3238 ad
2545 3172 2757 3238 locum
2813 3193 3015 3237 suum.
3097 3170 3448 3260 Expensas
3493 3184 3702 3238 autem

856 3286 921 3341 et
978 3276 1245 3358 fructus,
1310 3285 1600 3360 tempore
1657 3273 2097 3360 suspensionis
2161 3282 2523 3360 perceptos,
2592 3271 2888 3338 dominus
2945 3295 3128 3338 meus
3189 3276 3518 3359 gratiosus
3581 3271 3701 3337 sibi

850 3376 1232 3441 reservavit.
1309 3373 1472 3439 Item
1533 3371 1707 3459 quod
1771 3371 1983 3436 dictus
2041 3373 2352 3457 magister
2406 3370 2639 3437 Petrus
2699 3370 2893 3437 debet
2948 3370 3119 3436 ultra
3176 3395 3245 3437 se
3301 3374 3698 3439 conformare

855 3473 1124 3560 collegio
1168 3484 1233 3538 et
1274 3482 1448 3538 stare
1492 3472 1628 3536 eius
1684 3470 2053 3536 diffinitioni
2105 3470 2236 3535 vel-
2261 3472 2529 3536 maioris
2576 3472 2782 3558 partis
2827 3469 2948 3535 sub
2995 3493 3207 3559 poena
3249 3470 3472 3537 decem
3515 3472 3694 3536 flore-

850 3596 1101 3656 norum,
1149 3573 1324 3637 omni
1364 3569 1799 3658 appellatione
1826 3568 2110 3635 exclusa.
2153 3570 2244 3635 Et
2283 3570 2340 3634 si
2382 3566 2586 3655 (quod
2623 3569 2825 3657 absit)
2872 3571 3086 3636 dictus
3132 3573 3446 3657 magister
3466 3571 3693 3635 Petrus

767 3684 836 3740 30
854 3685 967 3739 aut
1009 3671 1174 3737 alius
1218 3670 1594 3757 collegiatus
1637 3668 1796 3735 dicti
1850 3668 2107 3754 collegii
2160 3667 2359 3734 nollet
2416 3678 2590 3734 stare
2645 3668 3014 3737 diffinitioni
3073 3671 3231 3736 dicti
3288 3669 3548 3756 collegii
3596 3668 3692 3732 vel

846 3774 1114 3839 maioris
1157 3773 1387 3858 partis,
1442 3780 1597 3834 tunc
1636 3768 1829 3834 debet
1882 3765 2134 3833 solvere
2186 3767 2357 3832 dicto
2414 3767 2686 3855 collegio
2732 3769 2955 3834 decem
2997 3769 3279 3835 florenos
3320 3792 3443 3856 pro
3488 3790 3692 3855 poena

846 3877 985 3939 sine
1027 3871 1200 3938 omni
1246 3868 1699 3958 appellatione,
1741 3869 1989 3933 tociens
2041 3867 2344 3953 quociens
2388 3871 2863 3933 contravenerit
2904 3879 2969 3933 et
3009 3891 3080 3933 se
3119 3890 3251 3934 non
3293 3866 3687 3955 obtempera·

846 3974 1015 4037 verit
1057 3969 1429 4034 diffinitioni
1471 3967 1724 4055 collegii
1767 3964 2188 4054 supradicti.“

1013 4068 1265 4149 Quibus
1302 4068 1674 4155 propositis,
1727 4074 2098 4131 reverenter
2144 4064 2467 4151 surgendo
2513 4068 2832 4153 quaesivit
2873 4090 2914 4131 a
2957 4067 3129 4132 dicto
3172 4076 3359 4153 patre
3397 4087 3686 4131 reveren-

761 4180 828 4236 35
848 4169 952 4253 do,
997 4192 1083 4239 an
1119 4170 1250 4233 ista
1290 4177 1463 4233 esset
1495 4166 1793 4232 voluntas
1838 4188 1955 4230 sua
1989 4164 2127 4231 'sibi
2166 4166 2530 4231 commissa.
2572 4165 2703 4246 Qui
2729 4167 3085 4253 respondit,
3127 4164 3300 4253 quod
3327 4169 3442 4233 sic.
3483 4165 3685 4254 Super

841 4293 966 4356 quo
1010 4269 1221 4333 dictus
1261 4266 1557 4332 dominus
1599 4264 1966 4331 ordinarius
2006 4287 2112 4329 me
2164 4266 2535 4352 requisivit,
2589 4274 2662 4330 ut
2718 4288 2913 4352 super
2966 4266 3087 4331 hoc
3140 4266 3440 4352 partibus
3497 4265 3684 4331 confi·

842 4391 1054 4435 cerem
1090 4389 1289 4431 unum
1316 4365 1422 4430 vel
1461 4362 1671 4452 plura,
1718 4363 2051 4451 publicum
2094 4386 2208 4429 seu
2250 4363 2531 4451 publica,
2574 4366 3071 4430 instrumentum
3095 4364 3200 4429 vel
3241 4367 3682 4445 instrumenta,

840 4478 990 4557 post
1032 4467 1211 4532 cuius
1254 4466 1736 4553 requisitionem
1780 4485 1920 4549 ego,
1974 4464 2270 4528 notarius
2314 4464 2793 4551 infrascriptus,
2855 4487 2895 4529 a
2947 4461 3244 4551 partibus
3296 4462 3686 4552 supradictis

838 4568 1060 4654 recepi
1113 4564 1464 4631 sollennem
1508 4561 2009 4650 stipulationem,
2074 4562 2511 4649 promittendo
2551 4563 2713 4628 mihi
2764 4575 3094 4650 tamquam
3144 4566 3510 4629 autenticae
3548 4586 3684 4651 per-

755 4679 824 4735 40
841 4688 1059 4748 sonae,
1100 4686 1171 4730 se
1211 4663 1467 4728 firmum
1509 4663 1842 4749 perpetuis
1884 4660 2286 4749 temporibus
2328 4672 2520 4750 atque
2557 4674 2772 4729 ratum
2814 4662 3168 4745 habituros,
3212 4672 3277 4728 et
3312 4662 3493 4729 nulla
3531 4665 3685 4729 iuris

840 4765 1224 4853 exceptione
1267 4762 1372 4828 vel
1412 4762 1571 4827 facti
1614 4783 1728 4827 seu
1765 4759 1981 4847 legum
2025 4769 2091 4826 et
2133 4762 2326 4827 etiam
2372 4784 2693 4829 canonum
2736 4761 2983 4828 auxilio
3030 4761 3196 4829 velle
3239 4763 3684 4829 contravenire

842 4863 1289 4955 quovismodo.

1004 4963 1174 5030 Acta
1230 4971 1381 5029 sunt
1433 4960 1597 5026 haec
1648 4962 1717 5025 in
1775 4961 2102 5026 aestuario
2162 4982 2334 5026 novo
2391 4961 2611 5027 curiae
2671 4961 3064 5049 episcopalis
3105 4961 3682 5050 Merseburgensis,

841 5061 945 5151 [23
958 5059 1011 5150 b]
1057 5084 1248 5143 anno,
1293 5061 1420 5145 die,
1461 5081 1700 5142 mense,
1741 5058 2094 5124 indictione
2128 5069 2191 5124 et
2231 5058 2413 5144 hora,
2453 5060 2686 5148 quibus
2719 5084 2947 5149 supra,
2987 5061 3368 5148 pontificatu
3390 5086 3546 5130 vero
3575 5061 3680 5128 do-

756 5163 999 5229 45mini
1037 5184 1252 5249 papae
1293 5182 1422 5225 non
1464 5160 1624 5224 vitio
1670 5166 1782 5222 aut
1819 5180 2040 5222 errore
2083 5157 2199 5222 sed
2242 5180 2325 5224 ex
2371 5181 2567 5225 causa
2612 5161 2880 5226 omisso:
2946 5161 3397 5248 praesentibus
3440 5161 3679 5229 ibidem

838 5260 1316 5329 venerabilibus
1357 5260 1539 5342 viris,
1584 5258 1861 5324 dominis
1902 5256 2191 5323 Iohanne
2236 5256 2317 5323 de
2358 5257 2661 5345 Werder,
2705 5259 2971 5345 decano,
3013 5259 3302 5329 Nicolao·
3331 5258 3671 5348 Slendorff,
