4038 6358
1171 581 1342 634 Dritto
1377 583 1904 647 Statutsnredaction,
1939 599 2048 637 von
2086 583 2476 638 mlh-1490.
3128 589 3245 652 391

245 759 648 925 grimundo,
727 763 884 830 sub
901 781 908 787 “
925 785 1136 853 poena
1175 773 1248 830 ut
1299 768 1534 853 supra¹
1579 767 1888 853 utrisque,
1945 767 2193 834 scilicet
2247 777 2382 834 tam
2444 765 2991 854 respondentibus
3058 787 3254 855 quam

335 863 756 948 aputanti.

891 1019 947 1082 9.
989 1032 1083 1079 nn
1125 1031 1586 1083 monemus
1623 1035 2164 1085 ms'rnmnnnms
2203 1037 2296 1084 ΕΤ
2340 1015 2748 1085 nmmum)

455 1141 800 1230 Placet,
839 1145 1018 1234 quod
1057 1149 1126 1212 in
1168 1145 1398 1214 diebus
1442 1159 1810 1216 sanctorum
1831 1149 2097 1236 Aegidii
2121 1160 2187 1216 et
2206 1149 2513 1236 Gregorii
2552 1158 2984 1216 convocentur
3025 1171 3247 1214 omnes

267 1241 648 1328 mag-istri
705 1245 818 1310 ad
860 1245 1378 1313 distribuendum
1418 1246 1626 1315 libros
1672 1248 1990 1340 legendos
2028 1271 2222 1337 super
2263 1252 2630 1315 mutacione
2670 1250 2906 1316 futura.
2977 1247 3067 1312 Et
3107 1270 3245 1312 mo·
3296 1255 3333 1312 5

275 1338 417 1406 dus
471 1340 990 1411 distribuendi
1033 1345 1396 1412 ordinarios
1437 1347 1552 1414 fiat
1593 1372 1712 1438 per
1757 1359 2015 1433 sortem,
2072 1350 2277 1415 donec
2318 1349 2595 1414 facultas
2652 1347 2831 1413 aliud
2885 1345 3250 1412 decreverit

277 1441 776 1530 faciendum,
838 1446 933 1511 sic
988 1443 1165 1533 quod
1214 1447 1540 1533 recipiens
1594 1447 1996 1516 ordinarium
2044 1447 2275 1514 habitu
2315 1445 2677 1534 magistrali
2737 1446 2824 1511 sit
2878 1444 3143 1512 indutus
3187 1457 3251 1511 et

290 1541 496 1629 quod
571 1565 852 1611 omnes
907 1542 1062 1609 libri
1120 1567 1241 1632 pro
1295 1569 1418 1632 gra
1434 1543 1496 1634 [8
1508 1545 1768 1636 ⁸]dibus
1825 1549 2191 1634 magisterii
2245 1545 2352 1614 vel
2407 1544 2887 1614 baccalariatus
2945 1546 3251 1633 primitus

293 1641 886 1712 distribuantur.
973 1642 1228 1726 Quibus
1273 1645 1360 1710 ad
1411 1646 1672 1739 plenum
1712 1670 1843 1714 non
1883 1635 2251 1713 distributis
2301 1669 2431 1712 non
2484 1647 2726 1734 poterit
2768 1645 3005 1734 aliquis
3044 1645 3246 1731 magi-

301 1751 644 1807 strorum
721 1743 930 1809 alium
988 1756 1176 1809 extra
1233 1747 1392 1811 istos
1448 1749 1770 1835 recipere3
1835 1746 1950 1814 sed
2005 1757 2350 1836 postquam
2406 1768 2627 1812 omnes
2682 1747 2933 1833 recepti
2984 1743 3333 1828 fuerint,10

301 1841 590 1926 poterit
645 1845 784 1932 qui
823 1843 1124 1910 residuus
1157 1845 1354 1911 fixerit
1391 1848 1682 1934 recipere
1723 1846 1963 1912 librum
1993 1847 2505 1934 qualemcunque
2533 1845 2832 1927 voluerit,
2872 1845 2998 1910 isto
3031 1852 3250 1908 tamen

309 1963 644 2026 annexo,
717 1942 897 2030 quod
943 1945 1241 2030 magistri
1283 1967 1416 2012 non
1460 1947 1588 2012 sint
1629 1948 1914 2012 asstricti
1956 1947 2027 2011 in
2068 1945 2402 2012 ordinario
2443 1945 2743 2011 aestivali
2786 1943 2872 2008 ad
2929 1943 3246 2030 recipien-

311 2040 486 2106 dum
532 2041 888 2110 lectiones
931 2066 1052 2130 pro
1090 2043 1320 2131 gradu,
1375 2046 1538 2132 ipsis
1581 2068 1711 2112 non
1750 2047 1838 2112 ad
1887 2045 2153 2133 plenum
2196 2042 2580 2127 distributis,
2639 2045 2809 2110 sicut
2850 2045 2918 2109 in
2959 2039 3247 2128 hyemali

316 2139 420 2206 fit.
463 2141 580 2207 Et
618 2141 914 2230 quilibet
945 2145 1406 2230 magistrorum
1447 2146 1644 2210 unica
1679 2145 1954 2214 lectione
1998 2155 2065 2210 et
2104 2167 2232 2210 uno
2263 2145 2576 2210 exercitio
2618 2167 2698 2209 ac
2737 2144 2935 2208 unica
2979 2141 3246 2231 publica

319 2243 823 2328 resumptione
867 2244 951 2308 sit
993 2253 1350 2310 contentus.
1405 2243 1495 2309 Et
1534 2242 1748 2310 nullus
1789 2246 2062 2332 incipiat
2099 2243 2321 2331 legere
2363 2243 2645 2332 aliquem
2685 2242 2925 2309 librum
2968 2242 3056 2307 ad
3096 2249 3329 2328 gra-15

333 2339 504 2404 dum
580 2351 1007 2430 spectantem
1061 2351 1212 2408 ante
1267 2343 1502 2408 festum
1563 2345 1770 2408 sancti
1828 2341 2100 2431 Georgii
2159 2353 2273 2408 aut
2329 2341 2524 2428 Galli,
2582 2345 2711 2409 nisi
2770 2344 2950 2408 cuius
3005 2339 3243 2406 medie·

332 2449 562 2505 tatem
631 2441 922 2529 legendo
982 2443 1332 2509 secundum
1377 2451 1619 2507 statuta
1669 2443 1998 2508 facultatis
2056 2444 2265 2531 possit
2321 2443 2512 2508 finire
2554 2452 2705 2509 ante
2761 2443 2999 2508 festum
3024 2467 3029 2472 ·
3054 2461 3245 2527 prae-

342 2537 640 2606 dictum.

1183 2743 1188 2750 Ι
1443 2663 1538 2724 10.
1585 2675 1826 2725 nonus
1871 2671 2205 2726 LEGENDI.

526 2791 716 2858 Item
755 2790 1026 2881 quilibet
1065 2794 1528 2878 magistrorum
1569 2800 1861 2878 tempore
1903 2792 2291 2879 receptionis
2342 2791 2689 2856 lectionum
2742 2791 3082 2877 promittat
3125 2789 3237 2857 do·
3257 2798 3327 2856 20

357 2891 544 2957 mino
613 2892 870 2958 decano
925 2889 1045 2957 sub
1096 2888 1272 2957 bona
1333 2891 1460 2958 fide
1515 2892 1700 2955 iuxta
1750 2891 2027 2955 formam
2090 2891 2335 2973 statuti,
2397 2905 2593 2978 super
2650 2889 2862 2955 forma
2921 2899 2985 2954 et
3048 2889 3241 2958 modo

357 2989 642 3078 legendi
685 2991 981 3073 confecti,
1039 2990 1212 3078 quod
1249 2990 1408 3057 velit
1453 2991 1778 3076 integrum
1828 2998 2081 3054 textum
2131 3012 2247 3055 seu
2286 2989 2527 3055 librum
2568 3012 2723 3055 suae
2762 2988 3063 3055 lectionis
3102 3013 3243 3077 spe-

367 3099 664 3156 ctantem
721 3091 808 3156 ad
863 3090 1143 3178 gradum
1197 3090 1416 3176 legere
1469 3099 1538 3154 et
1589 3087 1935 3175 diligenter
1989 3087 2359 3172 declarare,
2416 3098 2481 3154 et
2535 3089 2736 3156 nichil
2794 3097 3015 3154 textus
3071 3089 3243 3155 soliti

364 3188 500 3277 legi
561 3190 914 3257 obmittere
973 3213 1086 3255 seu
1139 3190 1530 3277 persaltare,
1597 3190 1693 3255 sic
1746 3188 1919 3278 quod
1977 3190 2223 3257 nullam
2282 3190 2625 3256 lectionem
2677 3189 2970 3277 negligat
3024 3190 3242 3276 aliqua

370 3286 634 3375 legibili
689 3288 794 3356 die
852 3289 1098 3378 absque
1156 3288 1530 3356 rationabili
1588 3310 1787 3355 causa
1798 3338 1818 3372 ,
1881 3289 1962 3354 de
2018 3313 2149 3378 qua
2205 3288 2602 3377 respondere
2666 3290 2907 3376 poterit
2963 3299 3027 3355 et
3081 3288 3241 3355 velit
3256 3296 3325 3355 25

371 3388 699 3473 facultati,
757 3399 821 3456 et
859 3388 1034 3476 quod
1071 3413 1202 3455 non
1242 3389 1402 3455 velit
1444 3390 1591 3477 plus
1635 3399 1751 3455 aut
1792 3390 2004 3455 minus
2059 3388 2277 3474 legere
2316 3390 2387 3452 in
2424 3388 2714 3477 qualibet
2767 3387 3061 3471 lectione,
3114 3390 3240 3454 nisi

378 3488 740 3554 secundum
793 3489 968 3578 quod
1023 3489 1391 3556 ordinatum
1437 3499 1536 3555 est
1577 3513 1620 3555 a
1660 3487 1988 3571 facultate,
2046 3486 2399 3553 secundum
2446 3487 2887 3553 distinctiones
2931 3485 3237 3574 legend03

377 3598 439 3652 et
480 3587 762 3677 quilibet
800 3591 1262 3675 magistrorum
1304 3590 1529 3677 legens
1567 3589 1856 3676 aliquam
1907 3587 2253 3653 lectionem
2305 3609 2427 3674 pro
2486 3587 2699 3674 gradu
2751 3584 2945 3652 debet
2995 3585 3239 3653 habere

383 3690 724 3776 proprium
762 3697 1031 3773 textum,
1073 3688 1195 3754 sub
1239 3711 1454 3777 poena
1494 3689 1891 3777 privacionis
1935 3695 2162 3776 pastus
2205 3684 2381 3752 illius
2423 3686 2737 3754 lectionis.

1383 3862 1478 3921 11.
1525 3872 1762 3922 nonus
1805 3853 2265 3921 nuncnunx.³
3255 3858 3324 3916 3ο

543 3988 715 4055 Item
768 3986 1042 4079 quilibet
1097 3989 1410 4075 magister
1468 3988 1674 4053 eciam
1737 3986 2077 4077 promittat
2135 3986 2408 4070 decane,
2466 3984 2640 4075 quod
2699 3982 3124 4066 exercicium,
3184 3982 3243 4049 si

391 4088 556 4177 quod
605 4088 983 4175 disputabit,
1024 4087 1184 4153 velit
1226 4111 1372 4153 cum
1419 4086 1770 4175 diligencia
1827 4088 1966 4153 sine
2022 4084 2167 4153 dolo
2226 4094 2290 4151 et
2344 4085 2573 4152 fraude
2615 4085 2993 4150 continuare
3032 4106 3237 4172 usque

395 4186 476 4252 ad
525 4190 741 4272 finem,
795 4186 1042 4254 nullam
1095 4190 1542 4277 quaestionem
1585 4189 2007 4255 communiter
2058 4186 2379 4275 disputari
2423 4192 2796 4252 consuetam
2838 4181 3238 4267 dimittendo,

396 4288 481 4351 ita
535 4286 711 4376 quod
766 4289 1120 4376 promittat,
1179 4310 1247 4354 se
1303 4290 1476 4355 omni
1531 4286 1912 4403 disputabili
1961 4286 2069 4351 die
2119 4284 2287 4351 velle
2326 4285 2709 4401 ‘disputare3
2769 4294 2833 4349 et
2885 4283 3059 4370 quod
3110 4302 3241 4348 non

395 4386 545 4454 velit
580 4387 753 4453 ultra
803 4411 1001 4454 unam
1053 4389 1496 4477 quaestionem
1553 4389 1620 4453 in
1673 4389 1878 4453 veteri
1935 4396 2094 4468 arte,
2154 4386 2380 4472 parvis
2437 4382 2821 4471 loycalibus,
2878 4383 3319 4470 zophistri235

401 4490 730 4570 communi,
768 4508 940 4553 nova
968 4487 1178 4573 loyca,
1210 4486 1290 4553 de
1316 4488 1554 4570 anima,
1582 4486 1662 4553 de
1692 4487 2140 4573 generacione,
2171 4484 2253 4549 de
2281 4484 2439 4567 celo,
2468 4483 2968 4565 metheororum,
3010 4480 3236 4569 parvis

400 4584 828 4653 naturalibus:
912 4585 1028 4652 sed
1083 4589 1152 4651 in
1211 4586 1618 4675 phisicorum
1685 4596 1749 4651 et
1805 4584 2159 4651 ethicorum
2210 4583 2382 4649 ultra
2432 4584 2595 4649 duas
2648 4583 3057 4671 quaestiones
3108 4602 3242 4646 una

401 4682 548 4752 hora
611 4708 726 4752 seu
787 4687 930 4752 vice
991 4688 1378 4769 terminare3
1442 4695 1507 4750 et
1563 4684 1738 4752 idem
1801 4706 1918 4772 per
1981 4685 2199 4749 omnia
2261 4685 2638 4771 promittere
2699 4680 2893 4748 debet
2952 4679 3238 4745 decanus

559 4923 582 4975 1
621 4918 748 4975 Von
786 4922 1031 4991 spiiterer
1064 4918 1234 4973 Hand
1267 4918 1663 4991 hinzngefiigt:
1717 4936 1830 4973 non
1863 4917 2299 4987 conmutacionis
2331 4913 2749 4986 dabputaciomh.

555 5008 588 5059 2
625 5004 736 5063 Am
769 5004 964 5059 Raude
998 5002 1146 5059 steht
1177 5020 1289 5059 von
1335 5007 1582 5075 spaterer
1613 5002 1807 5062 Hand.
1794 5020 1807 5034 ·
1877 5001 2114 5055 Novum.
2172 5002 2309 5055 Itan
2345 5018 2461 5071 pro
2502 4996 2945 5054 comm-onum
2990 4995 3234 5051 Rationi-

407 5088 490 5144 btoe
519 5096 880 5144 amoenan-
909 5088 1165 5159 movim-i
1193 5089 1258 5143 iu
1291 5096 1498 5144 aestate
1523 5088 1586 5143 in
1631 5094 1828 5143 octava
1857 5086 2041 5141 sancti
2072 5085 2339 5140 Iohme
2370 5085 2657 5155 bapt-vtae,
2699 5100 2763 5137 m
2800 5082 2985 5153 hyeme
3013 5098 3144 5139 υσο
3178 5081 3240 5137 in

407 5180 586 5228 octava
617 5172 884 5229 Iohannis
912 5173 1304 5243 ewangelistae,
1321 5190 1479 5271 ‘quae
1513 5173 1620 5227 orit
1652 5172 1714 5226 in
1748 5172 1922 5226 tercia
1955 5171 2049 5227 die
2074 5178 2207 5244 post
2240 5168 2716 5229 circumcisionis.

557 5262 589 5311 3
623 5255 734 5312 Am
763 5256 987 5313 Raude:
1047 5256 1278 5313 habeom·
1307 5257 1370 5313 in
1399 5257 1560 5312 novi-s
1591 5255 1826 5313 stam.
