4038 6358
868 625 978 680 Da·
1015 623 1265 680 Pauliner
1299 627 1507 693 colleg.
1577 625 1680 680 Die
1713 627 1952 681 Sumten
1988 643 2114 680 vom
2149 627 2315 681 Jahre
2353 625 2494 681 1543.
2980 627 3102 694 289

1482 860 1891 914 CONCLUSIO.

384 976 721 1065 Denique
775 999 921 1043 cum
980 987 1302 1066 nequeant
1359 980 1577 1044 omnia
1642 976 1896 1065 leg-ibus
1950 977 2409 1066 comprehendi
2486 975 2684 1062 (quod
2747 985 2810 1041 et
2872 997 2977 1042 res
3040 986 3104 1041 et

189 1087 507 1165 tempus
562 1098 825 1143 monere
880 1075 1085 1143 multa
1139 1077 1454 1161 soleant),
1531 1100 1751 1144 omnes
1828 1078 2069 1162 sciant,
2147 1076 2447 1143 definitas
2519 1074 2791 1140 mulctas
2865 1077 2930 1140 in
3004 1075 3105 1141 his

198 1178 518 1242 statutis
562 1175 911 1242 secundum
967 1175 1185 1243 delicti
1241 1177 1616 1264 qualitatem
1671 1176 1961 1263 aliasque
2026 1178 2542 1244 circumstantias
2601 1177 2825 1261 augeri
2877 1198 2954 1240 ac
3008 1177 3104 1240 in-

198 1275 415 1340 tendi
488 1298 716 1364 posse3
779 1275 977 1342 licere
1027 1279 1223 1343 etiam
1276 1276 1546 1363 collegio
1590 1275 1671 1341 de
1726 1277 1809 1341 iis
1870 1275 2145 1360 delictis,
2200 1276 2432 1364 quibus
2477 1283 2654 1339 certa
2694 1274 2935 1340 mulcta
2975 1298 3102 1340 non
3154 1285 3187 1340 5

208 1385 319 1440 eet
365 1376 710 1462 irrogata,
749 1375 1022 1443 arbitrio
1062 1399 1177 1443 suo
1221 1373 1660 1464 mul[40]ctam
1701 1374 1990 1440 definire.
2040 1376 2342 1458 Proinde,
2387 1375 2622 1463 quibus
2667 1374 2827 1439 haec
2867 1383 3107 1440 statuta

207 1473 639 1562 probantur,
698 1477 784 1541 iis
825 1475 911 1542 ad
962 1475 1369 1542 incolendum
1409 1478 1479 1541 in
1517 1475 1620 1540 his
1663 1474 1933 1542 aedibus
1975 1475 2230 1562 collegii
2272 1476 2476 1542 nostri
2515 1473 2695 1540 locus
2736 1483 2907 1556 est03
2971 1475 3106 1558 qui-

211 1573 354 1640 bus
420 1597 573 1641 non
622 1574 1004 1662 probantur,
1061 1574 1287 1658 alium,
1344 1575 1459 1640 ubi
1512 1574 1837 1658 habitent,
1897 1597 2211 1662 quaerere
2263 1583 2583 1662 poterunt.
2664 1571 3111 1638 Defendentur

218 1683 473 1739 autem
524 1697 567 1739 a
603 1673 875 1761 collegio
918 1674 1260 1762 diligenter
1301 1695 1524 1740 omnes
1560 1674 1714 1740 boni
1754 1696 1835 1740 ac
1883 1674 2091 1763 probi.
2171 1674 2277 1739 De
2317 1675 2546 1739 ceteris
2587 1671 2747 1738 nihil
2797 1671 2930 1736 dici
2974 1694 3106 1736 am·

224 1771 415 1861 plius
460 1795 735 1840 necesse
776 1784 892 1840 est.
3129 1782 3194 1837 ¹0

1405 1874 1539 1940 Soli
1579 1873 1702 1942 deo
1741 1873 1983 1960 gloria!

1002 2919 1089 2985 D.
1133 2916 1309 2985 DAS
1351 2916 1882 2985 COLLEGTUM
1921 2915 2407 2984 PAULINUM.

1094 3105 1221 3158 Dm
1256 3104 1639 3157 STATUTEN
1671 3105 1832 3158 VOM
1863 3105 2097 3156 JAHRE
2133 3102 2308 3156 1543.ι

948 3287 1347 3338 ms‘rl'm‘rlo
1386 3289 1478 3338 ET
1520 3288 1742 3338 LEGES
1786 3287 2133 3345 ΟΟΙιῙιΕΘΙΙ4
2152 3287 2453 3339 PAULINI.

452 3419 618 3487 Cum
657 3422 727 3485 in
769 3418 1063 3486 Paulinis
1106 3419 1396 3505 aedibuS,
1438 3422 1849 3488 universitati
1886 3445 2096 3510 nuper
2138 3421 2465 3488 attributis
2507 3420 2941 3489 munificentia
2980 3421 3118 3488 illu·
3141 3433 3201 3490 15

290 3519 591 3584 strissimi
630 3520 966 3607 principis,
1012 3519 1396 3586 scholastica
1438 3523 1862 3588 communitas
1902 3520 2298 3586 instituenda
2337 3522 2437 3605 sit,
2474 3522 2752 3607 primum
2793 3545 3118 3610 exponen—

287 3615 432 3683 dum
473 3620 869 3707 putavimus,
923 3641 1117 3707 quam
1153 3620 1430 3686 formam
1471 3620 1874 3688 contubernii
1912 3620 2105 3687 huius
2148 3643 2292 3687 esse
2332 3620 2666 3709 placuerit,
2718 3621 2950 3689 deinde
2992 3646 3121 3713 qua

288 3718 527 3785 ratione
568 3719 637 3785 in
673 3718 800 3785 hoc
840 3720 1055 3785 omnia
1097 3716 1537 3787 administrari
1580 3743 1660 3787 ac
1700 3720 1841 3787 fieri
1883 3729 2198 3808 oporteat.

450 3959 475 4009 1
514 3953 640 4010 Nur
672 3950 1057 4010 abechrifflich
1097 3950 1344 4008 erhalten
1396 3951 1457 4006 in
1487 3950 1693 4022 Vogels
1726 3950 2115 4007 Collectaneen
2150 3950 2202 4008 V
2238 3950 2326 4007 Bl.
2362 3956 2461 4008 488
2497 3952 2592 4025 fg„
2633 3950 2789 4008 nicht
2822 3951 3006 4008 besser
3039 3954 3122 4010 als

290 4034 369 4092 die
404 4038 639 4111 iibrigen
672 4036 1035 4094 Abechriflen
1067 4036 1246 4092 dieses
1280 4034 1589 4091 Sammlers.
1646 4034 1757 4089 Ein
1790 4035 2003 4091 Datum
2036 4036 2111 4090 ist
2145 4035 2407 4106 nirgends
2443 4037 2780 4110 angegeben,
2811 4037 2957 4094 doch
2991 4041 3123 4094 wird

294 4119 383 4175 das
425 4121 464 4178 J
467 4121 572 4178 alu·
620 4128 749 4180 1543
796 4121 1012 4177 keinem
1048 4119 1271 4177 Zweifel
1323 4118 1681 4190 unterliegen.
1749 4118 1859 4174 Am
1907 4125 1986 4176 28.
2031 4119 2171 4176 ,Iuni
2209 4125 2339 4178 1543
2390 4120 2624 4193 erfolgte
2670 4120 2759 4177 die
2795 4122 3124 4195 Uebergabe

293 4204 378 4260 des
403 4206 728 4263 Paulinums
765 4223 838 4262 an
870 4206 961 4262 die
993 4204 1339 4263 Universitiit
1372 4204 1544 4274 (Acta
1576 4204 1872 4259 Rectorum
1915 4208 2027 4274 178,
2063 4208 2130 4261 24
2161 4202 2266 4276 fg.)
2301 4204 2415 4259 und
2453 4204 2636 4277 gleich
2666 4204 2875 4261 darauf
2903 4206 3125 4262 wurden

297 4288 374 4345 die
406 4299 511 4348 m
539 4292 829 4364 praesides
862 4290 976 4346 und
1009 4296 1249 4361 quatuor
1282 4295 1563 4343 curatores
1609 4286 1863 4359 gewshlt,
1917 4287 2062 4343 auch
2097 4290 2167 4344 de
2200 4306 2386 4344 merua
2426 4291 2697 4345 communi
2730 4290 2942 4345 utiliter·
2972 4292 3125 4346 insti·

299 4379 494 4447 Ιυωάα,
531 4379 601 4433 do
637 4377 857 4432 sm
889 4373 1362 4431 concatenatim
1379 4373 1712 4442 formandis
1743 4370 2046 4444 gehandelt
2078 4371 2345 4444 (ebenda·
2379 4372 2490 4446 vgl.
2529 4380 2644 4443 202,
2681 4379 2746 4430 42
2779 4373 2896 4449 fg.).
2931 4372 2986 4431 S.
3016 4379 3126 4446 192,

300 4462 355 4514 43
391 4459 563 4518 heinst
604 4476 665 4516 es
699 4460 875 4516 dann:
926 4459 1268 4515 Statutonm
1307 4457 1644 4527 comm-iptio
1686 4458 1973 4512 commissa
2009 4457 2330 4513 Camerario
2372 4466 2467 4513 est.
2537 4460 2598 4513 Ie
2632 4460 2846 4528 qoenina
2878 4475 2944 4512 ea
2961 4458 3128 4528 feeit,

298 4544 373 4598 vol
409 4548 467 4600 in
509 4546 870 4616 cli-'ciplinam
913 4561 1218 4600 mensarum
1265 4541 1353 4596 vel
1402 4542 1464 4595 ia
1510 4541 1899 4596 habitationem
1945 4543 2312 4612 contubernii,
2360 4550 2665 4613 temperans
2714 4542 2796 4597 ita
2843 4542 3128 4597 materiam

300 4633 584 4700 eorundem,
624 4638 687 4685 ut
727 4630 826 4701 qui
858 4629 1127 4685 alterutra
1168 4627 1328 4696 ἱεραὶ,
1374 4633 1605 4696 utraque
1638 4626 1831 4697 leyute
1866 4627 2169 4682 videatur.
2253 4625 2558 4682 .C'ondita
2590 4627 2918 4681 audiverunt
2948 4633 3129 4681 rector

304 4719 348 4765 et
370 4713 550 4782 Xviri,
578 4715 957 4786 probaverunt
987 4715 1352 4781 aeder-meque
1382 4711 1541 4765 nobis
1576 4711 1848 4765 tradenda
1875 4715 2187 4781 praefecto,
2220 4717 2282 4764 ut
2314 4728 2434 4763 cum
2469 4711 2698 4765 caeteris
2728 4711 2955 4782 script&
2987 4711 3130 4765 irent

303 4799 372 4851 ad
399 4800 726 4871 prineipm
786 4797 1125 4853 Placuenmt
1169 4797 1334 4851 etiam
1373 4799 1664 4865 praefecto
1712 4794 1944 4862 mirifico
1980 4811 2036 4847 u.
2083 4812 2129 4848 s.
2162 4811 2227 4849 w.
2298 4793 2436 4849 Dies
2482 4793 2697 4849 scheint
2741 4810 2922 4865 gegen
2969 4793 3127 4850 Ende

308 4877 408 4937 Jnli
446 4883 763 4957 geschehen
807 4899 880 4937 zu
925 4881 1058 4937 sein.
1126 4880 1308 4937 Unter
1337 4878 1463 4934 dem
1507 4885 1555 4936 6
1593 4876 1900 4933 December
1939 4882 2066 4933 1543
2102 4876 2237 4932 wird
2271 4876 2424 4933 dann
2458 4877 2729 4934 erwiihnt:
2787 4879 3048 4933 Recitata
3079 4886 3130 4933 et

306 4972 485 5024 dama
522 4987 631 5042 per
661 4975 926 5024 rectorem
956 4972 1094 5034 amnt,
1135 4981 1275 5036 quae
1306 4963 1715 5035 comprobanda
1746 4960 2006 5032 principi
2046 4960 2235 5015 obhta
2263 4969 2465 5016 aestate
2494 4967 2746 5034 fiaes-ant.
2802 4964 2880 5016 Id
2903 4967 3129 5033 factuam

310 5049 363 5104 in
385 5054 661 5110 maliem-io
694 5051 958 5119 Paulino,
993 5048 1355 5105 assidentum
1383 5047 1740 5120 praesidibus
1772 5052 1823 5099 et
1854 5046 2213 5109 curatoribus,
2244 5063 2449 5116 may-na
2479 5048 2769 5102 iuventutis
2802 5049 3128 5119 fi-equcentia

313 5133 426 5204 (das.
455 5142 574 5210 204,
607 5138 712 5210 26).
768 5136 911 5194 Vom
941 5133 1092 5192 Hofe
1124 5134 1222 5190 des
1255 5132 1506 5204 Herzogs
1541 5129 1804 5187 scheinen
1841 5128 1921 5184 sie
1955 5144 2063 5200 gar
2093 5127 2250 5184 nicht
2281 5129 2482 5186 wieder
2515 5131 2963 5202 zuriickgesandt
2994 5149 3127 5187 wor-

314 5216 403 5276 den
442 5240 515 5278 zu
564 5222 700 5292 sein,
746 5220 1078 5293 wenigsoens
1128 5216 1347 5275 schrieb
1396 5215 1458 5273 C.
1507 5214 1722 5271 Borner
1768 5212 1913 5269 noch
1961 5214 2040 5269 im
2095 5212 2342 5269 Sommer
2391 5220 2545 5272 1546.
2613 5214 2834 5271 Statum
2879 5214 3128 5272 Paulina

315 5302 461 5361 incon
498 5308 678 5363 afflatu:
718 5307 783 5361 in
815 5306 950 5362 aula
990 5304 1275 5377 principie
1314 5321 1355 5357 a
1387 5301 1621 5357 Bae-sini
1658 5304 1935 5355 rectoratu
1976 5296 2249 5371 (Sommer
2286 5300 2453 5374 1543).
2523 5300 2683 5356 Haec
2714 5302 2843 5354 ἀνω
2883 5301 3129 5371 quotidie

426 5407 866 5448 nummum
899 5407 1017 5446 nnn
1048 5407 1195 5445 mav-
1229 5405 1470 5444 nmmo.
2719 5393 2792 5453 19
