4038 6358
787 638 904 705 102
1722 638 1834 688 Des
1867 637 2139 688 Iohannes
2169 638 2328 688 Fabri
2365 638 2432 688 ds
2474 636 2700 687 Werdea

779 818 1191 906 Dhiiringiae
1248 816 1418 907 [¹0¹³]
1486 828 1551 885 et
1607 818 1999 884 marchionis
2038 812 2363 902 Misznae,
2430 819 2672 886 domini
2736 821 2943 885 nostri
3006 820 3343 904 gratiosi),
3418 838 3653 883 omnes

780 927 846 983 et
887 918 1175 1005 singulos
1218 928 1404 985 actus
1442 918 1882 1000 scholasticos,
1926 919 2226 1004 proxime
2267 929 2539 1006 propter
2581 929 2791 985 certas
2814 919 3160 985 violentias
3187 932 3251 983 et
3277 917 3652 999 molestiae,

681 1084 690 1089 ,
781 1019 1194 1084 universitati
1247 1026 1312 1084 et
1371 1019 1727 1106 suppositis
1772 1018 1912 1082 eius
1950 1016 2186 1084 fi‘ivole
2228 1017 2478 1102 illatas,
2535 1038 2918 1106 suspensos,
2960 1021 3149 1084 iuxta
3188 1028 3465 1083 nostrae
3505 1017 3655 1082 uni-

780 1119 1108 1183 versitatis
1166 1117 1537 1184 conclusum
1602 1117 1867 1183 eosdem
1922 1118 1991 1181 in
2047 1116 2175 1183 hiis
2236 1119 2500 1205 scriptis
2547 1118 2953 1202 relaxamus,
3013 1119 3350 1184 hortantes
3415 1136 3653 1183 omnes

730 1226 762 1282 5
785 1226 849 1282 et
906 1215 1194 1303 singulos
1247 1216 1627 1303 magistros,
1694 1217 2021 1300 doctores,
2088 1214 2453 1282 licentiatos
2528 1226 2593 1282 et
2645 1217 3051 1284 baccalarios
3106 1236 3655 1304 quarumcunque

782 1315 1161 1381 facultatum
1178 1365 1197 1399 ,
1254 1324 1568 1404 quatenus
1618 1318 1686 1381 in
1742 1330 1934 1381 antea
1986 1325 2058 1380 ut
2101 1316 2283 1403 prius
2328 1338 2549 1382 omnes
2595 1326 2659 1382 et
2701 1316 2989 1403 singulos
3031 1316 3403 1384 huiusmodi
3454 1326 3652 1382 actus

783 1414 1205 1481 scholasticos
1250 1414 1600 1480 secundum
1642 1417 1838 1480 ritum
1882 1424 1945 1479 et
1983 1413 2349 1480 laudabiles
2401 1438 2669 1481 suarum
2709 1416 3091 1483 facultatum
3135 1416 3652 1482 consuetudines

784 1525 848 1580 et
900 1522 1142 1579 statuta
1199 1537 1422 1580 coram
1473 1524 1735 1580 nostrae
1787 1514 2234 1579 universitatis
2288 1516 2646 1602 suppositis
2688 1539 2809 1603 pro
2848 1515 3197 1583 eorundem
3236 1517 3651 1581 incremento

782 1613 1124 1701 diligenter
1176 1623 1526 1680 exerceant
1577 1624 1642 1679 et
1698 1616 2086 1681 continuent.
2174 1613 2309 1679 Sub
2364 1636 2574 1701 poena
2631 1617 2958 1693 carentiae
3013 1616 3510 1702 acturegentiae
3573 1636 3655 1678 ac

703 1724 768 1780 10
789 1714 1366 1780 emolumentorum
1407 1714 1867 1779 universitatis.
1951 1711 2201 1779 Datum
2250 1724 2611 1780 rectoratus
2658 1725 2775 1779 etc.

873 1884 963 1946 16.
1028 1898 1419 1948 MANDATUM
1458 1898 1553 1946 DE
1596 1897 1843 1953 BEAMS
1885 1897 2032 1947 NON
2072 1894 2418 1947 VEXANDIS
2461 1900 2596 1947 VEL
2635 1900 2986 1949 INIURIOSE
3030 1898 3553 1948 OFFENDENDIS.

954 2013 1231 2079 Mandat
1269 2011 1568 2078 omnibus
1611 2023 1676 2078 et
1722 2012 1995 2099 singulis
2038 2014 2481 2079 universitatis
2539 2014 2829 2080 eiusdem
2871 2015 3258 2101 suppositis,
3314 2021 3652 2101 quatenus

782 2111 1029 2179 nullum
1087 2115 1380 2199 ipsorum
1436 2111 1743 2199 deinceps
1799 2112 2082 2200 aliquem
2137 2136 2220 2178 ex
2270 2113 2397 2178 hiis
2413 2163 2432 2195 ,
2488 2119 2600 2202 qui
2655 2138 2799 2181 sese
2854 2116 2923 2180 in
2964 2135 3276 2201 praesens
3320 2111 3649 2200 oppidum

786 2222 851 2278 et
903 2212 1072 2277 hanc
1129 2211 1366 2281 almam
1421 2211 1822 2276 academiam
1878 2212 2078 2277 studii
2121 2235 2319 2278 causa
2361 2212 2797 2296 contulerunt,
2855 2237 3018 2303 quos
3057 2211 3348 2278 nonnulli
3390 2212 3649 2277 beanos

706 2322 767 2379 15
784 2336 898 2380 suo
926 2310 1187 2379 nomine
1208 2306 1668 2398 compellitant,
1710 2313 1778 2377 in
1799 2310 1962 2394 foro,
2006 2302 2263 2398 plateis,
2303 2312 2488 2396 vicis,
2530 2311 2840 2399 collegiis,
2863 2312 3078 2379 bursis
3106 2311 3337 2378 aliisve
3368 2310 3647 2400 quibus·

785 2413 943 2480 libet
997 2412 1160 2477 locis
1216 2421 1280 2475 et
1333 2411 1665 2496 signanter
1702 2412 1773 2475 in
1816 2413 2147 2496 praesenti
2190 2410 2463 2498 collegio
2478 2460 2497 2494 ‚
2554 2411 2811 2498 quando
2854 2412 2941 2478 ad
2980 2415 3194 2499 ipsum
3238 2412 3645 2477 immatricu-

782 2512 1043 2578 lationis
1100 2533 1299 2577 causa
1352 2508 1796 2595 ingredientur
1839 2509 1944 2575 vel
1990 2520 2142 2597 post
2182 2511 2861 2577 immatriculationem
2908 2510 3351 2598 egredientur,
3412 2509 3645 2576 verbis

782 2612 1113 2679 iniuriosis
1188 2611 1262 2678 os
1267 2606 1365 2697 [11
1387 2607 1439 2697 ⁸]
1452 2608 1706 2691 fendat,
1792 2608 2129 2692 verberet,
2203 2609 2465 2698 capillet
2479 2661 2498 2693 ,
2572 2632 2746 2698 aqua
2818 2633 2933 2676 seu
3003 2613 3196 2676 urina
3264 2608 3644 2700 peri-undat,

786 2710 1164 2801 pulveribus
1208 2718 1406 2797 atque
1449 2708 1596 2774 aliis
1637 2708 2180 2775 immundiciebus
2224 2711 2531 2797 proiiciat
2571 2710 2676 2775 vel
2715 2709 3043 2794 defoedet,
3083 2709 3432 2776 fistulando
3483 2708 3643 2777 sub·

703 2821 771 2878 20
793 2819 1023 2876 sannet
1035 2858 1053 2892 ,
1114 2809 1457 2875 horrendis
1499 2809 1769 2876 vocibus
1814 2809 2210 2894 acclamitet,
2261 2810 2369 2875 vel
2425 2809 2636 2877 modis
2679 2809 3167 2899 quibuscunque
3211 2808 3645 2899 corporaliter

788 2920 983 3000 atque
1025 2911 1370 2975 enormiter
1413 2909 1758 2977 molestare
1798 2919 2194 2998 praesumat.
2281 2908 2419 2976 Sub
2477 2931 2689 2996 poena
2729 2932 2807 2975 .v.
2851 2933 3227 2997 grossorum
3243 2958 3262 2994 ,
3319 2911 3644 2976 universi-

792 3012 913 3077 tati
951 3008 1484 3075 irremissibiliter
1528 3018 1646 3075 etc.

857 3184 948 3246 17.
1016 3157 1404 3245 nmmum
1429 3193 1540 3262 ‚ns
1584 3193 1730 3243 non
1771 3192 2194 3243 mommo
2233 3193 2381 3242 non
2420 3194 3033 3245 mm'rmcunnos
3074 3196 3211 3245 vm,
3254 3193 3570 3247 numm
3674 3247 3677 3250 ,

1689 3292 2254 3342 umvssmnwn
2300 3293 2723 3343 srunmvrss.

703 3423 771 3480 25
951 3408 1227 3475 Mandat
1278 3408 1576 3474 omnibus
1629 3417 1693 3474 et
1748 3407 2018 3494 singulis
2075 3410 2407 3495 magistris
2450 3419 2567 3475 etc.
2581 3458 2600 3493 ,
2674 3420 2990 3498 quatenus
3052 3411 3299 3478 nullum
3343 3416 3639 3503 ipsorum

788 3512 1095 3597 deinceps
1137 3530 1266 3573 non
1308 3506 1637 3573 studentes
1682 3507 1788 3572 vel
1835 3506 2113 3573 aliarum
2154 3510 2653 3574 universitatum
2696 3509 3029 3576 studentes
3043 3560 3062 3594 ,
3118 3513 3187 3577 in
3227 3513 3642 3580 matriculam

788 3611 980 3676 huius
1018 3607 1465 3674 universitatis
1507 3606 1789 3673 nondum
1831 3607 2212 3695 inscriptos)
2272 3607 2357 3673 ad
2403 3630 2472 3673 se
2521 3605 2827 3694 colligere
2870 3609 2973 3674 vel
3016 3609 3189 3676 ultra
3230 3614 3421 3679 unius
3462 3635 3637 3681 men-

792 3711 881 3776 sis
936 3708 1254 3795 spatium,
1311 3729 1351 3772 a
1402 3705 1571 3772 datis
1626 3706 2079 3793 praesentibus
2134 3707 2632 3794 computandum
2667 3711 2686 3749 ¹
2699 3757 2717 3790 ,
2790 3707 3072 3797 hospitio
3137 3723 3474 3800 receptare
3527 3721 3642 3779 aut

788 3810 952 3896 ipsis
999 3805 1373 3873 cohabitare
1417 3827 1532 3871 seu
1571 3809 1641 3871 in
1684 3805 1936 3871 actibus
1975 3805 2379 3872 scholasticis
2426 3806 2902 3893 quomodolibet
2954 3813 3332 3877 conversari
3372 3833 3639 3900 praesu·

708 3919 777 3975 30
792 3917 928 3973 mat
983 3905 1104 3972 sub
1158 3927 1369 3993 poena
1421 3906 1609 3971 unius
1655 3928 2022 3993 sexagenae
2061 3927 2297 3989 novae,
2358 3907 2769 3972 universitati
2818 3910 3351 3980 irremissibiliter
3393 3911 3638 4000 persol-

789 4006 1059 4073 vendae.
1145 4004 1497 4094 Sciantque
1537 4005 1699 4072 tales
1744 4028 1872 4071 non
1915 4006 2423 4089 immatriculati,
2466 4028 2538 4071 se
2576 4006 2866 4071 comodis
2909 4019 2974 4074 et
3013 4008 3422 4079 libertatibus
3451 4012 3639 4078 huius

791 4105 1229 4172 universitatis
1248 4153 1267 4186 ,
1326 4106 1382 4169 si
1426 4106 1627 4190 (quod
1674 4105 1875 4178 absit)
1921 4105 2173 4193 aliquid
2211 4105 2626 4172 adversitatis
2668 4107 2833 4193 ipsis
2877 4128 2995 4194 per
3038 4109 3363 4177 seculares
3410 4133 3635 4178 evene-

790 4208 912 4289 rit,
953 4204 1242 4293 gaudere
1283 4226 1415 4269 non
1458 4227 1652 4291 posse
1671 4255 1690 4289 ‚
1735 4205 1942 4272 donec
1981 4206 2296 4273 intitulati
2338 4207 2594 4272 fuerint.
2675 4206 2925 4273 Datum
2966 4219 3085 4274 etc.

957 4374 1053 4440 18.
1114 4388 1502 4437 MANDATUM
1539 4389 1634 4437 DE·
1674 4390 2103 4456 rnonmsUS,
2152 4390 2572 4439 summanus
2615 4391 2772 4439 E'rc.
2813 4393 2960 4442 non
3004 4393 3482 4444 Anscmsnms,

709 4517 776 4574 35
959 4503 1235 4569 Mandat
1280 4504 1575 4570 omnibus
1619 4514 1684 4569 et
1728 4505 2030 4591 singulis,
2087 4516 2221 4571 tam
2278 4506 2619 4592 graduatis
2660 4529 2852 4595 quam
2896 4530 3023 4574 non
3065 4509 3408 4595 graduatis
3423 4558 3442 4592 ,
3500 4511 3638 4575 uni-

791 4605 1124 4672 versitatis
1166 4602 1459 4669 eiusdem
1504 4606 1879 4691 suppositis,
1927 4614 2248 4693 quatenus
2289 4606 2535 4671 nullum
2577 4607 2869 4693 ipsorum
2905 4608 3135 4674 incolis
3179 4609 3371 4675 huius
3411 4608 3638 4697 oppidi

796 4702 966 4795 [11¹³]
1029 4713 1143 4769 aut
1205 4701 1351 4767 aliis
1413 4702 1904 4790 quibuscunque
1948 4727 2066 4792 per
2105 4704 2570 4792 virgultorum,
2638 4706 2989 4793 lignorum,
3057 4708 3398 4790 arborum,
3465 4710 3634 4775 fron·

795 4806 974 4871 dium
989 4853 1007 4887 ,
1064 4812 1384 4888 segetum,
1436 4805 1799 4888 graminum
1815 4853 1833 4887 ,
1888 4805 2357 4873 frumentorum
2373 4857 2393 4891 ,
2440 4808 2736 4895 pisarum
2793 4819 2904 4874 aut
2947 4829 3471 4895 quorumcunque
3510 4810 3636 4874 fru-

797 4915 1016 4971 ctuum
1059 4925 1174 4968 seu
1211 4912 1389 4967 terra
1429 4904 1831 4968 nascentium
1873 4903 2301 4971 abscisionem
2318 4956 2337 4990 ,
2390 4907 2785 4974 ablationem
2841 4919 3036 4996 atque
3087 4906 3637 4974 conculcationem

714 5004 1108 5071 40damnum
1149 5003 1403 5084 inferat,
1448 5025 1568 5069 nec
1607 5002 1771 5086 loca,
1813 5002 2204 5070 Rosental
2247 5015 2310 5070 et
2353 5006 2973 5092 Thiergarthen
3013 5007 3375 5094 vulgariter
3419 5006 3636 5095 appel·

942 5243 960 5292 1
1001 5236 1108 5291 Die
1140 5235 1488 5308 Abkiirzung
1521 5236 1594 5289 ist
1635 5235 1831 5290 wieder
1863 5236 1962 5290 der
1994 5238 2132 5307 Art,
2170 5238 2299 5293 dass
2329 5236 2419 5292 die
2456 5237 2700 5309 Endung
2738 5238 2896 5293 nicht
2931 5257 3000 5293 zu
3034 5239 3314 5316 erkennen
3352 5239 3451 5309 ist,
3486 5245 3626 5295 etwa

803 5322 1208 5394 computando!
1273 5321 1426 5377 Aber
1459 5319 1568 5391 vgl.
1604 5338 1650 5375 z.
1689 5319 1752 5375 B.
1792 5324 2161 5392 computando
2193 5320 2252 5376 in
2285 5322 2415 5379 Nro.
2452 5325 2517 5379 62
2553 5339 2606 5376 u.
2645 5335 2695 5375 a.
