4038 6358
791 635 913 699 570
1812 634 1912 684 Die
1949 633 2317 699 theolossische
2352 633 2605 686 Bacultsst.

793 838 938 881 rum
980 815 1141 880 fiant
1181 815 1320 881 sine
1357 814 1719 881 ambitiosis
1765 815 2221 882 certaminibus
2266 814 2541 883 candide
2572 823 2639 881 et
2678 813 2957 903 placide,
2998 837 3151 882 nam
3178 814 3355 882 hunc
3382 824 3621 883 coetum

791 914 1217 1002 theologicum
1257 916 1541 980 maxime
1584 915 1766 981 decet
1808 936 1950 980 esse
1993 916 2526 998 aristocraticum,
2586 914 2835 1002 gloriae
2891 915 3015 999 dei,
3071 915 3387 982 ecclesiae
3439 915 3619 981 saluti

788 1024 855 1083 et
893 1014 1341 1104 tranquillitati
1383 1037 1536 1080 vere
1577 1024 1641 1080 et
1675 1037 1758 1079 ex
1799 1016 2013 1080 animo
2054 1015 2457 1081 servientem.

1921 1214 2491 1264 DISPUTATIONES.

710 1340 744 1397 5
2007 1334 2053 1385 C
2064 1349 2097 1384 a
2109 1351 2144 1399 p
2155 1351 2189 1384 u
2200 1342 2225 1385 t
2251 1335 2279 1385 1
2290 1335 2352 1385 11
2362 1336 2404 1385 Ι.

953 1446 1305 1536 Disputent
1346 1449 1541 1514 etiam
1585 1449 1708 1514 hoc
1751 1448 1977 1514 ordine
2021 1449 2317 1515 doctores
2358 1448 2741 1536 theologiae,
2794 1457 2867 1514 ut
2910 1447 3189 1535 singulis
3246 1448 3400 1513 anni
3456 1470 3625 1512 men·

791 1546 967 1613 sibus
1010 1570 1140 1612 una
1177 1547 1292 1612 fiat
1333 1547 1595 1636 publica
1636 1548 2010 1636 disputatio,
2064 1547 2607 1635 quemadmodum
2659 1548 2969 1614 hactenus
3016 1549 3437 1614 constitutum
3474 1548 3625 1629 fuit3

791 1655 856 1712 et
919 1655 1251 1712 sumantur
1307 1649 1617 1713 materiae
1672 1647 2103 1734 theologicae,
2167 1647 2357 1713 utiles
2413 1647 2498 1713 ad
2557 1647 2944 1713 erudiendos
3003 1646 3351 1713 auditores.
3438 1648 3627 1735 Ipsae

787 1768 945 1812 vero
1000 1747 1309 1812 materiae
1366 1749 1745 1835 priusquam
1805 1756 2269 1835 proponantur,
2334 1747 2753 1814 ostendantur
2807 1748 3050 1813 decano
3107 1748 3296 1813 huius
3355 1747 3625 1833 collegii,

721 1855 785 1910 10
804 1847 913 1931 qui
957 1846 1009 1910 si
1052 1846 1208 1933 quid
1249 1845 1663 1933 improbabit,
1706 1846 1927 1912 iubeat
1968 1849 2231 1933 corrigi.
2299 1847 2370 1913 Si
2415 1849 2556 1933 quis
2598 1856 2813 1912 autem
2850 1846 2957 1912 vel
2996 1870 3126 1912 non
3167 1846 3488 1930 ostendat,
3531 1847 3629 1912 vel

795 1947 1008 2011 iussus
1067 1967 1195 2011 non
1251 1948 1570 2033 corrigat,
1636 1956 1850 2012 rector
1906 1956 1970 2011 et
2027 1946 2309 2011 decanus
2367 1946 2632 2013 iubeant
2688 1946 2937 2012 differri
3001 1946 3510 2034 disputationem
3562 1949 3627 2012 in

795 2044 972 2110 aliud
1016 2054 1292 2133 tempus,
1337 2055 1400 2111 et
1442 2048 1915 2134 propositiones
1959 2048 2144 2133 prius
2186 2048 2253 2111 in
2292 2056 2426 2112 toto
2465 2047 2735 2133 collegio
2775 2049 3240 2113 examinentur.

947 2161 1283 2245 Volumus,
1329 2170 1391 2227 et
1431 2163 1499 2226 in
1543 2162 2078 2227 extraordinariis
2122 2162 2686 2250 disputationibus,
2743 2186 2907 2252 quae
2964 2187 3083 2253 per
3138 2165 3430 2251 singulas
3476 2163 3627 2230 heb-

792 2260 1103 2328 domades
1155 2262 1344 2345 fiunt,
1401 2284 1522 2349 par
1575 2261 1856 2327 studium
1900 2271 1963 2327 et
2005 2261 2406 2348 diligentiam
2448 2262 2758 2350 impendi,
2803 2285 2932 2348 qua
2978 2273 3120 2329 tota
3170 2266 3239 2329 in
3283 2287 3354 2329 re
3396 2273 3461 2329 et
3505 2264 3627 2329 dis-

711 2371 770 2426 15
792 2361 1064 2448 putandi
1107 2363 1357 2427 ratione
1401 2363 1454 2426 si
1509 2361 1666 2446 quid
1718 2363 1932 2426 inesse
1973 2363 2118 2427 vitii
2173 2371 2613 2448 cognoscetur,
2669 2364 2907 2449 poterit
2963 2363 3198 2428 dehinc
3249 2363 3628 2429 conmodius

785 2462 1107 2526 constitui.

952 2560 1205 2626 Placuit
1257 2570 1469 2626 autem
1526 2560 1629 2626 his
1681 2560 2079 2648 temporibus
2140 2583 2269 2625 non
2331 2559 2507 2625 leves
2565 2559 2648 2626 ob
2707 2583 2939 2627 causas
2999 2561 3475 2649 disputationes
3536 2563 3627 2626 sic

789 2659 1111 2744 ordinare,
1171 2669 1241 2725 ut
1284 2662 1479 2725 etiam
1523 2659 1860 2749 discipulis
1914 2659 2259 2745 theologici
2305 2659 2500 2724 studii
2551 2669 2840 2746 potestas
2897 2661 3082 2726 fieret
3138 2661 3219 2727 de
3263 2663 3621 2750 propositis

785 2760 1086 2826 thematis
1130 2759 1496 2846 quaerendi.
1580 2760 1669 2825 Iis
1722 2761 1923 2845 igitur
1966 2761 2405 2845 argumentari
2446 2759 2812 2826 volentibus
2866 2759 3044 2827 locus
3102 2771 3251 2826 ante
3293 2762 3402 2826 vel
3458 2764 3627 2826 intra

706 2867 773 2925 20
791 2861 1140 2947 magistros
1184 2858 1442 2925 dabitur
1481 2882 1523 2924 a
1568 2858 1979 2947 praesidente
2022 2858 2449 2946 disputationi
2492 2859 3074 2925 extraordinariae.
3145 2860 3294 2941 Quo
3336 2862 3631 2926 instituto

790 2959 963 3046 quod
1005 2959 1173 3025 forte
1215 2960 1509 3047 praemia
1557 2957 1942 3043 quibusdam
1986 2958 2319 3043 magistris
2375 2957 2689 3024 decedere
2742 2970 3033 3046 possent,
3091 2983 3293 3049 opera
3346 2959 3629 3042 dabitur,

786 3068 857 3125 ut
900 3058 1119 3144 aliqua
1159 3059 1409 3123 ratione
1453 3057 1566 3123 illa
1602 3058 1893 3124 decessio
1939 3066 2409 3144 compensetur.

959 3191 1081 3280 [Bl.
1125 3189 1230 3280 3²]
1289 3192 1641 3257 Praeterea
1680 3193 1749 3257 in
1790 3190 2336 3279 disputationibus
2392 3191 2742 3257 ordinariis
2801 3192 2924 3259 hoc
2980 3192 3366 3275 servabitur,
3418 3205 3521 3276 ut,
3581 3176 3632 3258 si

787 3292 1165 3380 magnitudo
1209 3295 1462 3380 negocii
1505 3293 1767 3378 exigere
1817 3289 2133 3373 videatur,
2190 3314 2321 3357 non
2366 3291 2570 3358 solum
2616 3302 2766 3358 ante
2820 3292 2936 3357 sed
2992 3293 3186 3358 etiam
3242 3302 3391 3380 post
3444 3296 3629 3358 meri-

705 3401 772 3458 25
795 3392 963 3458 diem
1019 3391 1488 3479 disputationes
1546 3391 1719 3456 fiant.
1801 3389 1970 3455 Tum
2026 3389 2235 3455 autem
2290 3391 2666 3477 magnitudo
2722 3392 2976 3478 negocii
3034 3393 3281 3477 exiget,
3344 3415 3495 3457 cum
3551 3391 3632 3457 ad

784 3494 1108 3558 rationum
1161 3514 1421 3557 suarum
1480 3490 1976 3577 explicationem
2032 3512 2163 3554 non
2217 3490 2516 3556 omnibus
2574 3490 2753 3556 locus
2813 3514 2955 3557 esse
3011 3493 3267 3579 poterit.
3346 3491 3449 3556 Ne
3490 3493 3632 3577 quis

785 3593 986 3680 igitur
1048 3591 1453 3674 excludatur,
1526 3613 1780 3679 quoque
1844 3589 2216 3676 diligentius
2279 3592 2496 3655 omnia
2555 3591 2983 3673 excutiantur,
3046 3591 3419 3656 intermissa
3486 3601 3631 3655 ante

789 3692 1122 3759 meridiem
1162 3692 1518 3781 disputatio
1561 3700 1715 3779 post
1755 3700 2107 3777 repetatur.

1686 3889 2083 3939 DOGMATUM
2123 3889 2714 3954 CONTROVERSIAE.

705 4017 775 4074 30
2028 4008 2070 4058 C
2086 4023 2119 4058 a
2136 4024 2171 4072 p
2187 4024 2219 4057 n
2235 4015 2258 4059 t
2306 4008 2372 4058 V.

956 4124 1027 4191 Si
1082 4125 1386 4191 inciderit
1443 4124 1883 4190 controversia
1938 4121 2018 4188 de
2064 4122 2369 4208 dogmate
2411 4123 2868 4205 ecclesiastico,
2925 4132 2988 4188 et
3045 4146 3210 4188 unus
3249 4124 3354 4190 vel
3416 4124 3630 4213 plures

791 4225 1202 4292 concordiam
1242 4225 1574 4291 doctrinae
1616 4222 2004 4289 conturbare
2046 4221 2455 4304 videbuntur,
2496 4221 2779 4288 decanus
2823 4225 2968 4287 eam
3006 4245 3145 4287 rem
3185 4222 3272 4288 ad
3316 4234 3629 4291 rectorem

793 4337 860 4391 et
901 4324 1239 4390 consilium
1281 4326 1480 4390 totius
1531 4324 1974 4388 universitatis
2032 4322 2290 4387 referat.
2373 4321 2473 4386 Ac
2526 4323 2937 4405 universitas,
2995 4324 3051 4386 si
3104 4322 3481 4409 magnitudo
3537 4325 3629 4389 rei

792 4423 1174 4517 postulabit,
1228 4424 1513 4511 principi
1569 4420 1988 4508 significabit,
2050 4431 2114 4487 et
2166 4423 2468 4508 princeps
2514 4443 2659 4485 cum
2704 4421 2972 4488 consilio
3019 4422 3394 4488 academiae
3437 4423 3630 4510 eligat

709 4539 775 4595 35
794 4526 1039 4593 iudices
1094 4522 1389 4606 idoneos,
1448 4523 1559 4609 qui
1611 4531 1817 4586 totam
1878 4521 2384 4587 controversiam
2444 4519 2786 4606 diligenter
2845 4522 3216 4586 examinent
3272 4531 3336 4586 et
3390 4522 3628 4588 iudicio

797 4649 910 4693 suo
952 4645 1144 4690 veras
1190 4623 1540 4688 sententias
1585 4624 1926 4709 perspicue
1969 4619 2336 4707 approbent
2377 4630 2441 4685 et
2482 4620 2681 4685 falsas
2722 4622 3062 4708 perspicue
3103 4620 3424 4687 damnent.

957 4742 1182 4823 Porr0,
1221 4739 1491 4805 ‘etiamsi
1533 4760 1664 4803 non
1702 4735 2030 4802 videbitur
2082 4735 2423 4801 referenda
2479 4736 2565 4801 ad
2621 4738 3005 4825 principem,
3057 4747 3276 4804 tamen
3317 4741 3627 4806 universi-

795 4853 895 4909 tas
954 4863 1067 4906 suo
1123 4838 1389 4905 consilio
1448 4837 1695 4903 iudices
1752 4836 2022 4902 idoneos
2079 4859 2161 4901 ex
2219 4835 2515 4924 pluribus
2570 4836 2986 4902 facultatibus
3044 4837 3271 4924 eligat,
3332 4840 3443 4926 qui
3498 4862 3627 4905 rem

796 4941 1136 5028 diligenter
1207 4946 1599 5026 cognoscant
1657 4944 1722 5003 et
1788 4937 1999 5001 ferant
2072 4937 2438 5001 sententias.
2520 4936 2890 5002 Damnatae
2958 4938 3434 5024 propositiones
3506 4961 3628 5004 non

714 5054 780 5109 40
797 5039 1239 5121 defendantur,
1300 5046 1362 5102 et
1416 5038 1471 5102 si
1526 5037 1669 5122 quis
1730 5038 2195 5104 contumaciter
2248 5035 2581 5120 defendat,
2642 5037 3056 5104 coherceatur
3114 5038 3457 5103 severitate
3497 5037 3626 5120 tali,

793 5164 874 5207 ne
915 5139 1121 5204 malas
1165 5139 1497 5225 opiniones
1539 5135 1738 5202 latius
1786 5157 2098 5222 spargere
2139 5138 2364 5222 possit.
