4038 6358
1372 635 1478 671 von
1519 622 1731 686 Herzog
1763 621 1957 673 Moritz
1992 623 2254 687 hostatigt
3201 625 3281 689 85

427 795 628 862 multo
689 799 906 885 magis
964 822 1228 868 servare
1283 800 1612 867 debemus.
1729 801 1952 884 Quare
1994 802 2185 870 deum
2240 827 2464 871 omnes
2521 814 2742 869 sancte
2796 813 2861 869 et
2913 806 3021 891 pie
3073 806 3285 873 colere

427 894 734 963 iubemus
774 908 839 964 et
880 898 1210 967 abstinere
1241 900 1326 967 ab
1367 902 1471 984 iis,
1514 901 1749 987 quibus
1790 902 1965 968 illius
2006 906 2482 971 sanctissimum
2523 926 2756 969 nomen
2787 902 3021 969 violari
3040 916 3280 992 posset,

429 1005 503 1062 ut
546 1008 701 1063 sunt
742 997 1189 1088 blasphemiae
1230 1002 1300 1066 in
1342 999 1553 1084 deum,
1598 1000 2030 1069 deierationes
2059 1026 2189 1069 non
2213 1005 2640 1086 necessariae,
2683 1012 3037 1068 contemtus
3066 1027 3282 1070 rerum

430 1094 844 1181 divinarum,
901 1098 983 1165 de
1042 1098 1276 1189 quibus
1328 1102 1396 1165 in
1453 1099 1701 1167 delatos
1754 1112 1820 1167 et
1878 1104 2208 1168 convictos
2259 1125 2380 1189 pro
2438 1101 2674 1168 delicto
2732 1103 3023 1188 ipsorum
3064 1112 3279 1169 rector

424 1195 947 1282 animadvertet3
1005 1198 1300 1265 volumus
1343 1209 1407 1265 et
1446 1201 1890 1267 execrationes
1931 1209 1995 1266 et
2034 1203 2532 1288 imprecationes
2575 1201 2780 1267 malas
2794 1249 2812 1283 ,
2865 1222 3030 1289 quae
3069 1202 3278 1268 indies
3294 1215 3326 1269 5

423 1297 649 1383 magis
695 1318 777 1362 ac
818 1300 1030 1385 magis
1075 1299 1499 1385 invalescunt,
1541 1322 1673 1366 non
1712 1323 1854 1366 esse
1897 1302 2273 1389 impunitas,
2317 1300 2398 1366 de
2437 1301 2670 1386 quibus
2712 1312 2776 1368 et
2814 1302 2978 1388 ipsis
3016 1303 3285 1369 rectoris

425 1396 560 1463 erit
601 1398 910 1485 cognitio.

1643 1585 1968 1636 Statutum
2005 1585 2075 1641 11.

1388 1733 1482 1781 DE
1525 1734 1807 1783 mmRns
1850 1734 2062 1784 oms
2105 1733 2419 1783 GENERIS.

603 1846 675 1914 Si
714 1849 862 1933 quis
901 1847 1173 1915 alterum
1226 1849 1296 1915 in
1349 1848 1490 1916 loco
1546 1848 1772 1915 infami
1831 1872 1949 1936 per
2007 1850 2313 1915 iniuriam
2367 1849 2752 1938 pulsaverit,
2810 1848 3272 1934 verberaverit,
3299 1862 3363 1916 10

420 1948 697 2029 iecerit,
742 1942 1086 2032 afflixerit,
1142 1949 1280 2014 sine
1340 1959 1559 2016 tamen
1599 1950 2043 2015 cruentatione
2085 1948 2299 2015 aliave
2338 1950 2549 2035 gravi'
2571 1959 2636 2014 et
2680 1951 2929 2015 enormi
2972 1949 3275 2033 laesione,

419 2047 532 2112 ita
572 2047 898 2134 punietur,
942 2056 1016 2114 ut
1055 2071 1251 2114 unum
1289 2048 1502 2115 solvat
1542 2047 1841 2115 florinum
1883 2048 1988 2114 vel
2029 2050 2098 2115 in
2142 2071 2404 2115 carcere
2441 2048 2805 2114 detineatur
2848 2047 3078 2114 diebus
3118 2060 3284 2116 octo.

422 2145 512 2212 Si
551 2146 679 2212 hoc
717 2148 787 2213 in
828 2145 971 2215 loco
1024 2149 1252 2214 infami
1304 2171 1436 2214 non
1483 2149 1726 2213 factum
1778 2149 2004 2230 fuerit,
2059 2147 2380 2214 dimidiati
2429 2148 2645 2214 florini
2700 2157 2812 2213 aut
2868 2148 3283 2234 quatriduani

423 2246 724 2312 carceris
765 2268 977 2334 poena
1016 2256 1177 2314 esto.
1262 2248 1334 2314 Si
1377 2250 1520 2336 quis
1561 2248 1630 2312 in
1670 2246 1811 2314 loeo
1851 2247 2081 2315 infami
2124 2247 2397 2313 alterum
2453 2270 2572 2335 per
2626 2248 2927 2313 iniuriam
2982 2257 3280 2313 cruenta-

419 2348 607 2415 verit
649 2345 754 2411 vel
813 2349 1161 2415 enormiter
1216 2347 1510 2430 laeserit,
1566 2346 1813 2435 absque
1868 2357 2087 2414 tamen
2137 2347 2565 2431 mutilatione,
2623 2348 2680 2412 is
2739 2346 2949 2413 solvat
2999 2347 3278 2414 florenos
3302 2358 3362 2412 15

422 2445 602 2512 duos
651 2456 765 2512 aut
815 2449 883 2513 in
937 2469 1197 2513 carcere
1231 2447 1618 2513 'includatur
1669 2445 1900 2512 diebus
1959 2446 2345 2534 quindecim.
2429 2445 2501 2512 Si
2552 2469 2682 2513 non
2733 2449 2802 2511 in
2851 2445 2993 2512 loco
3037 2447 3279 2512 factum

421 2544 665 2611 infami
703 2547 930 2631 fuerit,
987 2548 1177 2613 unius
1217 2546 1449 2613 floreni
1490 2556 1605 2612 aut
1645 2545 1974 2613 octiduani
2018 2549 2302 2612 carceris
2343 2568 2553 2636 poena
2589 2556 2748 2611 esto.
2827 2545 2899 2611 Si
2940 2547 3087 2633 quis
3127 2545 3279 2610 alte-

426 2669 583 2711 rum
640 2646 1067 2730 mutilaverit,
1134 2669 1513 2736 quacunque
1565 2648 1633 2711 in
1688 2649 1983 2734 eorporis
2045 2656 2265 2735 parte,
2324 2667 2700 2734 quocunque
2741 2647 2808 2710 in
2849 2645 2993 2711 loco
3037 2647 3281 2711 factum

423 2745 650 2828 fuerit,
692 2747 749 2810 is
795 2736 1006 2813 solvat
1046 2744 1311 2812 florinos
1353 2752 1390 2812 4
1435 2753 1548 2812 aut
1588 2747 1657 2811 in
1700 2769 1966 2813 carcere
2007 2745 2377 2811 includatur
2414 2747 2667 2831 integro
2715 2767 2953 2810 mense.
3020 2744 3099 2837 *Si
3142 2743 3279 2831 pul-

425 2852 615 2911 satus
629 2894 649 2928 ,
692 2846 895 2930 ictus,
952 2845 1361 2930 verberatuS,
1397 2845 1612 2912 laesus
1664 2847 1954 2912 minister
2009 2845 2309 2932 publicus
2363 2845 2803 2910 universitatis
2857 2843 3280 2909 scholasticae
3297 2853 3365 2909 20
3477 2880 3480 2884 ι

427 2943 544 3008 vel
585 2944 814 3033 oppidi
854 2945 1043 3012 huius
1085 2946 1299 3030 fuerit,
1342 2947 1448 3012 cui
1489 2946 1727 3011 iniuria
1765 2945 1916 3012 talis
1957 2946 2027 3010 in
2069 2944 2499 3033 exsequendis
2540 2936 2821 3030 negotiis
2863 2942 3145 3031 publicis
3184 2945 3279 3009 in-

421 3044 673 3109 feretur
685 3094 705 3127 ‚
768 3045 1012 3132 placuit
1067 3055 1203 3112 tum
1264 3048 1332 3111 in
1401 3043 1696 3112 omnibus
1762 3047 2008 3132 supra¹
2073 3046 2390 3133 expositis
2454 3054 2518 3109 et
2572 3046 2965 3110 enumeratis
3022 3043 3282 3110 casibus

423 3165 714 3233 poenam
756 3147 1167 3213 constitutam
1209 3146 1548 3237 duplicari.

1619 3315 1968 3367 statutum
2000 3313 2098 3365 111.

1241 3466 1335 3513 nn
1380 3448 1912 3514 TUMULTUOSIS²
1947 3464 2041 3511 ΕΤ
2083 3461 2473 3511 vlonnwns.
3297 3452 3365 3511 25

596 3579 732 3662 Qui
775 3582 1085 3668 impetum
1142 3582 1368 3647 fecerit
1417 3581 1787 3646 incursione
1801 3628 1819 3662 ,
1874 3580 2008 3644 ictu
2060 3578 2318 3644 iactuve
2379 3579 2447 3643 in
2515 3599 2961 3666 quamcunque
3019 3586 3271 3666 partem

421 3680 661 3746 domus
705 3680 969 3746 infamis
983 3730 1003 3765 ,
1060 3683 1116 3747 si
1158 3681 1318 3752 nihil
1359 3680 1781 3767 perfregerit,
1840 3678 2097 3744 dimidii
2135 3678 2363 3744 floreni
2409 3676 2515 3743 vel
2558 3677 2974 3766 quatriduani
2997 3679 3278 3744 carceris

422 3803 709 3868 poenam
757 3780 1056 3864 suflert03
1100 3782 1155 3845 si
1199 3779 1357 3869 quid
1398 3781 1685 3866 fregerit,
1725 3781 1994 3866 ruperit,
2038 3777 2366 3862 deiecerit,
2407 3800 2622 3867 poena
2663 3777 2939 3843 afficitor
2984 3777 3275 3874 solvendi

422 3879 698 3946 florinos
753 3902 871 3945 sex
925 3891 1038 3946 aut
1102 3878 1510 3967 perpetiendi
1579 3880 1860 3945 carceris
1931 3900 2152 3945 mense
2202 3880 2476 3964 integro.
2585 3877 2968 3965 Quicunque
3033 3876 3278 3965 aliquid

425 4001 652 4046 eorum
668 4028 688 4062 ,
755 4001 922 4067 quae
976 3989 1126 4044 ante
1178 3978 1373 4045 aedes
1434 3978 1738 4044 collocari
1778 3975 2026 4063 solent,
2069 3988 2144 4043 ut
2195 3988 2346 4044 sunt
2385 4000 2581 4061 vasa,
2636 3977 2935 4043 vehicula
2987 3978 3265 4065 itemque
3293 3985 3362 4042 30

423 4075 726 4165 plaustra
772 4090 837 4143 et
879 4078 1111 4144 esseda
1150 4101 1229 4145 ac
1271 4079 1509 4144 similia
1523 4128 1543 4163 ,
1585 4078 1814 4145 horum
1853 4080 2057 4164 igitur
2103 4077 2349 4167 aliquid
2391 4077 2502 4162 qui
2540 4067 2863 4159 everterit,
2908 4075 3267 4158 abstulerit,

427 4179 769 4261 amoverit,
811 4201 941 4245 non
982 4188 1201 4244 tamen
1240 4177 1502 4244 furandi
1544 4179 1779 4261 anim0,
1821 4179 1880 4243 is
1925 4177 2140 4243 solvat
2179 4200 2380 4243 unum
2421 4175 2725 4242 florinum
2764 4175 2870 4242 vel
2908 4175 3281 4242 includatur

425 4279 500 4344 in
544 4299 810 4344 carcere
848 4278 1078 4345 diebus
1122 4288 1288 4344 octo.

1611 4446 1887 4498 Statutu
1905 4459 1955 4495 m
1991 4445 2085 4496 IV.

1423 4596 1517 4644 DE
1563 4595 1847 4646 mnmns
1885 4593 2289 4643 VERBORUM.
3292 4584 3360 4640 35

597 4712 670 4778 Si
713 4713 860 4801 quis
907 4710 1182 4778 alterum
1223 4710 1474 4777 verbali
1516 4712 1755 4778 iniuria
1795 4711 2085 4777 affecerit
2126 4721 2239 4776 aut
2268 4711 2697 4798 ignominiose
2725 4719 2789 4774 et
2818 4707 3277 4776 contumeliose

426 4812 662 4900 flagitii
705 4820 820 4877 aut
864 4811 1125 4878 sceleris
1167 4813 1425 4876 nomine
1468 4810 1902 4899 appellaverit
1915 4860 1934 4895 ,
1989 4811 2221 4878 solvito
2279 4811 2516 4876 rectori
2570 4809 2787 4877 florini
2830 4807 3275 4896 quadrantem.

429 4912 504 4978 Si
555 4911 921 4999 appellatus
974 4911 1097 4977 hoc
1151 4909 1343 4976 modo
1399 4910 1595 4976 fuerit
1645 4912 2089 4977 universitatis
2153 4910 2576 4976 scholasticae
2631 4919 2746 4977 aut
2800 4907 3027 4997 oppidi
3086 4908 3277 4973 huius

429 5012 727 5077 minister
768 5012 963 5100 inque
1002 5011 1279 5098 negotiis
1323 5010 1605 5098 publicis
1649 5010 2045 5101 exequendis
2088 5011 2257 5078 hanc
2296 5012 2603 5079 iniuriam
2645 5008 3015 5099 pertulerit,
3073 5030 3284 5097 poena

653 5218 675 5266 l
715 5209 1090 5267 Geschrieben
1126 5209 1274 5265 steht
1304 5228 1484 5282 super.

652 5300 683 5351 2
718 5292 1092 5352 Geschrieben
1130 5292 1280 5350 steht
1310 5296 1723 5354 aunuumtosie.
