4038 6358
1291 608 1393 659 Die
1428 606 1668 659 statuten
1707 622 1818 659 von
1855 606 2211 661 1439-1511.
3056 608 3177 673 205

248 782 326 846 de
367 781 508 847 hoc
555 796 1190 874 praeconceptam.
1274 788 1405 854 Pro
1463 786 1698 874 quibus
1754 785 2089 853 laboribus
2145 786 2445 853 omnibus
2501 788 2597 852 sic
2654 810 2987 854 resumens
3046 786 3191 855 illos

247 881 490 967 viginti
535 884 886 973 quinque
927 886 1210 953 florenos
1263 907 1569 951 renenses
1615 908 1866 953 annuos
1905 908 2139 953 census
2184 908 2391 972 usque
2444 886 2531 952 ad
2586 887 2993 975 quorundam
3034 886 3187 952 alio·

249 1004 392 1046 rum
447 982 1036 1053 meliorationem
1096 994 1162 1051 et
1217 988 1820 1073 augmentacionem
1863 986 2195 1052 annuatim
2254 985 2492 1052 debeat
2550 984 2907 1054 sublevare.
2994 985 3189 1067 Quod

251 1081 464 1147 eciam
528 1082 594 1147 si
661 1106 1038 1151 resumens
1095 1094 1248 1171 post
1291 1108 1493 1151 unum
1535 1082 1640 1149 vel
1693 1084 1914 1172 plures
1965 1108 2189 1167 annos,
2245 1106 2578 1173 quousque
2628 1095 2692 1150 et
2745 1085 3004 1170 quando
3064 1083 3192 1149 sibi

253 1177 622 1266 placuerit,
687 1182 798 1249 ad
861 1184 1366 1251 continuandum
1404 1183 1673 1249 ulterius
1707 1183 2081 1253 huiusmodi
2122 1206 2283 1251 onus
2324 1184 2857 1271 praeordinatum
2892 1185 3189 1271 resigna—
3240 1192 3273 1249 5

255 1289 388 1362 ret,
455 1288 744 1347 extunc
823 1284 1170 1370 collegium
1213 1285 1424 1349 maius
1485 1286 1632 1371 pari
1669 1282 1884 1348 forma
1945 1292 2008 1349 et
2048 1283 2237 1349 modo
2306 1283 2393 1348 ad
2450 1283 2649 1349 alium
2708 1284 3075 1370 eligendum
3130 1293 3194 1347 et

259 1382 884 1465 praesentandum
929 1381 1325 1471 procedendi
1377 1381 1620 1449 habeat
1675 1381 2066 1447 facultatem.
2148 1382 2324 1450 Casu
2380 1393 2618 1467 autem,
2675 1405 2801 1471 quo
2855 1382 3067 1448 nullus
3123 1383 3192 1447 in

264 1478 628 1565 praedicto
667 1482 975 1568 collegio
1017 1482 1250 1547 maiori
1292 1482 1418 1547 hoc
1448 1492 1790 1569 acceptare
1816 1479 2113 1563 voluerit,
2156 1491 2311 1547 tunc
2352 1481 2693 1567 collegium
2737 1481 2937 1547 alium
2976 1481 3192 1549 docto-

267 1600 426 1661 rem,
491 1578 962 1648 licenciatum
1001 1579 1109 1647 vel
1161 1581 1547 1667 magistrum
1591 1591 1781 1648 extra
1821 1579 2163 1667 collegium
2215 1579 2303 1645 ad
2362 1592 2605 1647 certum
2662 1589 2878 1646 tamen
2920 1590 3196 1668 tempus,

275 1700 632 1766 quousque
708 1679 900 1747 alius
963 1682 1032 1745 in
1094 1680 1434 1767 praedicto
1490 1679 1762 1767 collegio
1824 1682 2058 1747 maiori
2108 1678 2270 1746 illud
2328 1690 2671 1768 acceptare
2721 1680 2946 1745 volens
2998 1682 3193 1747 fuerit
3215 1690 3278 1747 10

272 1787 614 1865 repertus,
693 1778 804 1845 ad
847 1778 1218 1866 eligendum
1263 1788 1328 1845 et
1365 1766 1910 1865 praesentandum
1953 1778 2149 1845 modo
2194 1788 2258 1843 et
2315 1778 2755 1845 moderamine
2814 1782 3195 1865 praemissis

279 1874 522 1942 debeat
586 1877 926 1965 obligari.
1010 1878 1188 1945 Casu
1246 1888 1482 1960 autem,
1542 1900 1666 1964 quo
1727 1876 1876 1943 talis
1941 1878 2037 1941 sic
2094 1877 2334 1943 electus
2393 1878 2730 1965 negligens
2788 1889 2986 1961 esset,
3044 1888 3198 1943 tunc

283 1974 652 2062 collegium
701 1978 1132 2064 praedictum
1190 1977 1329 2042 sine
1381 1975 1556 2041 illius
1611 1976 1796 2041 electi
1855 1976 2317 2043 reclamatione
2374 1980 2605 2043 iterum
2660 1977 2941 2063 eligendi
2997 1977 3198 2043 alium

283 2072 568 2141 liberam
663 2076 929 2143 habeat
1019 2076 1393 2142 facultatem
1480 2076 1726 2140 tociens
1807 2077 2112 2161 quociens
2206 2079 2543 2163 contingat
2620 2087 2685 2142 et
2762 2077 3196 2165 negligentiae

289 2173 776 2241 intolerabiles
842 2176 1020 2243 fiant.
1103 2174 1194 2240 Et
1261 2182 1610 2261 propterea
1673 2175 1740 2239 in
1798 2175 1921 2240 hoc
1975 2198 2195 2240 omnes
2260 2175 2542 2263 eligendi
2582 2175 2681 2241 -de
2738 2176 3075 2263 diligentia
3130 2185 3197 2242 et
3218 2186 3279 2242 15

295 2276 848 2359 praemissorum
912 2276 1329 2342 observantia
1406 2271 1678 2359 collegio
1751 2276 2131 2360 promittere
2198 2274 2457 2341 debent.
2541 2276 2703 2342 Item
2767 2276 3039 2364 quilibet
3103 2277 3199 2342 sic

301 2370 546 2439 electus
619 2384 697 2439 et
769 2374 1096 2441 admissus
1170 2394 1504 2439 resumens
1564 2374 1632 2437 in
1696 2373 2023 2459 principio
2087 2376 2339 2460 primae
2398 2398 2555 2439 suae
2610 2375 3023 2441 resumtionis
3088 2384 3202 2441 aut

303 2473 481 2538 circa
521 2474 844 2541 medium
880 2473 984 2540 vel
1024 2484 1172 2560 post
1215 2473 1411 2539 finem
1452 2494 1672 2537 omnes
1702 2469 1871 2560 [15b]
1903 2473 2239 2539 audientes
2284 2475 2623 2539 sinceriter
2666 2473 2963 2555 inducat,
3008 2496 3195 2561 prae-

311 2574 536 2638 sertim
609 2573 1035 2656 sacerdotes,
1089 2584 1163 2639 ut
1220 2575 1288 2639 in
1342 2569 1745 2637 orationibus
1802 2573 1967 2654 suis,
2024 2574 2241 2639 missis
2300 2584 2365 2638 et
2416 2574 2647 2639 officiis
2707 2573 2946 2639 divinis
3002 2572 3195 2639 deum

312 2674 849 2759 omnipotentem
887 2696 1006 2761 pro
1051 2674 1267 2738 anima
1309 2671 1636 2737 testatoris
1670 2692 1946 2737 exorare
1988 2670 2314 2755 studeant,
2356 2672 2467 2737 alii
2507 2694 2761 2760 quoque
2801 2674 2989 2738 iuxta
3028 2673 3199 2739 ordi-
3213 2682 3281 2739 20

317 2794 462 2836 nem
527 2782 600 2837 et
671 2774 996 2862 cuiusque
1060 2770 1471 2838 devotionem
1548 2770 1616 2856 ip
1624 2772 1756 2836 sius
1828 2771 2046 2857 iugem
2110 2780 2310 2858 agent
2378 2774 2774 2837 memoriam.
2860 2772 3200 2839 Postremo

319 2868 576 2936 adiecto
604 2870 927 2955 finaliter,
971 2871 1148 2959 quod
1189 2870 1460 2961 quilibet
1503 2871 1600 2935 sic
1639 2892 1992 2953 resumens,
2037 2892 2157 2935 sua
2198 2874 2641 2958 resumptione
2668 2872 2957 2960 quotidie
2996 2873 3201 2955 finita,

327 2968 408 3034 ad
458 2970 876 3037 resolvenda
929 2970 1150 3058 aliqua
1198 2979 1444 3059 puncta
1498 2968 1812 3056 specialia
1866 2980 1978 3035 aut
2036 2969 2463 3054 difficultates,
2525 2973 2581 3036 si
2623 2983 2972 3037 occurrunt
3012 2982 3080 3037 et
3120 2972 3203 3037 ab

328 3068 758 3135 audientibus
799 3070 1148 3155 requisitus
1189 3071 1409 3153 fuerit,
1464 3092 1534 3134 se
1571 3068 1877 3134 exhibeat
1929 3080 2248 3156 paratum.
2337 3067 2532 3149 Quod
2574 3072 2631 3135 si
2672 3092 2805 3136 non
2846 3073 3067 3137 statim
3104 3092 3201 3135 re-

333 3167 644 3235 collectus
703 3192 1014 3236 exercere
1054 3177 1296 3257 potest,
1353 3168 1528 3258 quod
1581 3179 1736 3234 tunc
1787 3167 2007 3235 futura
2058 3172 2366 3257 proxima
2417 3171 2811 3236 resumtione
2866 3169 2950 3236 ad
3004 3170 3203 3237 resol-
3222 3179 3289 3238 25

333 3267 620 3334 vendum
663 3293 740 3336 se
788 3269 869 3334 de
913 3268 1155 3334 eisdem
1201 3270 1286 3334 sit
1327 3266 1677 3355 obligatus.
1743 3267 2118 3334 Praemissa
2162 3271 2380 3336 omnia
2422 3280 2488 3336 et
2528 3271 2789 3358 singula
2832 3271 2952 3336 sub
2995 3294 3206 3359 poena

339 3369 610 3453 periurii
669 3368 1097 3456 adimplenda
1149 3378 1462 3456 perpetuo
1519 3369 1613 3433 sic
1669 3366 2133 3433 inviolabiliter
2189 3368 2634 3436 observentur.
2716 3369 2928 3458 Super
2970 3371 3205 3459 quibus

342 3465 645 3534 omnibus
709 3483 778 3534 et
831 3468 1104 3555 singulis
1162 3468 1544 3555 praemissis
1600 3467 1972 3554 suprafatus
2032 3477 2338 3533 executor
2389 3479 2453 3534 et
2508 3469 2660 3534 fidei
2720 3472 3203 3537 commissarius

347 3565 465 3630 sibi
508 3591 551 3632 a
593 3593 724 3651 me,
784 3569 1037 3642 notario
1083 3566 1344 3654 publico
1403 3565 1797 3654 subscripto,
1842 3567 1964 3633 hoc
2008 3566 2342 3654 publicum
2399 3568 2629 3634 confici
2686 3580 2751 3635 et
2808 3571 2946 3636 fieri
3004 3573 3207 3658 peciit

329 3667 868 3752 instrumentum,
925 3690 1006 3733 ac
1047 3689 1150 3732 me
1196 3689 1390 3754 super
1435 3666 1556 3732 hoc
1601 3665 1824 3732 debita
1867 3688 2012 3731 cum
2056 3667 2367 3732 instantia
2404 3669 2760 3754 requisivit.
2846 3669 3013 3736 Acta
3056 3680 3205 3737 sunt
3222 3681 3291 3737 30

351 3764 504 3831 haec
551 3791 753 3852 anno,
792 3767 1163 3849 indictione,
1206 3765 1604 3853 pontificatu,
1665 3765 1827 3846 loce,
1881 3765 2006 3849 die,
2061 3789 2301 3834 mense.
2324 3776 2388 3832 et
2425 3769 2589 3836 hora
2632 3790 2711 3834 ac
2752 3767 2918 3853 aliis,
2973 3771 3208 3858 quibus

354 3886 564 3952 supra,
625 3866 1082 3956 praesentibus
1136 3865 1378 3931 ibidem
1420 3865 1707 3951 egregiis
1748 3875 1811 3930 et
1853 3865 2343 3934 honorabilibus
2396 3869 2576 3952 viris,
2637 3869 2916 3935 dominis
2969 3868 3206 3934 Tham-

359 3985 538 4029 mone
597 3967 865 4051 Losser‚
933 3966 1345 4032 decretorum
1402 3963 1685 4047 doctore,
1747 3967 2059 4030 canonico
2120 3976 2183 4030 et
2242 3967 2718 4053 archidiacono,
2782 3992 2861 4034 ac
2925 3967 3212 4056 Georgio

359 4061 750 4150 Wurtzensi‚
809 4065 994 4134 oculo
1050 4065 1281 4131 decani
1324 4065 1568 4130 vicario
1613 4064 1951 4149 praefatae
1994 4065 2375 4131 Missnensis
2422 4067 2751 4152 ecclesiae,
2809 4069 3083 4135 testibus
3124 4069 3211 4136 ad

363 4157 476 4227 hoc
514 4168 793 4250 vocatis,
833 4167 1081 4253 rogatis
1128 4167 1504 4253 pariterque
1541 4163 1893 4251 requisitis.
3229 4179 3295 4234 35

1657 4263 1746 4328 Et
1788 4287 1908 4352 ego
1955 4263 2319 4352 Gregorius
2362 4263 2885 4354 chmmerman,
2940 4266 3210 4334 clericus

1657 4361 2041 4430 Missnensis
2085 4363 2388 4452 dyocesis
2430 4365 2845 4452 eiusdemque
2894 4366 3209 4433 ecclesiae

1657 4462 2067 4529 kathedralis
2093 4465 2375 4531 vicarius
2420 4476 2792 4553 perpetuus,
2838 4488 3029 4532 sacra
3056 4489 3211 4553 apo-

1663 4564 1892 4632 stolica
1930 4572 1997 4630 et
2034 4563 2359 4652 imperiali
2398 4566 2744 4631 autoritate
2772 4565 3071 4652 publicus
3097 4587 3209 4631 no-

1658 4664 1862 4729 tarius
1907 4711 2152 4728 ......
2194 4666 2262 4730 in
2300 4666 2622 4751 originali.
3230 4677 3298 4734 40

703 4833 799 4896 62.
847 4827 966 4916 [Bl.
1015 4825 1157 4916 16⁸]
1201 4833 1676 4894 Anniversart'en
1720 4835 1823 4892 des
1865 4833 2147 4903 Andreas
2191 4835 2463 4912 Rudiqer
2506 4855 2620 4894 von
2668 4835 2919 4897 G3rlitz.

527 4963 718 5028 Anno
746 4960 990 5028 domini
1022 4961 1177 5030 1497
1205 4963 1274 5027 in
1303 4963 1594 5050 profesto
1624 4963 1834 5028 sancti
1856 4962 1994 5027 Viti
2023 4969 2150 5041 (14.
2164 4967 2345 5042 Jum')
2376 4964 2445 5027 in
2487 4963 2682 5050 plena
2714 4966 3213 5052 congregatione

343 5109 358 5124 .
386 5063 822 5146 magistrorum
850 5061 930 5128 de
970 5060 1242 5148 collegio
1270 5062 1677 5128 concorditer
1704 5061 2077 5129 conclusum
2104 5060 2244 5143 fuit,
2291 5059 2468 5145 quod
2497 5061 2770 5149 singulis
2813 5068 3001 5130 annis
3032 5067 3208 5131 circa

385 5155 600 5226 festum
640 5163 848 5232 sancti
887 5160 1212 5228 Bonifacii
1253 5162 1395 5228 dies
1447 5163 1934 5228 anniversarius
1979 5158 2375 5226 venerabilis
2420 5161 2745 5250 quondam
2788 5166 2943 5248 viri,
3004 5167 3209 5252 magi·

392 5259 494 5324 stri
517 5261 818 5328 Andreae
846 5259 1138 5350 Riidiger
1168 5262 1250 5328 de
1281 5262 1558 5347 Gorlitz,
1603 5285 1830 5330 sacrae
1870 5260 2233 5349 theologiae
2273 5261 2685 5348 professoris,
2729 5262 2919 5330 huius
2960 5264 3214 5356 collegii
3230 5276 3300 5336 45
