4038 6358
1251 596 1521 647 Entwiirfe
1555 610 1653 648 aun
1685 596 1789 649 den
1825 589 2033 648 Jahren
2070 594 2417 648 1443-1446.
3136 599 3257 665 373

378 787 462 842 ut
500 777 569 842 in
608 775 921 842 electione
961 775 1192 842 decani
1233 786 1526 843 servetur
1568 776 1784 843 forma
1831 775 2060 844 statuti
2097 775 2424 843 facultatis
2461 776 2549 843 ad
2577 778 2783 842 instar
2810 777 3256 845 universitatis

380 876 774 961 Pragensis:
829 877 1061 962 primo,
1100 875 1274 962 quod
1314 877 1598 945 decanus
1639 877 1906 944 inducat
1946 876 2208 965 publice
2245 877 2401 942 viva
2427 898 2590 942 voce
2631 884 2697 941 et
2737 876 3007 964 quilibet
3048 878 3252 964 magi-

385 985 681 1041 strorum
735 974 817 1040 de
874 975 1147 1043 concilio
1198 975 1527 1043 facultatis
1543 1026 1562 1061 ,
1634 977 1998 1064 praemissa
2054 975 2244 1045 solito
2300 997 2479 1042 more
2519 977 2942 1042 invocacione
2983 978 3254 1066 spiritus

386 1076 640 1159 sancti,
700 1076 988 1140 nominet
1050 1074 1428 1162 simpliciter
1484 1100 1686 1142 unum
1748 1076 1868 1143 sub
1947 1099 2066 1143 sua
2133 1077 2572 1158 consciencia,
2651 1075 3012 1143 nullatenus
3092 1099 3257 1145 voce

385 1174 693 1241 carendo.
782 1173 857 1240 Si
894 1196 1050 1240 vero
1107 1184 1279 1240 esset
1319 1198 1551 1242 vocum
1591 1176 1840 1264 paritas
1882 1186 2143 1263 praeter
2185 1197 2413 1241 vocem
2454 1173 2704 1257 decani,
2749 1177 2928 1241 cuius
2967 1186 3066 1243 est
3105 1199 3253 1242 con-
3303 1186 3338 1244 5

385 1275 655 1341 eludere
696 1298 778 1340 ex
823 1275 923 1341 sui
968 1274 1179 1340 officio
1223 1277 1409 1341 iuxta
1447 1297 1680 1341 vocum
1722 1274 2180 1363 pluralitatem,
2223 1285 2378 1341 tunc
2419 1274 2506 1340 ad
2547 1276 2708 1340 iuris
2738 1270 2831 1365 (P)
2876 1277 3253 1342 scrutinium

383 1374 806 1463 procedatur.
887 1372 1082 1454 Quod
1139 1374 1194 1440 si
1253 1373 1466 1440 adhuc
1509 1377 1755 1461 paritas
1800 1397 2038 1441 vocum
2093 1384 2486 1459 remaneret,
2563 1373 3025 1461 procederetur
3065 1377 3251 1443 iuxta

382 1475 670 1540 formam
711 1474 779 1539 in
824 1481 1061 1539 statuto
1106 1495 1485 1560 expressam
1523 1474 1609 1540 ad
1652 1476 2203 1562 compromissum.
2296 1474 2397 1540 Sit
2449 1484 2667 1539 tamen
2703 1472 3006 1543 ‘decanus
3060 1476 3253 1541 astri—

386 1582 535 1639 ctus
568 1572 657 1638 ad
684 1572 1048 1640 vocandum
1075 1574 1424 1660 magistros
1458 1572 1579 1639 sub
1602 1575 1842 1640 arciori
1887 1596 2099 1662 poena
2141 1596 2334 1661 quam
2370 1596 2502 1639 non
2534 1574 3042 1658 contradicendi,
3083 1574 3253 1641 scili-

385 1684 493 1738 cet
534 1672 640 1739 vel
683 1671 803 1739 sub
845 1693 1059 1760 poena
1097 1673 1396 1758 praestiti
1460 1673 1805 1740 iuramenti
1868 1683 1984 1740 aut
2035 1673 2157 1740 sub
2214 1696 2426 1761 poena
2470 1675 2810 1741 carenciae
2860 1673 3253 1741 emolimenti
3274 1682 3337 1740 10

384 1771 725 1839 facultatis
766 1794 883 1859 per
920 1793 1116 1837 unam
1157 1772 1608 1841 mutacionem.

1694 1941 1779 1992 2¹¹³
1824 1942 2033 1994 modus.

564 2055 690 2120 Vel
735 2053 1085 2121 secundum
1131 2056 1475 2122 canonicas
1520 2057 1886 2122 sanctiones
1941 2054 2389 2121 distribuendo
2446 2055 2633 2120 iuxta
2675 2076 2876 2120 onera
2914 2056 3257 2122 commoda

390 2165 460 2220 et
502 2154 944 2237 emolimenta,
999 2153 1244 2242 placet,
1314 2154 1485 2244 quod
1527 2155 1882 2222 decanatus
1941 2155 2249 2221 succedat
2286 2157 2355 2219 in
2395 2154 2775 2221 nacionibus
2826 2156 3016 2222 iuxta
3071 2157 3255 2225 senia

390 2256 859 2343 magistrorum
903 2254 984 2319 de
1024 2253 1295 2321 concilio
1351 2254 1678 2321 facultatis
1728 2255 1815 2321 ad
1867 2256 2076 2321 instar
2117 2254 2546 2342 plurimarum
2588 2256 3086 2322 universitatum
3127 2254 3335 2323 sol-15

391 2355 704 2421 lemnium
758 2355 1171 2441 germanicae
1224 2355 1550 2437 nacionis,
1605 2357 1700 2421 ita
1754 2355 1926 2443 quod
1984 2378 2116 2421 non
2171 2354 2290 2419 fiat
2336 2356 2777 2442 reciprocacio
2821 2357 2891 2421 in
2929 2355 3252 2421 decanatu

390 2457 525 2521 nisi.
583 2463 796 2520 stante
849 2452 1103 2519 defectu
1143 2455 1601 2541 magistrorum
1663 2454 1744 2519 de
1800 2455 2073 2520 concilio
2116 2453 2444 2520 facultatis
2458 2501 2478 2536 ,
2540 2474 2810 2542 quorum
2853 2453 3125 2541 quilibet
3165 2478 3250 2521 ex

391 2556 609 2643 prima
670 2554 1054 2640 recepcione
1129 2550 1216 2617 ad
1278 2552 1620 2619 concilium
1678 2555 2005 2621 facultatis
2075 2554 2512 2640 praesumitur
2578 2553 3016 2621 verisimiliter
3089 2555 3248 2619 satis

394 2664 608 2740 aptus.
692 2652 780 2718 Et
816 2663 969 2718 tunc
1012 2651 1135 2717 hoc
1175 2673 1331 2718 casu
1368 2650 1573 2718 honor
1617 2655 1854 2719 seniori
1898 2656 2201 2740 primitus
2245 2654 2629 2720 exhibeatur
2669 2651 2774 2718 vel
2811 2653 3048 2742 naliquis
3087 2652 3244 2741 ydo-

392 2776 553 2819 neus
596 2752 1040 2840 dispensative
1080 2751 1168 2818 ad
1209 2749 1552 2818 concilium
1593 2754 1970 2840 recipiatur.
2995 2808 2999 2813 .
3262 2760 3332 2821 20

973 2922 1028 2981 5.
1082 2934 1173 2981 DE
1204 2934 1608 2995 ,ELECTIONE
1663 2938 2223 2987 EXAMINATORUM
2263 2938 2399 2986 PER
2443 2934 2747 2986 SORTEM.

550 3052 722 3119 Item
775 3050 863 3117 ad
916 3049 1347 3116 claudendum
1395 3053 1571 3117 viam
1614 3052 2027 3141 quarundam
2076 3053 2516 3140 suspicionum
2556 3050 2797 3138 placet,
2865 3060 2937 3117 ut
2985 3052 3250 3118 inantea

391 3152 872 3218 examinatores
926 3172 1043 3238 per
1106 3158 1345 3218 sortem
1384 3149 1725 3239 eligantur.
1801 3153 1879 3222 In
1932 3176 2062 3241 qua
2102 3161 2275 3219 sorte
2316 3162 2614 3218 tenentur
2655 3152 2967 3218 interesse
3005 3151 3249 3239 singuli

393 3253 699 3338 magistri
741 3250 822 3316 de
864 3250 1137 3322 concilio
1180 3248 1525 3334 facultatis,
1566 3253 1634 3317 in
1676 3254 2101 3322 universitate
2145 3260 2422 3339 protunc
2463 3250 2803 3316 actualiter
2844 3273 3246 3317 commoran-

390 3363 507 3435 tes,
554 3349 675 3416 sub
701 3373 913 3438 poena
939 3351 1276 3417 carenciae
1317 3350 1888 3435 emolimentorum,
1931 3374 2100 3438 quae
2141 3353 2304 3439 ipsis
2349 3372 2468 3437 pro
2511 3350 2739 3418 eadem
2763 3351 2908 3434 vice
2947 3372 3032 3416 ex
3059 3359 3329 3437 parte25

389 3452 683 3516 nacionis
727 3460 840 3516 aut
877 3450 1201 3516 facultatis
1258 3473 1299 3516 a
1351 3445 1833 3537 promovendis
1866 3460 2136 3537 possent
2189 3450 2552 3537 provenire.
2639 3450 2709 3516 Si
2749 3458 2966 3514 tamen
3008 3449 3244 3537 aliquis

390 3551 852 3637 magistrorum
889 3549 971 3615 de
1010 3549 1284 3615 concilio
1340 3548 1700 3634 facultatis,
1758 3551 1836 3615 in
1886 3549 2030 3617 loco
2082 3551 2368 3615 existens
2383 3598 2402 3633 ,
2468 3569 2554 3614 ex
2611 3569 2991 3637 quacunque
3045 3571 3245 3616 causa

393 3649 777 3716 racionabili
827 3640 993 3715 sorte
1050 3648 1349 3716 electioni
1403 3650 1920 3715 examinatorum
1974 3652 2291 3716 interesse
2330 3671 2461 3715 non
2506 3649 2779 3735 poterit,
2836 3650 3091 3735 signum
3130 3649 3245 3715 ali-

393 3750 567 3837 quod
608 3750 678 3814 in
720 3748 930 3816 locum
974 3773 1159 3816 suum
1201 3760 1500 3837 ponatur.
1588 3749 1679 3814 Et
1722 3750 1777 3813 si
1819 3770 1961 3814 sors
2004 3750 2074 3813 in
2114 3747 2327 3814 locum
2372 3747 2567 3813 talem
2607 3749 2889 3831 venerit,
2952 3746 3245 3818 laborem
3341 3804 3357 3812 ,

392 3849 710 3915 examinis
743 3870 889 3914 cum
929 3848 1075 3914 aliis
1117 3847 1669 3914 examinatoribus
1714 3848 1808 3912 sic
1850 3847 2090 3913 electus
2134 3856 2438 3930 assumet,
2486 3847 2606 3913 sub
2650 3869 2861 3934 poena
2903 3837 3240 3914 carenciae
3259 3859 3327 3916 30

394 3972 549 4014 suae
593 3949 939 4035 porcionis.
1024 3948 1114 4013 Et
1156 3948 1243 4014 ad
1283 3946 1619 4013 vitandum
1659 3947 1879 4012 varias
1904 3945 2204 4013 verbales
2228 3948 2679 4020 contenciones
2702 3946 2929 4013 modus
2956 3946 3242 4034 eligendi

394 4071 506 4140 per
552 4058 792 4115 sortem
840 4048 924 4113 sit
964 4046 1144 4130 talis,
1213 4048 1385 4136 quod
1440 4055 1763 4134 ponantur
1816 4055 1913 4112 tot
1964 4045 2231 4111 cedulae
2275 4044 2561 4134 undique
2605 4045 2846 4111 similes
2903 4046 2989 4113 ad
3043 4071 3238 4113 unam

392 4150 686 4230 mitram,
748 4157 906 4233 quot
946 4157 1097 4212 sunt
1150 4148 1448 4234 magistri
1503 4148 1692 4212 unius
1743 4147 2036 4211 nacionis
2094 4145 2175 4210 de
2229 4144 2498 4210 concilio
2554 4144 2922 4229 facultatis,
2976 4169 3247 4235 quarum

390 4270 520 4314 una
559 4248 886 4315 contineat
922 4242 1379 4314 ‘examinatorffi
1441 4244 1822 4333 Quicunque
1854 4246 2315 4332 magistrorum
2357 4267 2476 4332 per
2523 4255 2761 4310 sortem
2805 4268 2949 4310 eam
2982 4248 3246 4334 ceperit,

393 4349 515 4413 erit
575 4347 981 4413 examinator
1041 4369 1162 4434 pro
1223 4345 1335 4411 illa
1391 4347 1549 4410 vice.
1634 4344 1727 4411 Et
1767 4333 1861 4410 sic
1917 4368 2032 4410 suo
2076 4344 2266 4410 modo
2312 4346 2380 4409 in
2420 4343 2566 4409 aliis
2611 4342 2820 4409 tribus
2864 4344 3244 4411 nacionibus
3261 4355 3328 4412 35

394 4448 799 4536 practicetur.
867 4445 997 4528 Qui
1020 4456 1313 4532 quatuor,
1356 4468 1473 4533 per
1507 4453 1748 4510 sortem
1777 4446 1871 4508 sic
1901 4443 2108 4527 electi,
2149 4466 2279 4508 una
2322 4467 2469 4507 cum
2513 4442 2759 4509 decano
2802 4443 3244 4509 baccalarian-

393 4548 511 4613 dos
569 4545 1055 4612 examinabunt.
1140 4544 1251 4612 Sic
1308 4542 1601 4609 similiter
1655 4553 1933 4629 quatuor
1976 4566 2095 4631 per
2141 4552 2380 4612 sortem
2424 4541 2611 4607 electi
2656 4565 2803 4608 cum
2845 4543 3243 4612 vicecancel—

393 4647 556 4713 lario
606 4644 1089 4732 magistr-andos
1130 4642 1598 4709 examinabunt
1637 4652 1702 4709 et
1735 4642 2177 4729 temptabunt,
2242 4643 2338 4707 sic
2396 4640 2571 4727 quod
2614 4641 2788 4710 solus
2836 4642 3118 4709 decanus
3162 4645 3248 4709 sit

395 4746 475 4812 de
512 4745 807 4811 essencia
853 4744 1173 4810 examinis
1215 4767 1335 4831 pro
1366 4742 1807 4809 baccalariatu
1841 4750 1905 4807 et
1947 4740 2124 4807 solus
2167 4741 2737 4807 vicecancellarius
2780 4750 2844 4807 et
2884 4764 3015 4808 non
3056 4741 3242 4809 deca-

395 4869 515 4912 nus
560 4867 697 4932 pror
722 4844 1132 4931 magisteri03
1178 4866 1450 4933 quorum
1493 4852 1592 4908 est
1628 4842 2118 4930 proposiciones
2164 4842 2617 4907 examinandis
2660 4843 3014 4928 assignare.
3258 4854 3328 4910 40

1457 5015 1514 5077 6.
1554 5027 1649 5074 nn
1691 5023 2257 5074 msrnnssclonn.

556 5129 741 5226 Item¹
785 5160 870 5225 ad
933 5158 1295 5226 sedandum
1357 5156 1803 5224 oblocuciones
1866 5165 1930 5220 et
1985 5158 2566 5245 interpretaciones
2626 5156 2941 5243 quasdam
2982 5155 3243 5225 odiosas

400 5261 601 5326 omnis
628 5262 979 5326 auctoritas
1000 5257 1424 5347 dispensandi
1456 5280 1577 5346 pro
1598 5255 2047 5324 examinandis
2090 5266 2426 5324 remaneat
2464 5266 2622 5345 aput
2659 5256 3050 5342 facultatem,
3095 5281 3242 5328 con-
