<?xml version="1.0" encoding="UTF-8"?>
<!DOCTYPE html PUBLIC "-//W3C//DTD XHTML 1.0 Transitional//EN"
    "http://www.w3.org/TR/xhtml1/DTD/xhtml1-transitional.dtd">
<html xmlns="http://www.w3.org/1999/xhtml" xml:lang="en" lang="en">
 <head>
  <title>
</title>
<meta http-equiv="Content-Type" content="text/html;charset=utf-8" />
  <meta name='ocr-system' content='tesseract 3.04.00' />
  <meta name='ocr-capabilities' content='ocr_page ocr_carea ocr_par ocr_line ocrx_word'/>
</head>
<body>
  <div class='ocr_page' id='page_1' title='image "./diestatutenbche02leipgoog_0237.png"; bbox 0 0 4038 6358; ppageno 0'>
   <div class='ocr_carea' id='block_1_1' title="bbox 1482 624 3263 699">
    <p class='ocr_par' dir='ltr' id='par_1_1' title="bbox 1482 624 3263 699">
     <span class='ocr_line' id='line_1_1' title="bbox 1482 624 3263 699; baseline 0.01 -24"><span class='ocrx_word' id='word_1_1' title='bbox 1482 625 1584 676; x_wconf 82' lang='lat' dir='ltr'><strong>Die</strong></span> <span class='ocrx_word' id='word_1_2' title='bbox 1623 624 1864 677; x_wconf 68' lang='lat' dir='ltr'><strong>statuten</strong></span> <span class='ocrx_word' id='word_1_3' title='bbox 1897 641 2006 677; x_wconf 81' lang='lat' dir='ltr'><strong>von</strong></span> <span class='ocrx_word' id='word_1_4' title='bbox 2049 626 2194 679; x_wconf 79' lang='lat'><strong>1565.</strong></span> <span class='ocrx_word' id='word_1_5' title='bbox 3146 628 3263 699; x_wconf 81' lang='lat'><strong>221</strong></span> 
     </span>
    </p>
   </div>
   <div class='ocr_carea' id='block_1_2' title="bbox 289 803 3350 1382">
    <p class='ocr_par' dir='ltr' id='par_1_2' title="bbox 289 803 3269 991">
     <span class='ocr_line' id='line_1_2' title="bbox 289 803 3269 895; baseline 0.003 -30"><span class='ocrx_word' id='word_1_6' title='bbox 289 821 676 884; x_wconf 72' lang='lat' dir='ltr'><strong>poenam</strong></span> <span class='ocrx_word' id='word_1_7' title='bbox 739 804 1000 892; x_wconf 86' lang='lat' dir='ltr'><strong>collegii</strong></span> <span class='ocrx_word' id='word_1_8' title='bbox 1061 804 1354 888; x_wconf 81' lang='lat' dir='ltr'><strong>arbitrie,</strong></span> <span class='ocrx_word' id='word_1_9' title='bbox 1414 828 1583 894; x_wconf 83' lang='lat' dir='ltr'><strong>quae</strong></span> <span class='ocrx_word' id='word_1_10' title='bbox 1639 828 1890 873; x_wconf 87' lang='lat' dir='ltr'><strong>summa</strong></span> <span class='ocrx_word' id='word_1_11' title='bbox 1947 828 2091 872; x_wconf 85' lang='lat' dir='ltr'><strong>esse</strong></span> <span class='ocrx_word' id='word_1_12' title='bbox 2142 804 2411 895; x_wconf 86' lang='lat' dir='ltr'><strong>poterit,</strong></span> <span class='ocrx_word' id='word_1_13' title='bbox 2465 803 2715 892; x_wconf 89' lang='lat' dir='ltr'><strong>absque</strong></span> <span class='ocrx_word' id='word_1_14' title='bbox 2767 806 2963 871; x_wconf 85' lang='lat' dir='ltr'><strong>venia</strong></span> <span class='ocrx_word' id='word_1_15' title='bbox 3021 805 3269 893; x_wconf 89' lang='lat' dir='ltr'><strong>persol-</strong></span> 
     </span>
     <span class='ocr_line' id='line_1_3' title="bbox 291 915 889 991; baseline 0.01 -28"><span class='ocrx_word' id='word_1_16' title='bbox 291 921 498 967; x_wconf 78' lang='lat' dir='ltr'><strong>vere</strong></span> <span class='ocrx_word' id='word_1_17' title='bbox 555 915 889 991; x_wconf 73' lang='lat' dir='ltr'><strong>cogetur.</strong></span> 
     </span>
    </p>

    <p class='ocr_par' dir='ltr' id='par_1_3' title="bbox 297 1000 3350 1382">
     <span class='ocr_line' id='line_1_4' title="bbox 505 1000 3315 1090; baseline 0 -24"><span class='ocrx_word' id='word_1_18' title='bbox 505 1000 784 1089; x_wconf 81' lang='lat' dir='ltr'><strong>Atque</strong></span> <span class='ocrx_word' id='word_1_19' title='bbox 835 1012 908 1067; x_wconf 91' lang='lat' dir='ltr'><strong>ut</strong></span> <span class='ocrx_word' id='word_1_20' title='bbox 955 1002 1082 1067; x_wconf 86' lang='lat' dir='ltr'><strong>hac</strong></span> <span class='ocrx_word' id='word_1_21' title='bbox 1132 1002 1202 1067; x_wconf 91' lang='lat' dir='ltr'><strong>in</strong></span> <span class='ocrx_word' id='word_1_22' title='bbox 1261 1012 1450 1089; x_wconf 83' lang='lat' dir='ltr'><strong>parte</strong></span> <span class='ocrx_word' id='word_1_23' title='bbox 1501 1004 1713 1069; x_wconf 89' lang='lat' dir='ltr'><strong>minus</strong></span> <span class='ocrx_word' id='word_1_24' title='bbox 1773 1002 2051 1089; x_wconf 83' lang='lat' dir='ltr'><strong>periculi</strong></span> <span class='ocrx_word' id='word_1_25' title='bbox 2100 1002 2473 1090; x_wconf 78' lang='lat' dir='ltr'><strong>impendeat</strong></span> <span class='ocrx_word' id='word_1_26' title='bbox 2526 1000 2819 1085; x_wconf 87' lang='lat' dir='ltr'><strong>aedibus,</strong></span> <span class='ocrx_word' id='word_1_27' title='bbox 2876 1002 3259 1088; x_wconf 85' lang='lat' dir='ltr'><strong>prohibetur</strong></span> <span class='ocrx_word' id='word_1_28' title='bbox 3310 1036 3315 1043; x_wconf 91' lang='lat'><strong>·</strong></span> 
     </span>
     <span class='ocr_line' id='line_1_5' title="bbox 297 1101 3269 1215; baseline 0.002 -53"><span class='ocrx_word' id='word_1_29' title='bbox 297 1120 500 1165; x_wconf 78' lang='lat' dir='ltr'><strong>usus</strong></span> <span class='ocrx_word' id='word_1_30' title='bbox 561 1112 1074 1167; x_wconf 72' lang='lat' dir='ltr'><strong>sarmentorum</strong></span> <span class='ocrx_word' id='word_1_31' title='bbox 1131 1101 1654 1215; x_wconf 75' lang='lat' dir='ltr'><strong>festucarumque</strong></span> <span class='ocrx_word' id='word_1_32' title='bbox 1697 1111 1762 1167; x_wconf 90' lang='lat' dir='ltr'><strong>et</strong></span> <span class='ocrx_word' id='word_1_33' title='bbox 1817 1103 2163 1167; x_wconf 89' lang='lat' dir='ltr'><strong>universae</strong></span> <span class='ocrx_word' id='word_1_34' title='bbox 2214 1103 2527 1170; x_wconf 87' lang='lat' dir='ltr'><strong>materiae</strong></span> <span class='ocrx_word' id='word_1_35' title='bbox 2591 1102 2881 1167; x_wconf 85' lang='lat' dir='ltr'><strong>minutae</strong></span> <span class='ocrx_word' id='word_1_36' title='bbox 2933 1124 3269 1167; x_wconf 89' lang='lat' dir='ltr'><strong>ramorum</strong></span> 
     </span>
     <span class='ocr_line' id='line_1_6' title="bbox 299 1198 3350 1289; baseline 0.002 -28"><span class='ocrx_word' id='word_1_37' title='bbox 299 1206 556 1284; x_wconf 81' lang='lat' dir='ltr'><strong>atque</strong></span> <span class='ocrx_word' id='word_1_38' title='bbox 632 1199 996 1266; x_wconf 83' lang='lat' dir='ltr'><strong>frondium.</strong></span> <span class='ocrx_word' id='word_1_39' title='bbox 1084 1198 1233 1281; x_wconf 82' lang='lat' dir='ltr'><strong>Qua</strong></span> <span class='ocrx_word' id='word_1_40' title='bbox 1283 1199 1372 1266; x_wconf 88' lang='lat' dir='ltr'><strong>ad</strong></span> <span class='ocrx_word' id='word_1_41' title='bbox 1425 1201 1610 1287; x_wconf 86' lang='lat' dir='ltr'><strong>ignes</strong></span> <span class='ocrx_word' id='word_1_42' title='bbox 1657 1202 1769 1289; x_wconf 89' lang='lat' dir='ltr'><strong>qui</strong></span> <span class='ocrx_word' id='word_1_43' title='bbox 1811 1210 2049 1285; x_wconf 84' lang='lat' dir='ltr'><strong>utetur,</strong></span> <span class='ocrx_word' id='word_1_44' title='bbox 2096 1200 2369 1267; x_wconf 88' lang='lat' dir='ltr'><strong>multam</strong></span> <span class='ocrx_word' id='word_1_45' title='bbox 2412 1199 2786 1287; x_wconf 87' lang='lat' dir='ltr'><strong>persolvito,</strong></span> <span class='ocrx_word' id='word_1_46' title='bbox 2846 1203 3098 1288; x_wconf 87' lang='lat' dir='ltr'><strong>quoties</strong></span> <span class='ocrx_word' id='word_1_47' title='bbox 3142 1200 3269 1268; x_wconf 90' lang='lat' dir='ltr'><strong>hoc</strong></span> <span class='ocrx_word' id='word_1_48' title='bbox 3316 1211 3350 1267; x_wconf 79' lang='lat'><strong>5</strong></span> 
     </span>
     <span class='ocr_line' id='line_1_7' title="bbox 307 1296 1381 1382; baseline 0.005 -22"><span class='ocrx_word' id='word_1_49' title='bbox 307 1296 634 1365; x_wconf 77' lang='lat' dir='ltr'><strong>factum</strong></span> <span class='ocrx_word' id='word_1_50' title='bbox 685 1299 904 1382; x_wconf 87' lang='lat' dir='ltr'><strong>fuerit,</strong></span> <span class='ocrx_word' id='word_1_51' title='bbox 947 1300 1131 1367; x_wconf 87' lang='lat' dir='ltr'><strong>aurei</strong></span> <span class='ocrx_word' id='word_1_52' title='bbox 1169 1301 1381 1366; x_wconf 89' lang='lat' dir='ltr'><strong>unius.</strong></span> 
     </span>
    </p>
   </div>
   <div class='ocr_carea' id='block_1_3' title="bbox 1657 1412 2034 1487">
    <p class='ocr_par' dir='ltr' id='par_1_4' title="bbox 1657 1412 2034 1487">
     <span class='ocr_line' id='line_1_8' title="bbox 1657 1412 2034 1487; baseline -0.003 -16"><span class='ocrx_word' id='word_1_53' title='bbox 1657 1412 1900 1487; x_wconf 79' lang='lat' dir='ltr'><strong>Caput</strong></span> <span class='ocrx_word' id='word_1_54' title='bbox 1932 1414 2034 1474; x_wconf 84' lang='lat' dir='ltr'><strong>VI.</strong></span> 
     </span>
    </p>
   </div>
   <div class='ocr_carea' id='block_1_4' title="bbox 1653 1552 2056 1616">
    <p class='ocr_par' dir='ltr' id='par_1_5' title="bbox 1653 1552 2056 1616">
     <span class='ocr_line' id='line_1_9' title="bbox 1653 1552 2056 1616; baseline -0.005 -1"><span class='ocrx_word' id='word_1_55' title='bbox 1653 1552 2056 1616; x_wconf 70' lang='lat' dir='ltr'><strong>mmmlrms,</strong></span> 
     </span>
    </p>
   </div>
   <div class='ocr_carea' id='block_1_5' title="bbox 325 1680 3357 2464">
    <p class='ocr_par' dir='ltr' id='par_1_6' title="bbox 325 1680 3357 2067">
     <span class='ocr_line' id='line_1_10' title="bbox 525 1680 3271 1770; baseline 0 -24"><span class='ocrx_word' id='word_1_56' title='bbox 525 1680 714 1747; x_wconf 86' lang='lat' dir='ltr'><strong>Hoc</strong></span> <span class='ocrx_word' id='word_1_57' title='bbox 757 1682 1039 1749; x_wconf 88' lang='lat' dir='ltr'><strong>edictum</strong></span> <span class='ocrx_word' id='word_1_58' title='bbox 1091 1681 1398 1767; x_wconf 89' lang='lat' dir='ltr'><strong>generale</strong></span> <span class='ocrx_word' id='word_1_59' title='bbox 1455 1692 1554 1748; x_wconf 85' lang='lat' dir='ltr'><strong>est</strong></span> <span class='ocrx_word' id='word_1_60' title='bbox 1604 1694 1667 1748; x_wconf 91' lang='lat' dir='ltr'><strong>et</strong></span> <span class='ocrx_word' id='word_1_61' title='bbox 1721 1684 2002 1770; x_wconf 82' lang='lat' dir='ltr'><strong>pertinet</strong></span> <span class='ocrx_word' id='word_1_62' title='bbox 2058 1683 2143 1749; x_wconf 84' lang='lat' dir='ltr'><strong>ad</strong></span> <span class='ocrx_word' id='word_1_63' title='bbox 2198 1684 2404 1750; x_wconf 90' lang='lat' dir='ltr'><strong>omnis</strong></span> <span class='ocrx_word' id='word_1_64' title='bbox 2462 1683 2723 1769; x_wconf 86' lang='lat' dir='ltr'><strong>generis</strong></span> <span class='ocrx_word' id='word_1_65' title='bbox 2786 1682 3012 1748; x_wconf 90' lang='lat' dir='ltr'><strong>sordes</strong></span> <span class='ocrx_word' id='word_1_66' title='bbox 3063 1706 3271 1747; x_wconf 90' lang='lat' dir='ltr'><strong>remo-</strong></span> 
     </span>
     <span class='ocr_line' id='line_1_11' title="bbox 325 1780 3357 1869; baseline 0.001 -25"><span class='ocrx_word' id='word_1_67' title='bbox 325 1780 648 1846; x_wconf 78' lang='lat' dir='ltr'><strong>vendas</strong></span> <span class='ocrx_word' id='word_1_68' title='bbox 692 1790 760 1846; x_wconf 90' lang='lat' dir='ltr'><strong>et</strong></span> <span class='ocrx_word' id='word_1_69' title='bbox 798 1781 1039 1867; x_wconf 88' lang='lat' dir='ltr'><strong>ubique</strong></span> <span class='ocrx_word' id='word_1_70' title='bbox 1081 1780 1596 1847; x_wconf 88' lang='lat' dir='ltr'><strong>conservandam</strong></span> <span class='ocrx_word' id='word_1_71' title='bbox 1651 1782 2035 1848; x_wconf 85' lang='lat' dir='ltr'><strong>munditiem</strong></span> <span class='ocrx_word' id='word_1_72' title='bbox 2094 1792 2157 1847; x_wconf 91' lang='lat' dir='ltr'><strong>et</strong></span> <span class='ocrx_word' id='word_1_73' title='bbox 2211 1780 2614 1869; x_wconf 85' lang='lat' dir='ltr'><strong>asportanda</strong></span> <span class='ocrx_word' id='word_1_74' title='bbox 2669 1803 2766 1863; x_wconf 87' lang='lat' dir='ltr'><strong>ea,</strong></span> <span class='ocrx_word' id='word_1_75' title='bbox 2824 1781 3059 1867; x_wconf 90' lang='lat' dir='ltr'><strong>quibus</strong></span> <span class='ocrx_word' id='word_1_76' title='bbox 3114 1804 3265 1869; x_wconf 90' lang='lat' dir='ltr'><strong>quo·</strong></span> <span class='ocrx_word' id='word_1_77' title='bbox 3295 1792 3357 1847; x_wconf 88' lang='lat'><strong>10</strong></span> 
     </span>
     <span class='ocr_line' id='line_1_12' title="bbox 333 1879 3272 1968; baseline 0 -24"><span class='ocrx_word' id='word_1_78' title='bbox 333 1903 656 1967; x_wconf 83' lang='lat' dir='ltr'><strong>cunque</strong></span> <span class='ocrx_word' id='word_1_79' title='bbox 717 1881 978 1945; x_wconf 89' lang='lat' dir='ltr'><strong>nomine</strong></span> <span class='ocrx_word' id='word_1_80' title='bbox 1038 1879 1396 1957; x_wconf 86' lang='lat' dir='ltr'><strong>foeditatis,</strong></span> <span class='ocrx_word' id='word_1_81' title='bbox 1459 1890 1524 1946; x_wconf 88' lang='lat' dir='ltr'><strong>et</strong></span> <span class='ocrx_word' id='word_1_82' title='bbox 1585 1881 1877 1947; x_wconf 87' lang='lat' dir='ltr'><strong>cavenda</strong></span> <span class='ocrx_word' id='word_1_83' title='bbox 1935 1880 2486 1968; x_wconf 80' lang='lat' dir='ltr'><strong>detergendaque,</strong></span> <span class='ocrx_word' id='word_1_84' title='bbox 2552 1881 2787 1966; x_wconf 89' lang='lat' dir='ltr'><strong>quibus</strong></span> <span class='ocrx_word' id='word_1_85' title='bbox 2850 1880 3272 1967; x_wconf 81' lang='lat' dir='ltr'><strong>turpitudinis</strong></span> 
     </span>
     <span class='ocr_line' id='line_1_13' title="bbox 333 1978 2165 2067; baseline 0 -24"><span class='ocrx_word' id='word_1_86' title='bbox 333 1978 669 2045; x_wconf 79' lang='lat' dir='ltr'><strong>offensio</strong></span> <span class='ocrx_word' id='word_1_87' title='bbox 713 1978 801 2044; x_wconf 89' lang='lat' dir='ltr'><strong>ad</strong></span> <span class='ocrx_word' id='word_1_88' title='bbox 842 1999 1260 2067; x_wconf 87' lang='lat' dir='ltr'><strong>quoscunque</strong></span> <span class='ocrx_word' id='word_1_89' title='bbox 1305 2002 1530 2045; x_wconf 86' lang='lat' dir='ltr'><strong>sensus</strong></span> <span class='ocrx_word' id='word_1_90' title='bbox 1577 1980 2165 2067; x_wconf 84' lang='lat' dir='ltr'><strong>comprehenditur.</strong></span> 
     </span>
    </p>

    <p class='ocr_par' dir='ltr' id='par_1_7' title="bbox 347 2077 3353 2464">
     <span class='ocr_line' id='line_1_14' title="bbox 541 2077 3271 2167; baseline 0.001 -24"><span class='ocrx_word' id='word_1_91' title='bbox 541 2078 714 2144; x_wconf 80' lang='lat' dir='ltr'><strong>Non</strong></span> <span class='ocrx_word' id='word_1_92' title='bbox 770 2077 1168 2163; x_wconf 87' lang='lat' dir='ltr'><strong>relinquetur</strong></span> <span class='ocrx_word' id='word_1_93' title='bbox 1213 2079 1281 2142; x_wconf 85' lang='lat' dir='ltr'><strong>in</strong></span> <span class='ocrx_word' id='word_1_94' title='bbox 1342 2078 1490 2145; x_wconf 88' lang='lat' dir='ltr'><strong>ullis</strong></span> <span class='ocrx_word' id='word_1_95' title='bbox 1533 2079 1830 2167; x_wconf 85' lang='lat' dir='ltr'><strong>partibus</strong></span> <span class='ocrx_word' id='word_1_96' title='bbox 1875 2079 2131 2145; x_wconf 89' lang='lat' dir='ltr'><strong>aedium</strong></span> <span class='ocrx_word' id='word_1_97' title='bbox 2175 2080 2447 2144; x_wconf 85' lang='lat' dir='ltr'><strong>istarum</strong></span> <span class='ocrx_word' id='word_1_98' title='bbox 2492 2081 2838 2167; x_wconf 89' lang='lat' dir='ltr'><strong>quicquam</strong></span> <span class='ocrx_word' id='word_1_99' title='bbox 2881 2079 3271 2162; x_wconf 88' lang='lat' dir='ltr'><strong>huiusmodi,</strong></span> 
     </span>
     <span class='ocr_line' id='line_1_15' title="bbox 347 2176 3271 2266; baseline 0.001 -25"><span class='ocrx_word' id='word_1_100' title='bbox 347 2199 502 2241; x_wconf 86' lang='lat' dir='ltr'><strong>non</strong></span> <span class='ocrx_word' id='word_1_101' title='bbox 557 2177 971 2243; x_wconf 79' lang='lat' dir='ltr'><strong>effundendo</strong></span> <span class='ocrx_word' id='word_1_102' title='bbox 1016 2176 1462 2243; x_wconf 87' lang='lat' dir='ltr'><strong>deiiciendove</strong></span> <span class='ocrx_word' id='word_1_103' title='bbox 1499 2178 1649 2244; x_wconf 88' lang='lat' dir='ltr'><strong>illae</strong></span> <span class='ocrx_word' id='word_1_104' title='bbox 1687 2181 1946 2265; x_wconf 78' lang='lat' dir='ltr'><strong>uspiam</strong></span> <span class='ocrx_word' id='word_1_105' title='bbox 1991 2178 2606 2244; x_wconf 86' lang='lat' dir='ltr'><strong>contaminabuntur</strong></span> <span class='ocrx_word' id='word_1_106' title='bbox 2638 2188 2701 2243; x_wconf 89' lang='lat' dir='ltr'><strong>et</strong></span> <span class='ocrx_word' id='word_1_107' title='bbox 2740 2179 3271 2266; x_wconf 85' lang='lat' dir='ltr'><strong>inquinabuntur,</strong></span> 
     </span>
     <span class='ocr_line' id='line_1_16' title="bbox 349 2274 3353 2366; baseline 0 -25"><span class='ocrx_word' id='word_1_108' title='bbox 349 2300 504 2341; x_wconf 84' lang='lat' dir='ltr'><strong>non</strong></span> <span class='ocrx_word' id='word_1_109' title='bbox 559 2298 739 2341; x_wconf 78' lang='lat' dir='ltr'><strong>area</strong></span> <span class='ocrx_word' id='word_1_110' title='bbox 781 2274 1265 2342; x_wconf 80' lang='lat' dir='ltr'><strong>deformabitur.</strong></span> <span class='ocrx_word' id='word_1_111' title='bbox 1327 2277 1558 2363; x_wconf 88' lang='lat' dir='ltr'><strong>Deque</strong></span> <span class='ocrx_word' id='word_1_112' title='bbox 1601 2277 1701 2343; x_wconf 91' lang='lat' dir='ltr'><strong>his</strong></span> <span class='ocrx_word' id='word_1_113' title='bbox 1735 2277 2034 2343; x_wconf 87' lang='lat' dir='ltr'><strong>omnibus</strong></span> <span class='ocrx_word' id='word_1_114' title='bbox 2075 2278 2381 2344; x_wconf 86' lang='lat' dir='ltr'><strong>indicatis</strong></span> <span class='ocrx_word' id='word_1_115' title='bbox 2427 2277 2583 2366; x_wconf 91' lang='lat' dir='ltr'><strong>quid</strong></span> <span class='ocrx_word' id='word_1_116' title='bbox 2628 2278 2909 2343; x_wconf 89' lang='lat' dir='ltr'><strong>convicti</strong></span> <span class='ocrx_word' id='word_1_117' title='bbox 2954 2280 3269 2344; x_wconf 87' lang='lat' dir='ltr'><strong>sustinere</strong></span> <span class='ocrx_word' id='word_1_118' title='bbox 3292 2288 3353 2342; x_wconf 83' lang='lat'><strong>15</strong></span> 
     </span>
     <span class='ocr_line' id='line_1_17' title="bbox 353 2374 3267 2464; baseline 0.001 -25"><span class='ocrx_word' id='word_1_119' title='bbox 353 2385 484 2439; x_wconf 83' lang='lat' dir='ltr'><strong>aut</strong></span> <span class='ocrx_word' id='word_1_120' title='bbox 537 2374 936 2463; x_wconf 84' lang='lat' dir='ltr'><strong>persolvere</strong></span> <span class='ocrx_word' id='word_1_121' title='bbox 978 2374 1280 2457; x_wconf 86' lang='lat' dir='ltr'><strong>debeant,</strong></span> <span class='ocrx_word' id='word_1_122' title='bbox 1321 2378 1684 2464; x_wconf 78' lang='lat' dir='ltr'><strong>praepositi</strong></span> <span class='ocrx_word' id='word_1_123' title='bbox 1728 2378 2049 2443; x_wconf 86' lang='lat' dir='ltr'><strong>sententia</strong></span> <span class='ocrx_word' id='word_1_124' title='bbox 2088 2387 2419 2442; x_wconf 89' lang='lat' dir='ltr'><strong>statuetur.</strong></span> <span class='ocrx_word' id='word_1_125' title='bbox 2468 2377 2753 2443; x_wconf 83' lang='lat' dir='ltr'><strong>Chartae</strong></span> <span class='ocrx_word' id='word_1_126' title='bbox 2796 2376 3055 2464; x_wconf 88' lang='lat' dir='ltr'><strong>quidem</strong></span> <span class='ocrx_word' id='word_1_127' title='bbox 3097 2376 3267 2442; x_wconf 89' lang='lat' dir='ltr'><strong>luso-</strong></span> 
     </span>
    </p>
   </div>
   <div class='ocr_carea' id='block_1_6' title="bbox 354 2472 3266 2662">
    <p class='ocr_par' dir='ltr' id='par_1_8' title="bbox 354 2472 3266 2662">
     <span class='ocr_line' id='line_1_18' title="bbox 354 2472 3266 2563; baseline 0.001 -26"><span class='ocrx_word' id='word_1_128' title='bbox 354 2476 518 2539; x_wconf 84' lang='lat' dir='ltr'><strong>riae</strong></span> <span class='ocrx_word' id='word_1_129' title='bbox 571 2476 920 2561; x_wconf 85' lang='lat' dir='ltr'><strong>proiectae</strong></span> <span class='ocrx_word' id='word_1_130' title='bbox 961 2472 1227 2539; x_wconf 82' lang='lat' dir='ltr'><strong>alterius</strong></span> <span class='ocrx_word' id='word_1_131' title='bbox 1272 2497 1528 2561; x_wconf 86' lang='lat' dir='ltr'><strong>quoque</strong></span> <span class='ocrx_word' id='word_1_132' title='bbox 1573 2477 1716 2541; x_wconf 89' lang='lat' dir='ltr'><strong>vitii</strong></span> <span class='ocrx_word' id='word_1_133' title='bbox 1756 2474 2006 2541; x_wconf 89' lang='lat' dir='ltr'><strong>indices</strong></span> <span class='ocrx_word' id='word_1_134' title='bbox 2054 2486 2235 2559; x_wconf 84' lang='lat' dir='ltr'><strong>sunt,</strong></span> <span class='ocrx_word' id='word_1_135' title='bbox 2288 2475 2499 2562; x_wconf 87' lang='lat' dir='ltr'><strong>deque</strong></span> <span class='ocrx_word' id='word_1_136' title='bbox 2550 2478 2678 2541; x_wconf 90' lang='lat' dir='ltr'><strong>ista</strong></span> <span class='ocrx_word' id='word_1_137' title='bbox 2722 2475 3054 2563; x_wconf 81' lang='lat' dir='ltr'><strong>petulante</strong></span> <span class='ocrx_word' id='word_1_138' title='bbox 3112 2475 3266 2541; x_wconf 88' lang='lat' dir='ltr'><strong>levi-</strong></span> 
     </span>
     <span class='ocr_line' id='line_1_19' title="bbox 359 2569 2513 2662; baseline -0 -22"><span class='ocrx_word' id='word_1_139' title='bbox 359 2569 672 2660; x_wconf 67' lang='lat' dir='ltr'><strong>[461tate</strong></span> <span class='ocrx_word' id='word_1_140' title='bbox 719 2575 843 2638; x_wconf 89' lang='lat' dir='ltr'><strong>erit</strong></span> <span class='ocrx_word' id='word_1_141' title='bbox 881 2572 1362 2640; x_wconf 86' lang='lat' dir='ltr'><strong>animadversio</strong></span> <span class='ocrx_word' id='word_1_142' title='bbox 1408 2575 1621 2657; x_wconf 88' lang='lat' dir='ltr'><strong>etiam,</strong></span> <span class='ocrx_word' id='word_1_143' title='bbox 1667 2576 1834 2641; x_wconf 84' lang='lat' dir='ltr'><strong>sicut</strong></span> <span class='ocrx_word' id='word_1_144' title='bbox 1874 2597 1998 2662; x_wconf 87' lang='lat' dir='ltr'><strong>par</strong></span> <span class='ocrx_word' id='word_1_145' title='bbox 2045 2585 2160 2658; x_wconf 80' lang='lat' dir='ltr'><strong>est,</strong></span> <span class='ocrx_word' id='word_1_146' title='bbox 2205 2576 2513 2641; x_wconf 87' lang='lat' dir='ltr'><strong>severior.</strong></span> 
     </span>
    </p>
   </div>
   <div class='ocr_carea' id='block_1_7' title="bbox 1637 2736 2042 2810">
    <p class='ocr_par' dir='ltr' id='par_1_9' title="bbox 1637 2736 2042 2810">
     <span class='ocr_line' id='line_1_20' title="bbox 1637 2736 2042 2810; baseline -0.002 -16"><span class='ocrx_word' id='word_1_147' title='bbox 1637 2736 1886 2810; x_wconf 87' lang='lat' dir='ltr'><strong>Caput</strong></span> <span class='ocrx_word' id='word_1_148' title='bbox 1914 2738 2042 2795; x_wconf 83' lang='lat' dir='ltr'><strong>VII.</strong></span> 
     </span>
    </p>
   </div>
   <div class='ocr_carea' id='block_1_8' title="bbox 1647 2882 3356 2941">
    <p class='ocr_par' dir='ltr' id='par_1_10' title="bbox 1647 2882 3356 2941">
     <span class='ocr_line' id='line_1_21' title="bbox 1647 2882 3356 2941; baseline -0.002 0"><span class='ocrx_word' id='word_1_149' title='bbox 1647 2892 2031 2941; x_wconf 75' lang='lat' dir='ltr'><strong>HONESTAS.</strong></span> <span class='ocrx_word' id='word_1_150' title='bbox 3288 2882 3356 2937; x_wconf 82' lang='grc'><strong>20</strong></span> 
     </span>
    </p>
   </div>
   <div class='ocr_carea' id='block_1_9' title="bbox 375 3004 3354 4084">
    <p class='ocr_par' dir='ltr' id='par_1_11' title="bbox 375 3004 3267 3188">
     <span class='ocr_line' id='line_1_22' title="bbox 559 3004 3267 3094; baseline 0 -23"><span class='ocrx_word' id='word_1_151' title='bbox 559 3006 724 3071; x_wconf 87' lang='lat' dir='ltr'><strong>Hoc</strong></span> <span class='ocrx_word' id='word_1_152' title='bbox 772 3006 1005 3092; x_wconf 87' lang='lat' dir='ltr'><strong>capite,</strong></span> <span class='ocrx_word' id='word_1_153' title='bbox 1049 3005 1207 3091; x_wconf 86' lang='lat' dir='ltr'><strong>quid</strong></span> <span class='ocrx_word' id='word_1_154' title='bbox 1261 3004 1488 3071; x_wconf 86' lang='lat' dir='ltr'><strong>deceat</strong></span> <span class='ocrx_word' id='word_1_155' title='bbox 1540 3005 1835 3071; x_wconf 86' lang='lat' dir='ltr'><strong>ordinem</strong></span> <span class='ocrx_word' id='word_1_156' title='bbox 1888 3005 2349 3073; x_wconf 88' lang='lat' dir='ltr'><strong>scholasticum</strong></span> <span class='ocrx_word' id='word_1_157' title='bbox 2406 3016 2470 3071; x_wconf 92' lang='lat' dir='ltr'><strong>et</strong></span> <span class='ocrx_word' id='word_1_158' title='bbox 2516 3005 2751 3072; x_wconf 90' lang='lat' dir='ltr'><strong>debeat</strong></span> <span class='ocrx_word' id='word_1_159' title='bbox 2793 3006 2878 3072; x_wconf 86' lang='lat' dir='ltr'><strong>ab</strong></span> <span class='ocrx_word' id='word_1_160' title='bbox 2932 3004 3267 3094; x_wconf 75' lang='lat' dir='ltr'><strong>inquilinis</strong></span> 
     </span>
     <span class='ocr_line' id='line_1_23' title="bbox 375 3102 1684 3188; baseline -0.001 -17"><span class='ocrx_word' id='word_1_161' title='bbox 375 3104 640 3171; x_wconf 85' lang='lat' dir='ltr'><strong>harum</strong></span> <span class='ocrx_word' id='word_1_162' title='bbox 685 3102 944 3168; x_wconf 87' lang='lat' dir='ltr'><strong>aedium</strong></span> <span class='ocrx_word' id='word_1_163' title='bbox 988 3103 1346 3188; x_wconf 86' lang='lat' dir='ltr'><strong>observari,</strong></span> <span class='ocrx_word' id='word_1_164' title='bbox 1393 3104 1684 3171; x_wconf 84' lang='lat' dir='ltr'><strong>edicitur.</strong></span> 
     </span>
    </p>

    <p class='ocr_par' dir='ltr' id='par_1_12' title="bbox 381 3202 3353 3688">
     <span class='ocr_line' id='line_1_24' title="bbox 561 3202 3269 3294; baseline 0 -24"><span class='ocrx_word' id='word_1_165' title='bbox 561 3205 652 3270; x_wconf 90' lang='lat' dir='ltr'><strong>In</strong></span> <span class='ocrx_word' id='word_1_166' title='bbox 694 3202 950 3270; x_wconf 89' lang='lat' dir='ltr'><strong>aedium</strong></span> <span class='ocrx_word' id='word_1_167' title='bbox 996 3204 1226 3269; x_wconf 87' lang='lat' dir='ltr'><strong>harum</strong></span> <span class='ocrx_word' id='word_1_168' title='bbox 1278 3226 1435 3270; x_wconf 87' lang='lat' dir='ltr'><strong>area</strong></span> <span class='ocrx_word' id='word_1_169' title='bbox 1485 3207 1580 3270; x_wconf 86' lang='lat' dir='ltr'><strong>ita</strong></span> <span class='ocrx_word' id='word_1_170' title='bbox 1622 3205 1964 3271; x_wconf 87' lang='lat' dir='ltr'><strong>obversari</strong></span> <span class='ocrx_word' id='word_1_171' title='bbox 2006 3227 2229 3271; x_wconf 87' lang='lat' dir='ltr'><strong>omnes</strong></span> <span class='ocrx_word' id='word_1_172' title='bbox 2272 3205 2572 3272; x_wconf 87' lang='lat' dir='ltr'><strong>volumus</strong></span> <span class='ocrx_word' id='word_1_173' title='bbox 2615 3207 2907 3289; x_wconf 84' lang='lat' dir='ltr'><strong>vestitos,</strong></span> <span class='ocrx_word' id='word_1_174' title='bbox 2966 3205 3269 3294; x_wconf 87' lang='lat' dir='ltr'><strong>quemad-</strong></span> 
     </span>
     <span class='ocr_line' id='line_1_25' title="bbox 381 3302 3266 3392; baseline 0.001 -24"><span class='ocrx_word' id='word_1_175' title='bbox 381 3303 670 3370; x_wconf 86' lang='lat' dir='ltr'><strong>modum</strong></span> <span class='ocrx_word' id='word_1_176' title='bbox 714 3304 784 3368; x_wconf 90' lang='lat' dir='ltr'><strong>in</strong></span> <span class='ocrx_word' id='word_1_177' title='bbox 823 3302 1154 3390; x_wconf 89' lang='lat' dir='ltr'><strong>publicum</strong></span> <span class='ocrx_word' id='word_1_178' title='bbox 1199 3303 1594 3390; x_wconf 76' lang='lat' dir='ltr'><strong>prodeuntes</strong></span> <span class='ocrx_word' id='word_1_179' title='bbox 1650 3326 1796 3369; x_wconf 84' lang='lat' dir='ltr'><strong>esse</strong></span> <span class='ocrx_word' id='word_1_180' title='bbox 1835 3304 2055 3370; x_wconf 86' lang='lat' dir='ltr'><strong>vestiti</strong></span> <span class='ocrx_word' id='word_1_181' title='bbox 2107 3303 2315 3370; x_wconf 89' lang='lat' dir='ltr'><strong>solent</strong></span> <span class='ocrx_word' id='word_1_182' title='bbox 2366 3314 2562 3391; x_wconf 89' lang='lat' dir='ltr'><strong>atque</strong></span> <span class='ocrx_word' id='word_1_183' title='bbox 2606 3303 2863 3370; x_wconf 90' lang='lat' dir='ltr'><strong>debent.</strong></span> <span class='ocrx_word' id='word_1_184' title='bbox 2943 3303 3006 3369; x_wconf 81' lang='lat' dir='ltr'>A</span> <span class='ocrx_word' id='word_1_185' title='bbox 3046 3306 3266 3392; x_wconf 87' lang='lat' dir='ltr'><strong>pueris</strong></span> 
     </span>
     <span class='ocr_line' id='line_1_26' title="bbox 389 3400 3353 3490; baseline 0.001 -23"><span class='ocrx_word' id='word_1_186' title='bbox 389 3413 456 3467; x_wconf 89' lang='lat' dir='ltr'><strong>et</strong></span> <span class='ocrx_word' id='word_1_187' title='bbox 501 3400 1005 3490; x_wconf 73' lang='lat' dir='ltr'><strong>quibuscunque</strong></span> <span class='ocrx_word' id='word_1_188' title='bbox 1046 3400 1194 3468; x_wconf 90' lang='lat' dir='ltr'><strong>aliis</strong></span> <span class='ocrx_word' id='word_1_189' title='bbox 1233 3425 1318 3468; x_wconf 84' lang='lat' dir='ltr'><strong>ex</strong></span> <span class='ocrx_word' id='word_1_190' title='bbox 1371 3402 1568 3489; x_wconf 89' lang='lat' dir='ltr'><strong>podio</strong></span> <span class='ocrx_word' id='word_1_191' title='bbox 1623 3423 1738 3468; x_wconf 89' lang='lat' dir='ltr'><strong>seu</strong></span> <span class='ocrx_word' id='word_1_192' title='bbox 1787 3412 2144 3468; x_wconf 80' lang='lat' dir='ltr'><strong>transenna</strong></span> <span class='ocrx_word' id='word_1_193' title='bbox 2198 3403 2633 3469; x_wconf 86' lang='lat' dir='ltr'><strong>inverecunde</strong></span> <span class='ocrx_word' id='word_1_194' title='bbox 2677 3403 3101 3490; x_wconf 88' lang='lat' dir='ltr'><strong>despiciendo</strong></span> <span class='ocrx_word' id='word_1_195' title='bbox 3157 3412 3271 3469; x_wconf 91' lang='lat' dir='ltr'><strong>aut</strong></span> <span class='ocrx_word' id='word_1_196' title='bbox 3286 3412 3353 3468; x_wconf 80' lang='lat'><strong>2⁵</strong></span> 
     </span>
     <span class='ocr_line' id='line_1_27' title="bbox 385 3500 3269 3590; baseline 0 -24"><span class='ocrx_word' id='word_1_197' title='bbox 385 3501 652 3567; x_wconf 87' lang='lat' dir='ltr'><strong>ibidem</strong></span> <span class='ocrx_word' id='word_1_198' title='bbox 698 3500 1142 3567; x_wconf 84' lang='lat' dir='ltr'><strong>concursando</strong></span> <span class='ocrx_word' id='word_1_199' title='bbox 1184 3501 1424 3567; x_wconf 88' lang='lat' dir='ltr'><strong>offendi</strong></span> <span class='ocrx_word' id='word_1_200' title='bbox 1468 3501 1630 3567; x_wconf 84' lang='lat' dir='ltr'><strong>alios</strong></span> <span class='ocrx_word' id='word_1_201' title='bbox 1673 3500 2111 3588; x_wconf 89' lang='lat' dir='ltr'><strong>prohibemus.</strong></span> <span class='ocrx_word' id='word_1_202' title='bbox 2196 3503 2400 3590; x_wconf 89' lang='lat' dir='ltr'><strong>Inque</strong></span> <span class='ocrx_word' id='word_1_203' title='bbox 2439 3502 2562 3569; x_wconf 88' lang='lat' dir='ltr'><strong>hoe</strong></span> <span class='ocrx_word' id='word_1_204' title='bbox 2616 3523 2855 3590; x_wconf 84' lang='lat' dir='ltr'><strong>genere</strong></span> <span class='ocrx_word' id='word_1_205' title='bbox 2898 3501 3269 3587; x_wconf 85' lang='lat' dir='ltr'><strong>delinquen-</strong></span> 
     </span>
     <span class='ocr_line' id='line_1_28' title="bbox 399 3598 2265 3688; baseline -0.001 -22"><span class='ocrx_word' id='word_1_206' title='bbox 399 3611 504 3666; x_wconf 88' lang='lat' dir='ltr'><strong>tes</strong></span> <span class='ocrx_word' id='word_1_207' title='bbox 551 3598 1002 3666; x_wconf 87' lang='lat' dir='ltr'><strong>multabuntur</strong></span> <span class='ocrx_word' id='word_1_208' title='bbox 1045 3600 1286 3686; x_wconf 85' lang='lat' dir='ltr'><strong>singuli</strong></span> <span class='ocrx_word' id='word_1_209' title='bbox 1329 3624 1455 3666; x_wconf 91' lang='lat' dir='ltr'><strong>uno</strong></span> <span class='ocrx_word' id='word_1_210' title='bbox 1503 3609 1811 3687; x_wconf 88' lang='lat' dir='ltr'><strong>argenteo</strong></span> <span class='ocrx_word' id='word_1_211' title='bbox 1857 3622 1972 3666; x_wconf 90' lang='lat' dir='ltr'><strong>seu</strong></span> <span class='ocrx_word' id='word_1_212' title='bbox 2013 3624 2265 3688; x_wconf 85' lang='lat' dir='ltr'><strong>grosse.</strong></span> 
     </span>
    </p>

    <p class='ocr_par' dir='ltr' id='par_1_13' title="bbox 397 3698 3354 4084">
     <span class='ocr_line' id='line_1_29' title="bbox 568 3698 3269 3786; baseline 0.001 -24"><span class='ocrx_word' id='word_1_213' title='bbox 568 3699 612 3742; x_wconf 81' lang='grc'>*</span> <span class='ocrx_word' id='word_1_214' title='bbox 628 3701 649 3742; x_wconf 90' lang='lat'><strong>¹</strong></span> <span class='ocrx_word' id='word_1_215' title='bbox 675 3698 982 3765; x_wconf 87' lang='lat' dir='ltr'><strong>Mulieres</strong></span> <span class='ocrx_word' id='word_1_216' title='bbox 1011 3701 1079 3765; x_wconf 90' lang='lat' dir='ltr'><strong>in</strong></span> <span class='ocrx_word' id='word_1_217' title='bbox 1110 3700 1306 3766; x_wconf 88' lang='lat' dir='ltr'><strong>aedes</strong></span> <span class='ocrx_word' id='word_1_218' title='bbox 1340 3699 1594 3786; x_wconf 89' lang='lat' dir='ltr'><strong>collegii</strong></span> <span class='ocrx_word' id='word_1_219' title='bbox 1627 3699 1866 3767; x_wconf 88' lang='lat' dir='ltr'><strong>adduci</strong></span> <span class='ocrx_word' id='word_1_220' title='bbox 1897 3699 2234 3766; x_wconf 86' lang='lat' dir='ltr'><strong>admittive</strong></span> <span class='ocrx_word' id='word_1_221' title='bbox 2260 3723 2391 3766; x_wconf 89' lang='lat' dir='ltr'><strong>non</strong></span> <span class='ocrx_word' id='word_1_222' title='bbox 2419 3700 2623 3784; x_wconf 86' lang='lat' dir='ltr'><strong>decet,</strong></span> <span class='ocrx_word' id='word_1_223' title='bbox 2664 3723 2873 3786; x_wconf 88' lang='lat' dir='ltr'><strong>neque</strong></span> <span class='ocrx_word' id='word_1_224' title='bbox 2899 3700 3024 3767; x_wconf 88' lang='lat' dir='ltr'><strong>hoc</strong></span> <span class='ocrx_word' id='word_1_225' title='bbox 3051 3701 3269 3766; x_wconf 87' lang='lat' dir='ltr'><strong>facere</strong></span> 
     </span>
     <span class='ocr_line' id='line_1_30' title="bbox 399 3797 3291 3887; baseline 0 -23"><span class='ocrx_word' id='word_1_226' title='bbox 399 3823 518 3866; x_wconf 87' lang='lat' dir='ltr'><strong>suo</strong></span> <span class='ocrx_word' id='word_1_227' title='bbox 583 3797 859 3865; x_wconf 84' lang='lat' dir='ltr'><strong>arbitrio</strong></span> <span class='ocrx_word' id='word_1_228' title='bbox 912 3798 1028 3864; x_wconf 82' lang='lat' dir='ltr'><strong>ulli</strong></span> <span class='ocrx_word' id='word_1_229' title='bbox 1077 3799 1274 3864; x_wconf 84' lang='lat' dir='ltr'><strong>licere</strong></span> <span class='ocrx_word' id='word_1_230' title='bbox 1323 3820 1532 3885; x_wconf 91' lang='lat' dir='ltr'><strong>neque</strong></span> <span class='ocrx_word' id='word_1_231' title='bbox 1590 3800 1729 3865; x_wconf 90' lang='lat' dir='ltr'><strong>sine</strong></span> <span class='ocrx_word' id='word_1_232' title='bbox 1781 3800 2103 3886; x_wconf 87' lang='lat' dir='ltr'><strong>permissu</strong></span> <span class='ocrx_word' id='word_1_233' title='bbox 2165 3801 2526 3887; x_wconf 85' lang='lat' dir='ltr'><strong>praepositi</strong></span> <span class='ocrx_word' id='word_1_234' title='bbox 2577 3799 2683 3866; x_wconf 89' lang='lat' dir='ltr'><strong>vel</strong></span> <span class='ocrx_word' id='word_1_235' title='bbox 2744 3801 2903 3883; x_wconf 87' lang='lat' dir='ltr'><strong>eius,</strong></span> <span class='ocrx_word' id='word_1_236' title='bbox 2946 3801 3056 3885; x_wconf 89' lang='lat' dir='ltr'><strong>qui</strong></span> <span class='ocrx_word' id='word_1_237' title='bbox 3094 3799 3291 3866; x_wconf 81' lang='lat' dir='ltr'><strong>illius‘</strong></span> 
     </span>
     <span class='ocr_line' id='line_1_31' title="bbox 397 3896 3354 3986; baseline 0 -22"><span class='ocrx_word' id='word_1_238' title='bbox 397 3900 696 3964; x_wconf 84' lang='lat' dir='ltr'><strong>vicarius</strong></span> <span class='ocrx_word' id='word_1_239' title='bbox 757 3898 968 3979; x_wconf 85' lang='lat' dir='ltr'><strong>fuerit,</strong></span> <span class='ocrx_word' id='word_1_240' title='bbox 1024 3897 1167 3962; x_wconf 90' lang='lat' dir='ltr'><strong>fieri</strong></span> <span class='ocrx_word' id='word_1_241' title='bbox 1218 3899 1476 3963; x_wconf 91' lang='lat' dir='ltr'><strong>omnino</strong></span> <span class='ocrx_word' id='word_1_242' title='bbox 1533 3896 1846 3963; x_wconf 89' lang='lat' dir='ltr'><strong>volumus.</strong></span> <span class='ocrx_word' id='word_1_243' title='bbox 1929 3899 2004 3963; x_wconf 90' lang='lat' dir='ltr'><strong>In</strong></span> <span class='ocrx_word' id='word_1_244' title='bbox 2071 3909 2482 3964; x_wconf 88' lang='lat' dir='ltr'><strong>contumaces</strong></span> <span class='ocrx_word' id='word_1_245' title='bbox 2547 3907 2764 3965; x_wconf 86' lang='lat' dir='ltr'><strong>autem</strong></span> <span class='ocrx_word' id='word_1_246' title='bbox 2805 3921 2925 3986; x_wconf 91' lang='lat' dir='ltr'><strong>pro</strong></span> <span class='ocrx_word' id='word_1_247' title='bbox 2982 3922 3055 3965; x_wconf 91' lang='lat' dir='ltr'><strong>re</strong></span> <span class='ocrx_word' id='word_1_248' title='bbox 3113 3909 3354 3965; x_wconf 82' lang='lat' dir='ltr'><strong>nata30</strong></span> 
     </span>
     <span class='ocr_line' id='line_1_32' title="bbox 402 3997 1809 4084; baseline -0.001 -22"><span class='ocrx_word' id='word_1_249' title='bbox 402 3997 898 4064; x_wconf 83' lang='lat' dir='ltr'><strong>animadversio</strong></span> <span class='ocrx_word' id='word_1_250' title='bbox 941 4017 1140 4083; x_wconf 86' lang='lat' dir='ltr'><strong>penes</strong></span> <span class='ocrx_word' id='word_1_251' title='bbox 1183 3998 1626 4084; x_wconf 87' lang='lat' dir='ltr'><strong>praepositum</strong></span> <span class='ocrx_word' id='word_1_252' title='bbox 1669 3998 1809 4062; x_wconf 88' lang='lat' dir='ltr'><strong>erit.</strong></span> 
     </span>
    </p>
   </div>
   <div class='ocr_carea' id='block_1_10' title="bbox 405 4095 3351 4878">
    <p class='ocr_par' dir='ltr' id='par_1_14' title="bbox 405 4095 3351 4580">
     <span class='ocr_line' id='line_1_33' title="bbox 574 4095 3271 4184; baseline 0.001 -23"><span class='ocrx_word' id='word_1_253' title='bbox 574 4095 832 4177; x_wconf 81' lang='lat' dir='ltr'><strong>Quodsi</strong></span> <span class='ocrx_word' id='word_1_254' title='bbox 871 4096 1014 4183; x_wconf 88' lang='lat' dir='ltr'><strong>quis</strong></span> <span class='ocrx_word' id='word_1_255' title='bbox 1058 4096 1322 4183; x_wconf 86' lang='lat' dir='ltr'><strong>pietatis</strong></span> <span class='ocrx_word' id='word_1_256' title='bbox 1374 4095 1857 4183; x_wconf 86' lang='lat' dir='ltr'><strong>honestatisque</strong></span> <span class='ocrx_word' id='word_1_257' title='bbox 1912 4095 2151 4161; x_wconf 89' lang='lat' dir='ltr'><strong>oblitus</strong></span> <span class='ocrx_word' id='word_1_258' title='bbox 2208 4097 2608 4184; x_wconf 83' lang='lat' dir='ltr'><strong>impudicam</strong></span> <span class='ocrx_word' id='word_1_259' title='bbox 2658 4096 2992 4163; x_wconf 88' lang='lat' dir='ltr'><strong>mulierem</strong></span> <span class='ocrx_word' id='word_1_260' title='bbox 3040 4099 3109 4163; x_wconf 90' lang='lat' dir='ltr'><strong>in</strong></span> <span class='ocrx_word' id='word_1_261' title='bbox 3146 4099 3271 4164; x_wconf 82' lang='lat' dir='ltr'><strong>has</strong></span> 
     </span>
     <span class='ocr_line' id='line_1_34' title="bbox 405 4193 3271 4278; baseline 0 -17"><span class='ocrx_word' id='word_1_262' title='bbox 405 4195 607 4262; x_wconf 89' lang='lat' dir='ltr'><strong>aedes</strong></span> <span class='ocrx_word' id='word_1_263' title='bbox 652 4193 1087 4262; x_wconf 82' lang='lat' dir='ltr'><strong>introduxerit</strong></span> <span class='ocrx_word' id='word_1_264' title='bbox 1126 4193 1747 4260; x_wconf 87' lang='lat' dir='ltr'><strong>introducendamve</strong></span> <span class='ocrx_word' id='word_1_265' title='bbox 1801 4196 2160 4278; x_wconf 86' lang='lat' dir='ltr'><strong>curaverit,</strong></span> <span class='ocrx_word' id='word_1_266' title='bbox 2216 4195 2300 4260; x_wconf 89' lang='lat' dir='ltr'><strong>ab</strong></span> <span class='ocrx_word' id='word_1_267' title='bbox 2358 4219 2433 4262; x_wconf 91' lang='lat' dir='ltr'><strong>eo</strong></span> <span class='ocrx_word' id='word_1_268' title='bbox 2485 4197 2676 4263; x_wconf 90' lang='lat' dir='ltr'><strong>huius</strong></span> <span class='ocrx_word' id='word_1_269' title='bbox 2735 4196 2957 4262; x_wconf 87' lang='lat' dir='ltr'><strong>delicti</strong></span> <span class='ocrx_word' id='word_1_270' title='bbox 3008 4199 3271 4263; x_wconf 88' lang='lat' dir='ltr'><strong>nomine</strong></span> 
     </span>
     <span class='ocr_line' id='line_1_35' title="bbox 407 4291 3264 4384; baseline -0 -22"><span class='ocrx_word' id='word_1_271' title='bbox 407 4299 712 4384; x_wconf 83' lang='lat' dir='ltr'><strong>exigetur</strong></span> <span class='ocrx_word' id='word_1_272' title='bbox 755 4293 960 4360; x_wconf 89' lang='lat' dir='ltr'><strong>multa</strong></span> <span class='ocrx_word' id='word_1_273' title='bbox 1001 4293 1231 4359; x_wconf 89' lang='lat' dir='ltr'><strong>floreni</strong></span> <span class='ocrx_word' id='word_1_274' title='bbox 1274 4294 1482 4359; x_wconf 85' lang='lat' dir='ltr'><strong>unius.</strong></span> <span class='ocrx_word' id='word_1_275' title='bbox 1565 4291 1697 4374; x_wconf 81' lang='lat' dir='ltr'><strong>Qui</strong></span> <span class='ocrx_word' id='word_1_276' title='bbox 1736 4303 1934 4358; x_wconf 90' lang='lat' dir='ltr'><strong>noctu</strong></span> <span class='ocrx_word' id='word_1_277' title='bbox 1974 4294 2155 4380; x_wconf 89' lang='lat' dir='ltr'><strong>apud</strong></span> <span class='ocrx_word' id='word_1_278' title='bbox 2198 4317 2267 4359; x_wconf 89' lang='lat' dir='ltr'><strong>se</strong></span> <span class='ocrx_word' id='word_1_279' title='bbox 2311 4294 2638 4378; x_wconf 87' lang='lat' dir='ltr'><strong>habuerit,</strong></span> <span class='ocrx_word' id='word_1_280' title='bbox 2691 4298 2749 4362; x_wconf 89' lang='lat' dir='ltr'><strong>is</strong></span> <span class='ocrx_word' id='word_1_281' title='bbox 2802 4295 3033 4362; x_wconf 85' lang='lat' dir='ltr'><strong>solvito</strong></span> <span class='ocrx_word' id='word_1_282' title='bbox 3090 4295 3264 4362; x_wconf 86' lang='lat' dir='ltr'><strong>flori-</strong></span> 
     </span>
     <span class='ocr_line' id='line_1_36' title="bbox 405 4389 3351 4481; baseline -0.001 -19"><span class='ocrx_word' id='word_1_283' title='bbox 405 4419 525 4465; x_wconf 86' lang='lat' dir='ltr'><strong>nos</strong></span> <span class='ocrx_word' id='word_1_284' title='bbox 565 4395 714 4463; x_wconf 88' lang='lat' dir='ltr'><strong>IIII.</strong></span> <span class='ocrx_word' id='word_1_285' title='bbox 776 4393 906 4476; x_wconf 78' lang='lat' dir='ltr'><strong>Qui</strong></span> <span class='ocrx_word' id='word_1_286' title='bbox 946 4393 1182 4458; x_wconf 87' lang='lat' dir='ltr'><strong>iterum</strong></span> <span class='ocrx_word' id='word_1_287' title='bbox 1221 4392 1292 4456; x_wconf 90' lang='lat' dir='ltr'><strong>in</strong></span> <span class='ocrx_word' id='word_1_288' title='bbox 1323 4389 1452 4478; x_wconf 83' lang='lat'>[47]</span> <span class='ocrx_word' id='word_1_289' title='bbox 1485 4391 1609 4457; x_wconf 89' lang='lat' dir='ltr'><strong>hoc</strong></span> <span class='ocrx_word' id='word_1_290' title='bbox 1647 4391 1896 4478; x_wconf 86' lang='lat' dir='ltr'><strong>flagitio</strong></span> <span class='ocrx_word' id='word_1_291' title='bbox 1939 4392 2136 4458; x_wconf 81' lang='lat' dir='ltr'><strong>fuerit</strong></span> <span class='ocrx_word' id='word_1_292' title='bbox 2176 4391 2677 4481; x_wconf 90' lang='lat' dir='ltr'><strong>depraehensus‚</strong></span> <span class='ocrx_word' id='word_1_293' title='bbox 2721 4395 2778 4461; x_wconf 90' lang='lat' dir='ltr'><strong>is</strong></span> <span class='ocrx_word' id='word_1_294' title='bbox 2824 4417 2909 4460; x_wconf 86' lang='lat' dir='ltr'><strong>ex</strong></span> <span class='ocrx_word' id='word_1_295' title='bbox 2948 4395 3050 4461; x_wconf 85' lang='lat' dir='ltr'><strong>his</strong></span> <span class='ocrx_word' id='word_1_296' title='bbox 3090 4393 3263 4460; x_wconf 87' lang='lat' dir='ltr'><strong>aedi-</strong></span> <span class='ocrx_word' id='word_1_297' title='bbox 3283 4403 3351 4460; x_wconf 80' lang='lat'><strong>35</strong></span> 
     </span>
     <span class='ocr_line' id='line_1_37' title="bbox 407 4491 1308 4580; baseline -0.009 -17"><span class='ocrx_word' id='word_1_298' title='bbox 407 4496 530 4562; x_wconf 84' lang='lat' dir='ltr'><strong>bus</strong></span> <span class='ocrx_word' id='word_1_299' title='bbox 579 4496 904 4580; x_wconf 84' lang='lat' dir='ltr'><strong>emigrare</strong></span> <span class='ocrx_word' id='word_1_300' title='bbox 943 4491 1308 4557; x_wconf 81' lang='lat' dir='ltr'><strong>iubeatur.*</strong></span> 
     </span>
    </p>

    <p class='ocr_par' dir='ltr' id='par_1_15' title="bbox 411 4588 3270 4878">
     <span class='ocr_line' id='line_1_38' title="bbox 573 4588 3267 4679; baseline -0.001 -19"><span class='ocrx_word' id='word_1_301' title='bbox 573 4593 892 4661; x_wconf 81' lang='lat' dir='ltr'><strong>Nolumus</strong></span> <span class='ocrx_word' id='word_1_302' title='bbox 934 4612 1150 4678; x_wconf 76' lang='lat' dir='ltr'><strong>porte,</strong></span> <span class='ocrx_word' id='word_1_303' title='bbox 1195 4588 1554 4656; x_wconf 83' lang='lat' dir='ltr'><strong>custodiam</strong></span> <span class='ocrx_word' id='word_1_304' title='bbox 1580 4600 1644 4655; x_wconf 86' lang='lat' dir='ltr'><strong>et</strong></span> <span class='ocrx_word' id='word_1_305' title='bbox 1666 4590 1930 4676; x_wconf 84' lang='lat' dir='ltr'><strong>vigilias</strong></span> <span class='ocrx_word' id='word_1_306' title='bbox 1957 4589 2138 4656; x_wconf 88' lang='lat' dir='ltr'><strong>urbis</strong></span> <span class='ocrx_word' id='word_1_307' title='bbox 2180 4601 2378 4657; x_wconf 86' lang='lat' dir='ltr'><strong>noctu</strong></span> <span class='ocrx_word' id='word_1_308' title='bbox 2408 4600 2519 4658; x_wconf 90' lang='lat' dir='ltr'><strong>aut</strong></span> <span class='ocrx_word' id='word_1_309' title='bbox 2545 4591 2828 4659; x_wconf 86' lang='lat' dir='ltr'><strong>interdiu</strong></span> <span class='ocrx_word' id='word_1_310' title='bbox 2854 4603 3267 4679; x_wconf 89' lang='lat' dir='ltr'><strong>praetereun-</strong></span> 
     </span>
     <span class='ocr_line' id='line_1_39' title="bbox 411 4688 3270 4778; baseline -0.001 -18"><span class='ocrx_word' id='word_1_311' title='bbox 411 4705 506 4760; x_wconf 80' lang='lat' dir='ltr'><strong>tes</strong></span> <span class='ocrx_word' id='word_1_312' title='bbox 569 4691 780 4758; x_wconf 84' lang='lat' dir='ltr'><strong>sibilis</strong></span> <span class='ocrx_word' id='word_1_313' title='bbox 838 4699 952 4756; x_wconf 87' lang='lat' dir='ltr'><strong>aut</strong></span> <span class='ocrx_word' id='word_1_314' title='bbox 1001 4688 1271 4755; x_wconf 83' lang='lat' dir='ltr'><strong>vocibus</strong></span> <span class='ocrx_word' id='word_1_315' title='bbox 1330 4688 1667 4776; x_wconf 81' lang='lat' dir='ltr'><strong>quibusvis</strong></span> <span class='ocrx_word' id='word_1_316' title='bbox 1725 4691 2056 4776; x_wconf 83' lang='lat' dir='ltr'><strong>exagitari</strong></span> <span class='ocrx_word' id='word_1_317' title='bbox 2123 4700 2236 4755; x_wconf 88' lang='lat' dir='ltr'><strong>aut</strong></span> <span class='ocrx_word' id='word_1_318' title='bbox 2302 4691 2533 4778; x_wconf 89' lang='lat' dir='ltr'><strong>quovis</strong></span> <span class='ocrx_word' id='word_1_319' title='bbox 2589 4702 2784 4778; x_wconf 87' lang='lat' dir='ltr'><strong>pacto</strong></span> <span class='ocrx_word' id='word_1_320' title='bbox 2834 4692 2918 4756; x_wconf 86' lang='lat' dir='ltr'><strong>ad</strong></span> <span class='ocrx_word' id='word_1_321' title='bbox 2974 4691 3270 4778; x_wconf 88' lang='lat' dir='ltr'><strong>querelas</strong></span> 
     </span>
     <span class='ocr_line' id='line_1_40' title="bbox 417 4787 3263 4878; baseline -0.001 -20"><span class='ocrx_word' id='word_1_322' title='bbox 417 4789 800 4860; x_wconf 85' lang='lat' dir='ltr'><strong>deferendas</strong></span> <span class='ocrx_word' id='word_1_323' title='bbox 845 4789 1100 4854; x_wconf 88' lang='lat' dir='ltr'><strong>senatui</strong></span> <span class='ocrx_word' id='word_1_324' title='bbox 1140 4789 1409 4871; x_wconf 86' lang='lat' dir='ltr'><strong>irritari,</strong></span> <span class='ocrx_word' id='word_1_325' title='bbox 1467 4809 1588 4853; x_wconf 91' lang='lat' dir='ltr'><strong>nec</strong></span> <span class='ocrx_word' id='word_1_326' title='bbox 1635 4787 1716 4853; x_wconf 91' lang='lat' dir='ltr'><strong>de</strong></span> <span class='ocrx_word' id='word_1_327' title='bbox 1761 4789 2097 4876; x_wconf 86' lang='lat' dir='ltr'><strong>superiore</strong></span> <span class='ocrx_word' id='word_1_328' title='bbox 2134 4787 2279 4854; x_wconf 89' lang='lat' dir='ltr'><strong>loco</strong></span> <span class='ocrx_word' id='word_1_329' title='bbox 2324 4811 2708 4878; x_wconf 85' lang='lat' dir='ltr'><strong>quemquam</strong></span> <span class='ocrx_word' id='word_1_330' title='bbox 2750 4812 3017 4876; x_wconf 88' lang='lat' dir='ltr'><strong>prorsus</strong></span> <span class='ocrx_word' id='word_1_331' title='bbox 3059 4791 3263 4856; x_wconf 90' lang='lat' dir='ltr'><strong>homi-</strong></span> 
     </span>
    </p>
   </div>
   <div class='ocr_carea' id='block_1_11' title="bbox 417 4886 3353 4976">
    <p class='ocr_par' dir='ltr' id='par_1_16' title="bbox 417 4886 3353 4976">
     <span class='ocr_line' id='line_1_41' title="bbox 417 4886 3353 4976; baseline -0 -18"><span class='ocrx_word' id='word_1_332' title='bbox 417 4913 567 4958; x_wconf 90' lang='lat' dir='ltr'><strong>num</strong></span> <span class='ocrx_word' id='word_1_333' title='bbox 615 4891 774 4972; x_wconf 86' lang='lat' dir='ltr'><strong>risu,</strong></span> <span class='ocrx_word' id='word_1_334' title='bbox 817 4897 1007 4976; x_wconf 90' lang='lat' dir='ltr'><strong>gestu</strong></span> <span class='ocrx_word' id='word_1_335' title='bbox 1042 4897 1303 4954; x_wconf 85' lang='lat' dir='ltr'><strong>motuve</strong></span> <span class='ocrx_word' id='word_1_336' title='bbox 1347 4889 1640 4975; x_wconf 88' lang='lat' dir='ltr'><strong>corporis</strong></span> <span class='ocrx_word' id='word_1_337' title='bbox 1684 4886 1792 4968; x_wconf 88' lang='lat' dir='ltr'><strong>(de</strong></span> <span class='ocrx_word' id='word_1_338' title='bbox 1837 4909 1965 4976; x_wconf 92' lang='lat' dir='ltr'><strong>quo</strong></span> <span class='ocrx_word' id='word_1_339' title='bbox 2012 4897 2077 4952; x_wconf 88' lang='lat' dir='ltr'><strong>et</strong></span> <span class='ocrx_word' id='word_1_340' title='bbox 2121 4898 2314 4954; x_wconf 87' lang='lat' dir='ltr'><strong>antea</strong></span> <span class='ocrx_word' id='word_1_341' title='bbox 2356 4889 2596 4954; x_wconf 88' lang='lat' dir='ltr'><strong>dictum</strong></span> <span class='ocrx_word' id='word_1_342' title='bbox 2641 4889 2768 4970; x_wconf 87' lang='lat' dir='ltr'><strong>est)</strong></span> <span class='ocrx_word' id='word_1_343' title='bbox 2811 4889 3091 4955; x_wconf 89' lang='lat' dir='ltr'><strong>irrideri.</strong></span> <span class='ocrx_word' id='word_1_344' title='bbox 3137 4890 3269 4972; x_wconf 78' lang='lat' dir='ltr'><strong>Qui</strong></span> <span class='ocrx_word' id='word_1_345' title='bbox 3284 4901 3353 4957; x_wconf 75' lang='lat'><strong>40</strong></span> 
     </span>
    </p>
   </div>
   <div class='ocr_carea' id='block_1_12' title="bbox 421 5184 3275 5333">
    <p class='ocr_par' dir='ltr' id='par_1_17' title="bbox 421 5184 3275 5333">
     <span class='ocr_line' id='line_1_42' title="bbox 567 5184 3275 5258; baseline -0 -12"><span class='ocrx_word' id='word_1_346' title='bbox 567 5193 612 5246; x_wconf 80' lang='lat'><strong>‘1</strong></span> <span class='ocrx_word' id='word_1_347' title='bbox 648 5188 760 5244; x_wconf 85' lang='lat' dir='ltr'><strong>Die</strong></span> <span class='ocrx_word' id='word_1_348' title='bbox 793 5186 994 5245; x_wconf 77' lang='lat' dir='ltr'><strong>beiden</strong></span> <span class='ocrx_word' id='word_1_349' title='bbox 1025 5187 1130 5242; x_wconf 86' lang='lat' dir='ltr'><strong>mit</strong></span> <span class='ocrx_word' id='word_1_350' title='bbox 1157 5184 1466 5244; x_wconf 82' lang='lat' dir='ltr'><strong>Sternchen</strong></span> <span class='ocrx_word' id='word_1_351' title='bbox 1491 5184 1868 5258; x_wconf 75' lang='lat' dir='ltr'><strong>eingefassten</strong></span> <span class='ocrx_word' id='word_1_352' title='bbox 1891 5185 2137 5242; x_wconf 67' lang='lat' dir='ltr'><strong>Abditas</strong></span> <span class='ocrx_word' id='word_1_353' title='bbox 2168 5185 2293 5242; x_wconf 83' lang='lat' dir='ltr'><strong>sind</strong></span> <span class='ocrx_word' id='word_1_354' title='bbox 2329 5189 2517 5257; x_wconf 65' lang='lat' dir='ltr'><strong>spater</strong></span> <span class='ocrx_word' id='word_1_355' title='bbox 2538 5185 2664 5242; x_wconf 85' lang='lat' dir='ltr'><strong>roth</strong></span> <span class='ocrx_word' id='word_1_356' title='bbox 2682 5186 3139 5258; x_wconf 81' lang='lat' dir='ltr'><strong>eingeklammert</strong></span> <span class='ocrx_word' id='word_1_357' title='bbox 3160 5189 3275 5246; x_wconf 83' lang='lat' dir='ltr'><strong>und</strong></span> 
     </span>
     <span class='ocr_line' id='line_1_43' title="bbox 421 5271 1182 5333; baseline -0.008 0"><span class='ocrx_word' id='word_1_358' title='bbox 421 5291 504 5333; x_wconf 72' lang='lat' dir='ltr'><strong>am</strong></span> <span class='ocrx_word' id='word_1_359' title='bbox 539 5273 740 5332; x_wconf 73' lang='lat' dir='ltr'><strong>Raude</strong></span> <span class='ocrx_word' id='word_1_360' title='bbox 777 5272 955 5330; x_wconf 73' lang='lat' dir='ltr'><strong>steht:</strong></span> <span class='ocrx_word' id='word_1_361' title='bbox 1013 5271 1182 5328; x_wconf 72' lang='lat' dir='ltr'><strong>omitt.</strong></span> 
     </span>
    </p>
   </div>
  </div>
 </body>
</html>
