4038 6358
793 615 915 683 222
1922 615 2034 672 Das
2071 635 2260 686 grosse
2299 620 2509 688 Colleg.

794 806 1205 866 contemserit
1244 799 1369 866 hoc
1410 800 1713 884 edictum,
1756 800 2015 868 decreto
2055 803 2310 891 collegii
2349 804 2768 869 severissimo
2807 823 3086 889 poenam
3125 802 3308 887 luite,
3348 804 3654 870 nimirum

792 901 980 964 unius
1021 898 1253 964 floreni
1293 910 1404 964 aut
1447 900 1742 987 amplius.

961 997 1108 1079 Quo
1163 999 1373 1063 maior
1427 1019 1584 1064 vero
1636 997 1876 1086 ubique
1932 998 2220 1067 locorum
2279 999 2714 1089 tranquillitas
2767 1008 2832 1064 et
2887 999 3156 1087 dignum
3195 1002 3409 1068 Musis
3463 1002 3650 1068 silen-

793 1100 953 1163 tium
997 1098 1314 1163 custodiri
1357 1100 1593 1185 possit,
1642 1122 1772 1164 non
1813 1098 2008 1165 modo
2063 1102 2193 1186 ipsi
2235 1101 2628 1187 praeposito,
2671 1111 3003 1186 tamquam
3056 1101 3318 1187 collegii
3375 1113 3652 1188 patrono

710 1208 743 1261 5
798 1207 863 1262 et
902 1198 1093 1284 patri,
1140 1198 1433 1284 ipsisque
1476 1199 1615 1263 eius
1659 1197 1942 1284 collegis,
1995 1199 2224 1264 domus
2275 1200 2464 1267 huius
2507 1199 2828 1287 principis
2872 1208 2937 1265 et
2976 1199 3355 1265 academiae
3393 1203 3651 1267 nomine

793 1294 1169 1362 custodibus
1234 1297 1596 1383 perpetuis,
1660 1319 1842 1361 mera
1904 1307 2197 1384 potestas
2261 1310 2360 1364 est
2422 1297 2726 1366 monendi
2791 1298 3306 1387 castigandique.
3394 1299 3526 1366 Sed
3588 1311 3652 1365 et

789 1396 1088 1481 magistri
1150 1397 1388 1460 caeteri
1453 1405 1644 1482 atque
1705 1395 2004 1461 doctores
2063 1396 2315 1463 incolae
2381 1397 2695 1486 quicquid
2756 1406 2985 1463 contra
3044 1399 3251 1465 bonos
3312 1422 3528 1465 mores
3589 1411 3654 1464 et

789 1493 1129 1580 indignum
1173 1493 1398 1559 vident
1434 1493 1675 1559 factum
1719 1517 1865 1559 esse
1903 1504 2014 1560 aut
2055 1495 2219 1579 fieri,
2280 1507 2430 1562 ante
2474 1520 2593 1562 sua
2633 1498 3019 1584 praesertim
3061 1496 3420 1582 conclavia,
3477 1498 3650 1566 salu-

791 1595 993 1659 briter
1031 1592 1333 1659 monendi
1377 1601 1441 1657 et
1482 1592 2044 1679 repraehendendi
2096 1596 2198 1659 ius
2241 1617 2320 1660 ac
2365 1605 2771 1686 potestatem,
2829 1594 3061 1662 horum
3106 1605 3498 1663 statutorum
3538 1620 3651 1663 au·

710 1705 774 1759 10
792 1695 1107 1776 ctoritate,
1161 1691 1405 1758 habent
1446 1701 1510 1758 et
1549 1713 1867 1779 usurpare
1910 1694 2132 1780 eisque
2175 1716 2395 1760 omnes
2444 1697 2645 1761 ceteri
2697 1692 3154 1782 obtemperare
3206 1694 3457 1782 absque
3493 1687 3650 1763 *con-

789 1793 1073 1859 tumacia
1117 1791 1372 1858 debent.

1895 1905 1969 1980 [S.
1996 1903 2080 1978 48]
2118 1907 2345 1978 Caput
2378 1908 2536 1965 VIII.

1718 2060 1811 2107 nn
1857 2061 1946 2125 vl,
1988 2061 2230 2110 nanno
2273 2063 2365 2109 m·
2407 2061 2710 2110 munus.

956 2177 1100 2242 Non
1158 2174 1341 2240 licuit
1395 2196 1677 2262 unquam
1723 2175 1899 2262 apud
1954 2177 2235 2241 maiores
2284 2185 2544 2242 nostros
2601 2198 3009 2266 quemquam,
3068 2200 3150 2243 ne
3194 2199 3472 2264 puerum
3514 2181 3650 2267 qui·

708 2289 769 2344 15
788 2277 954 2359 dem,
1016 2273 1469 2362 quoquomodo
1522 2276 1591 2338 in
1646 2273 1916 2360 collegio
1973 2285 2341 2340 versantem
2403 2299 2600 2340 manu
2659 2275 2977 2342 violenter
3034 2279 3355 2363 attingere
3407 2280 3475 2341 in
3526 2277 3650 2344 hoc

787 2375 1090 2460 collegio,
1151 2373 1391 2439 mulcta
1452 2371 1536 2438 ob
1601 2372 1724 2438 hoc
1779 2373 1953 2438 dicta
2007 2374 2198 2438 unius
2259 2376 2455 2439 aurei.
2542 2375 2870 2463 Quicquid
2924 2376 3093 2440 enim
3149 2398 3424 2441 caussae
3481 2387 3652 2443 esset

788 2485 1079 2541 coortum
1124 2473 1292 2536 inter
1334 2470 1702 2558 inquilinos,
1763 2472 1832 2537 id
1891 2471 2013 2537 soli
2072 2477 2449 2560 praeposito
2494 2484 2560 2540 et
2604 2473 2881 2560 collegio
2923 2473 3306 2542 vindicandi
3346 2478 3451 2541 ius
3492 2478 3650 2542 inte-

786 2575 1137 2662 gerrimum
1184 2592 1439 2657 semper
1483 2571 1618 2637 fuit.
1701 2571 1885 2638 Ordo
1931 2573 2151 2658 itaque
2209 2574 2265 2637 is
2321 2573 2661 2657 tenebitur,
2717 2583 2786 2638 ut
2827 2574 3108 2638 offensus
3150 2585 3644 2662 praeceptorem

787 2671 1134 2760 petulantis
1179 2670 1365 2757 pueri
1409 2668 1920 2736 adolescentisve
1965 2672 2340 2754 conveniat3
2395 2674 2505 2759 qui
2550 2675 2605 2737 si
2664 2675 2924 2759 segnior
2972 2682 3270 2758 repertus
3311 2674 3526 2757 fuerit,
3566 2676 3643 2758 is,

704 2782 772 2838 20
792 2773 902 2861 qui
945 2771 1228 2836 offensus
1273 2776 1387 2850 est,
1431 2766 1517 2832 ad
1563 2767 1909 2854 collegium
1952 2773 2288 2838 recurrito.
2354 2772 2520 2836 Nam
2565 2772 2824 2859 plenam
2870 2774 3101 2859 cuique
3147 2771 3421 2859 collegio
3464 2774 3647 2838 iuris-

790 2870 1135 2936 dictionem
1199 2878 1262 2931 et
1313 2868 1385 2931 in
1440 2866 1562 2930 hoc
1620 2864 2249 2934 administrationem
2317 2873 2722 2958 praeposito,
2784 2880 3093 2958 tanquam
3163 2872 3645 2959 patrifamilias,

789 2965 1303 3036 conservandam
1361 2963 1445 3029 ab
1505 2967 1768 3052 antiquo
1832 2968 2110 3033 sancivit
2173 2977 2396 3035 nostra
2457 2970 2870 3053 universitas,
2929 2970 2985 3035 si
3049 2970 3232 3056 prius
3291 2994 3334 3036 a
3392 2981 3646 3039 rectore

784 3081 1202 3135 antevorsum
1240 3087 1370 3131 non
1409 3065 1650 3129 fuisset.

870 3234 877 3241 ,
949 3166 1327 3232 Percutiens
1363 3163 1466 3229 vel
1504 3163 1747 3229 iniuria
1774 3165 2006 3250 quavis
2042 3166 2333 3232 afficiens
2367 3170 2737 3256 quempiam
2772 3170 2842 3234 in
2882 3167 3181 3256 collegiO,
3211 3171 3389 3255 parti
3431 3167 3647 3237 laesae

699 3277 766 3333 25
787 3262 1147 3333 satisfaciat
1189 3277 1253 3328 et
1296 3263 1434 3328 luat
1473 3285 1752 3349 poenam
1793 3286 1877 3328 ex
1916 3262 2176 3331 decreto
2221 3266 2499 3352 collegii.

946 3365 1309 3450 Rumpens,
1368 3363 1679 3450 frangens
1733 3374 1847 3429 aut
1887 3365 2141 3430 violans
2200 3364 2476 3450 aliquid,
2529 3387 2909 3453 quocunque
2960 3365 3033 3431 id
3082 3367 3342 3432 nomine
3401 3368 3643 3454 signifi·

785 3466 924 3530 cari
976 3464 1215 3550 poterit
1264 3463 1334 3526 in
1377 3459 1669 3548 collegio,
1713 3461 2021 3527 damnum
2068 3463 2433 3549 praestabit
2475 3474 2541 3529 et
2581 3486 2859 3552 poenam
2915 3464 3049 3531 luet
3101 3487 3185 3531 ex
3230 3464 3462 3531 eodem
3520 3466 3642 3533 col-

780 3563 935 3650 legii
978 3561 1255 3628 decreto.

1918 3672 1994 3748 [S.
2032 3674 2113 3748 49]
2151 3675 2389 3747 Caput
2423 3677 2525 3732 IX.

696 3823 765 3879 30
1832 3828 2192 3877 CLAUSURA
2232 3828 2578 3880 OOLLEGII.

945 3942 1179 4007 Hieme
1223 3965 1415 4024 nona,
1460 3953 1707 4008 aestate
1751 3953 1815 4008 et
1852 3944 1920 4007 in
1961 3943 2270 4008 nundinis
2313 3944 2522 4010 tribus
2556 3963 2602 4010 x
2646 3944 2809 4010 hora
2840 3946 3214 4032 vespertina
3257 3955 3407 4021 (aut
3447 3949 3639 4035 paulo

784 4050 958 4131 post)
1004 4039 1323 4105 clauditor
1367 4039 1730 4127 collegium.
1800 4042 1930 4123 Qui
1975 4042 2276 4109 exclusus
2317 4041 2638 4129 pulsando
2682 4053 2792 4109 aut
2834 4042 3228 4109 clamoribus
3267 4045 3640 4134 fatigaverit

787 4160 1175 4229 quenquam,
1217 4139 1532 4227 postridie
1579 4140 1844 4206 multam
1889 4140 2224 4228 persolvat
2266 4165 2348 4207 ex
2391 4144 2710 4207 sententia
2753 4141 3028 4229 collegii,
3072 4164 3262 4228 quam
3305 4147 3640 4212 minimum

783 4238 1040 4306 dimidii
1082 4239 1283 4303 aurei.

695 4351 766 4407 35
952 4337 1082 4419 Qui
1136 4336 1451 4402 famulum
1502 4360 1904 4404 communem
1949 4341 2019 4405 vi
2062 4340 2349 4425 coegerit
2387 4339 2492 4403 vel
2535 4344 2814 4426 pecunia
2850 4345 3214 4429 corruperit
3252 4344 3341 4409 ad
3385 4356 3640 4433 portam

782 4461 899 4505 suo
942 4436 1214 4502 arbitrio
1258 4435 1769 4502 concludendam
1811 4449 1922 4504 aut
1964 4437 2402 4525 pandendam,
2445 4440 2642 4523 quive
2687 4438 2936 4505 clavem
2980 4448 3127 4506 astu
3169 4442 3256 4508 ad
3296 4444 3640 4532 collegium

777 4537 1096 4626 repererit
1159 4534 1578 4622 paraveritve
1589 4584 1608 4618 ,
1674 4546 1786 4601 aut
1853 4538 1965 4621 qui
2033 4557 2153 4624 per
2218 4535 2570 4603 fenestram
2642 4538 2973 4604 aditumve
3026 4540 3228 4606 ullum
3281 4543 3637 4631 irrepserit,

778 4638 909 4704 nisi
949 4657 1220 4724 prorsus
1265 4656 1300 4699 e
1346 4633 1619 4722 collegio
1663 4633 1818 4723 pelli
1858 4635 2063 4719 malit,
2108 4636 2297 4701 unius
2336 4638 2630 4703 renensis
2672 4636 2893 4704 florini
2936 4661 3215 4725 poenam
3259 4644 3595 4710 sustineat.

2031 4800 2266 4870 Caput
2297 4799 2368 4855 X

701 4947 768 5002 40
1688 4934 1691 4937 ’
1990 4953 2085 5000 m:
2128 4953 2421 5005 srumm.

946 5065 1323 5152 Caputhoc
1367 5065 1590 5131 definit
1633 5068 2164 5133 exercitationem
2210 5065 2590 5132 studiorum.
2637 5067 2846 5145 Quae,
2869 5089 3011 5130 cum
3060 5066 3364 5153 publicae
3406 5069 3633 5135 doctri-

780 5188 903 5230 nae
974 5166 1225 5229 ratione
1298 5166 1969 5251 compraehendantur
2047 5176 2111 5230 et
2179 5186 2219 5230 a
2295 5166 2570 5252 privatis
2637 5165 3170 5252 praeceptoribus
3246 5168 3633 5253 recolantur,

776 5264 1216 5352 unusquisque
1280 5275 1429 5329 ante
1493 5265 1710 5330 omnia
1771 5263 2043 5331 colendo
2106 5266 2415 5351 pietatem
2479 5274 2543 5329 et
2596 5262 2979 5351 religionem
3031 5266 3100 5330 in
3164 5262 3376 5353 di[5o]
3393 5270 3630 5349 scendo
