4038 6358
873 589 993 659 284
2014 599 2128 653 Das
2161 599 2566 666 Frauencolleg.

871 796 1004 839 non
1041 771 1198 840 velit
1246 774 1520 843 aedibus
1564 787 1677 843 aut
1724 778 1918 846 rebus
1960 779 2110 845 ullis
2153 780 2343 846 huius
2388 780 2645 868 collegii
2685 780 2972 868 propriis
3016 802 3251 846 nocere
3294 780 3786 864 damnumque

872 874 1111 938 inferre
1174 875 1384 940 sciens
1455 877 1602 944 dolo
1671 879 1865 963 malo,
1923 890 2016 963 et,
2077 882 2131 945 si
2189 879 2365 969 quod
2414 881 2790 966 cognoverit
2844 880 3312 968 resciveritque
3377 875 3784 965 periculum

872 971 996 1037 hac
1037 973 1107 1036 in
1148 983 1354 1060 parte,
1411 980 1695 1044 curatori
1748 980 1975 1045 statim
2018 979 2406 1065 significare.
2489 979 2836 1045 Promittet
2877 1000 3133 1067 quoque
3184 976 3585 1065 inquilinus
3641 977 3782 1064 qui·

874 1069 1053 1153 libet,
1099 1094 1168 1136 se
1210 1076 1692 1159 praestiturum,
1738 1080 1794 1143 si
1841 1078 1996 1166 quid
2044 1075 2131 1166 [5]
2178 1078 2483 1166 discipuli
2522 1078 2833 1144 famulive
2877 1078 3087 1164 ipsius
3114 1096 3535 1164 quocunque
3581 1074 3782 1146 modo

788 1181 821 1233 5
876 1168 1097 1235 damni
1140 1171 1416 1241 aedibus
1458 1174 1715 1262 collegii
1754 1176 1890 1242 ulla
1929 1179 1998 1243 in
2044 1188 2236 1265 parte
2274 1176 2589 1245 dederint.

1367 1373 1461 1422 DE
1504 1374 1649 1423 NON
1690 1375 2130 1428 RECIPIENDIS
2170 1376 2625 1427 FACINOROSIS
2666 1379 2758 1425 ET
2804 1377 3213 1426 OPIFICIBUS.

2080 1510 2404 1562 Statutum
2440 1511 2521 1561 11.

1042 1619 1114 1713 Si
1153 1620 1297 1706 quis
1335 1631 1754 1689 externorum
1796 1622 2061 1690 caedem
2105 1634 2217 1691 aut
2260 1624 2437 1690 aliud
2482 1624 2761 1713 capitale
2805 1647 2883 1690 ac
2926 1626 3253 1691 notorium
3292 1624 3578 1690 facinus
3625 1646 3770 1710 per-

873 1720 1165 1804 petrarit,
1218 1742 1362 1785 eum
1405 1744 1592 1788 nemo
1634 1746 1717 1788 ex
1770 1723 2104 1811 inquilinis
2153 1725 2364 1789 sciens
2410 1746 2488 1788 ac
2535 1723 2827 1789 consulto
2868 1723 3044 1810 apud
3100 1746 3168 1788 se
3210 1724 3610 1810 perfugium
3655 1720 3764 1787 ha-

794 1824 856 1880 10
878 1816 1028 1882 bere
1073 1818 1377 1904 patiatur,
1434 1843 1618 1886 suam
1669 1822 2136 1887 habitationem
2190 1821 2276 1888 ad
2327 1822 2452 1887 hoc
2512 1822 2608 1887 illi
2667 1822 2995 1888 offerendo
3052 1821 3533 1909 aperiendove.
3631 1820 3763 1901 Qui

871 1938 1056 1982 secus
1111 1917 1354 2001 fecerit,
1408 1921 1463 1983 is
1523 1919 1814 2006 collegio,
1872 1923 2124 2006 quoties
2167 1918 2253 2009 [6]
2300 1920 2369 1985 id
2411 1920 2657 2004 fecerit,
2706 1919 3012 1986 mulctam
3060 1922 3343 2008 quinque
3390 1919 3757 1986 ioachimi-

871 2038 1096 2081 corum
1136 2017 1501 2104 persolvito.
1555 2019 1983 2085 Prohibemus
2030 2021 2245 2102 etiam,
2285 2022 2353 2086 in
2394 2020 2866 2086 habitationum
2908 2019 3245 2085 conclavia
3287 2021 3509 2106 recipi
3557 2020 3759 2106 inque

870 2113 999 2179 illis
1057 2115 1265 2184 foveri
1325 2117 1590 2204 opifices
1649 2118 2147 2209 qualescunque.
2235 2119 2365 2200 Qui
2427 2130 2653 2186 contra
2722 2118 3067 2206 deliquerit
3118 2118 3424 2184 triduove
3498 2117 3755 2182 diutius

872 2213 1137 2297 foverit,
1190 2215 1559 2282 ioachimici
1618 2220 1808 2283 unius
1869 2219 2177 2284 mulctam
2239 2218 2494 2285 solvito.
2582 2219 2966 2306 Cauponam
3024 2239 3281 2305 quoque
3347 2218 3631 2304 aperire
3695 2225 3756 2280 et

794 2322 853 2374 15
874 2322 1177 2378 externos
1227 2336 1308 2379 ac
1349 2316 1639 2403 hospites
1685 2316 1771 2382 ad
1828 2339 1899 2383 se
1950 2319 2264 2405 recipere,
2317 2319 2445 2383 nisi
2498 2320 2936 2384 consentiente
2993 2326 3310 2399 curatore,
3367 2314 3547 2382 nulli
3605 2336 3750 2380 con-

871 2431 1128 2478 cessum
1168 2422 1282 2478 est.
1366 2414 1499 2495 Qui
1544 2437 1728 2481 secus
1766 2416 2010 2499 fecerit,
2054 2439 2268 2505 poena
2309 2414 2719 2484 coercebitur
2761 2414 3127 2502 arbitraria.

1628 2594 1718 2685 [S.
1761 2595 1824 2686 7]
1871 2616 1965 2664 DE
2009 2615 2389 2665 connuc'rn
2431 2613 2979 2666 memnonem,

2049 2751 2373 2802 statutum
2409 2751 2523 2801 111.

1042 2859 1248 2926 Sicuti
1303 2872 1563 2928 curator
1618 2865 1939 2929 neminem
1995 2866 2200 2930 invito
2245 2864 2517 2950 collegio
2561 2862 2648 2929 ad
2701 2861 2958 2949 collegii
3014 2860 3366 2929 incolatum
3421 2859 3741 2925 admittit:

794 2965 863 3022 20
881 2959 975 3023 ita
1045 2982 1298 3048 quoque
1358 2964 1523 3027 citra
1587 2966 1906 3029 curatoris
1969 2963 2367 3030 voluntatem
2426 2986 2505 3029 ac
2567 2984 2954 3028 consensum
3016 2984 3204 3027 nemo
3268 2958 3738 3024 habitationem

880 3056 1080 3123 ullam
1132 3079 1451 3146 usurpare
1508 3060 1718 3145 debet,
1774 3061 1957 3128 clave
2010 3062 2137 3129 sibi
2196 3086 2237 3128 a
2288 3073 2587 3128 curatore
2644 3084 2773 3127 non
2828 3060 3072 3126 tradita
3128 3069 3239 3125 aut
3292 3059 3558 3144 longius
3616 3078 3733 3121 non

875 3158 1195 3246 permissa
1239 3168 1303 3225 et
1340 3161 1599 3227 nomine
1642 3162 1825 3250 prius
1880 3162 2056 3251 apud
2109 3165 2324 3250 ipsum
2367 3186 2495 3228 non
2535 3161 2867 3248 inscripto,
2951 3160 3175 3248 Neque
3227 3159 3421 3224 liceat
3465 3156 3584 3222 ulli
3627 3178 3733 3221 suo

878 3257 1174 3342 arbitri0,
1228 3260 1572 3345 ignorante
1624 3272 1942 3345 curatore,
2000 3261 2481 3328 cohabitantem
2525 3262 2665 3326 sive
2710 3258 3233 3325 contubernalem
3277 3257 3568 3344 aliquem
3617 3255 3731 3320 sibi

881 3357 1269 3441 assciscere;
1315 3356 1514 3424 multo
1544 3361 1754 3426 minus
1784 3357 2269 3449 con[8]ductum
2309 3384 2350 3426 a
2392 3382 2460 3427 se
2501 3358 2810 3426 conclave
2852 3358 3040 3424 alteri
3085 3381 3204 3424 sua
3228 3357 3566 3425 voluntate
3594 3376 3731 3420 con-

794 3463 860 3521 2⁵
883 3455 1114 3521 cedere
1157 3465 1221 3521 et
1265 3480 1382 3545 per
1432 3482 1658 3524 manus
1702 3460 1980 3526 tradere.
2072 3460 2454 3548 Quicunque
2498 3459 2668 3524 enim
2705 3457 2831 3523 hoc
2872 3457 3119 3542 fecerit,
3171 3456 3280 3522 hic
3332 3457 3437 3521 ius
3489 3453 3728 3520 habita-

876 3556 1072 3621 tionis
1121 3556 1249 3621 sibi
1288 3557 1535 3623 nullum
1579 3559 1719 3624 fore
1764 3560 1947 3624 sciat.

1044 3656 1248 3721 Nemo
1302 3657 1499 3722 etiam
1554 3657 2016 3745 inquilinorum
2069 3659 2382 3725 famulum
2435 3656 2521 3722 ad
2583 3679 2652 3722 se
2709 3655 2986 3743 recipiat
3040 3653 3147 3720 vel
3206 3677 3424 3719 secum
3480 3652 3724 3735 habeat,

886 3778 1075 3843 quem
1119 3764 1190 3820 ut
1230 3757 1523 3842 recipere
1565 3755 1891 3823 habereve
1931 3759 1991 3824 ei
2051 3757 2278 3823 liceret
2333 3767 2594 3823 curator
2636 3778 2765 3822 non
2809 3755 3222 3838 concesserit,
3280 3764 3394 3820 aut
3435 3778 3626 3842 quem
3663 3760 3728 3816 ut

878 3853 1232 3919 dimitteret
1271 3855 1549 3920 iusserit.

795 3961 865 4018 30
1053 3952 1181 4034 Qui
1222 3953 1693 4020 habitationem
1736 3958 2144 4045 praescripto
2187 3955 2381 4022 modo
2426 3953 2756 4036 conduxit,
2808 3955 2887 4036 is,
2937 3962 3010 4017 ut
3047 3952 3221 4018 ultra
3272 3942 3533 4040 tempus
3590 3971 3723 4016 con·

881 4050 1205 4118 ductionis
1262 4076 1340 4118 ea
1389 4064 1627 4139 utatur,
1687 4056 1833 4142 cogi
1892 4078 2021 4121 non
2079 4055 2305 4138 debet3
2381 4054 2615 4140 quodsi
2678 4059 2906 4118 autem*
2964 4051 3320 4140 inquilinus
3388 4074 3458 4116 se
3525 4051 3720 4116 minus

881 4150 1284 4216 tolerabilem
1328 4161 1391 4218 et
1435 4153 1688 4219 statutis
1733 4151 2224 4243 mori[9]gerum
2278 4152 2621 4241 praebeat,
2678 4162 2938 4217 curator
2979 4161 3235 4239 tempus
3277 4150 3374 4215 illi
3419 4148 3718 4237 praescri-

883 4250 1039 4315 bere
1081 4260 1314 4337 potest,
1376 4275 1502 4340 quo
1548 4255 1836 4339 emigret.
1915 4254 2253 4319 Mercedes
2300 4251 2599 4318 definitas
2645 4274 2866 4318 omnes
2913 4250 3102 4316 huius
3145 4248 3400 4334 collegii
3443 4245 3720 4334 inquilini

845 4348 1128 4414 ‘debent
1183 4350 1555 4437 persolvere
1612 4356 1827 4440 prima
1884 4362 2209 4418 mercatus
2251 4352 2615 4439 Lipsiensis
2662 4351 3025 4438 septimana
3082 4346 3355 4435 singulis
3423 4345 3721 4413 semestri-

803 4458 871 4515 35
892 4448 1037 4532 bus,
1079 4471 1236 4514 vere
1280 4460 1343 4515 et
1397 4459 1723 4535 autumno,
1777 4475 1985 4539 neque
2041 4451 2422 4518 solutionem
2466 4450 2707 4515 diutius
2761 4458 2914 4536 post
2967 4442 3146 4512 illam
3202 4447 3419 4512 triduo
3465 4446 3717 4511 differre.

884 4548 1111 4614 Placet
1176 4560 1389 4617 autem
1402 4599 1420 4633 ,
1488 4553 1827 4616 semestris
1889 4553 2076 4616 iuxta
2134 4561 2464 4638 receptam
2527 4551 2596 4615 in
2663 4548 3006 4614 academia
3065 4546 3592 4612 consuetudinem
3642 4544 3721 4606 ita

882 4648 1243 4731 numerari,
1302 4658 1374 4714 ut
1435 4659 1745 4715 semestre
1800 4653 2118 4718 aestivum
2172 4650 2511 4714 inchoetur
2566 4671 2607 4713 a
2662 4645 3070 4735 paschalium
3126 4644 3562 4710 nundinarum
3611 4642 3718 4706 fine

885 4746 948 4811 h.
989 4769 1040 4811 e.
1122 4745 1468 4830 dominica,
1525 4771 1691 4836 quae
1747 4749 2026 4817 Cantate
2076 4749 2476 4838 appellatum
2532 4748 2895 4833 hybernum
2948 4767 3106 4810 vero
3161 4745 3440 4832 incipiat
3483 4739 3608 4831 [10]
3647 4738 3717 4805 ab

886 4845 999 4912 illa
1042 4845 1384 4929 dominica,
1426 4870 1595 4934 quae
1638 4848 1961 4913 nundinas
2006 4848 2412 4913 autumnales
2451 4846 2608 4911 finit.
3618 4929 3626 4936 ὑ

801 4956 870 5011 40
1053 4943 1184 5024 Qui
1225 4947 1505 5011 retinere
1550 4970 1731 5012 suam
1774 4946 2246 5012 habitationem
2285 4945 2462 5011 volet
2505 4944 2769 5026 diutius,
2827 4943 2884 5007 is
2942 4964 3162 5007 mense
3219 4951 3369 5006 ante
3419 4949 3716 5006 mercatus

884 5055 1020 5108 tam
1076 5045 1467 5110 autumnalis
1523 5069 1716 5134 quam
1768 5046 2054 5111 vernalis
2107 5048 2474 5133 ingressum
2516 5067 2644 5109 uno
2701 5064 2846 5106 eam
2901 5041 3111 5107 denuo
3156 5064 3196 5106 a
3237 5052 3539 5106 curatore
3593 5059 3714 5104 con·

891 5143 1103 5208 ducat.
1189 5143 1261 5208 Si
1315 5167 1445 5211 non
1500 5145 1887 5213 conduxerit
1942 5157 2007 5211 et
2068 5145 2256 5211 alteri
2308 5144 2422 5211 illa
2480 5145 2698 5209 locata
2750 5142 2962 5224 fuerit,
3017 5163 3146 5206 non
3201 5141 3440 5228 poterit
3494 5139 3576 5204 de
3616 5137 3718 5202 hoc

888 5241 999 5307 ille
1042 5246 1364 5331 conqueri.
1454 5243 1709 5326 Quodsi
1752 5245 1960 5312 denuo
2005 5256 2117 5311 aut
2159 5245 2449 5332 alioquin
2503 5241 2890 5308 conductam
2944 5239 3282 5328 possidere
3332 5239 3590 5326 longius
3625 5257 3713 5302 no·
