<?xml version="1.0" encoding="UTF-8"?>
<!DOCTYPE html PUBLIC "-//W3C//DTD XHTML 1.0 Transitional//EN"
    "http://www.w3.org/TR/xhtml1/DTD/xhtml1-transitional.dtd">
<html xmlns="http://www.w3.org/1999/xhtml" xml:lang="en" lang="en">
 <head>
  <title>
</title>
<meta http-equiv="Content-Type" content="text/html;charset=utf-8" />
  <meta name='ocr-system' content='tesseract 3.04.00' />
  <meta name='ocr-capabilities' content='ocr_page ocr_carea ocr_par ocr_line ocrx_word'/>
</head>
<body>
  <div class='ocr_page' id='page_1' title='image "./diestatutenbche02leipgoog_0256.png"; bbox 0 0 4038 6358; ppageno 0'>
   <div class='ocr_carea' id='block_1_1' title="bbox 847 581 2559 648">
    <p class='ocr_par' dir='ltr' id='par_1_1' title="bbox 847 581 2559 648">
     <span class='ocr_line' id='line_1_1' title="bbox 847 581 2559 648; baseline -0.006 -6"><span class='ocrx_word' id='word_1_1' title='bbox 847 585 968 648; x_wconf 83' lang='lat'><strong>240</strong></span> <span class='ocrx_word' id='word_1_2' title='bbox 1023 581 1040 597; x_wconf 80' lang='lat'>‘</span> <span class='ocrx_word' id='word_1_3' title='bbox 1996 584 2106 632; x_wconf 86' lang='lat' dir='ltr'><strong>Das</strong></span> <span class='ocrx_word' id='word_1_4' title='bbox 2141 582 2317 633; x_wconf 79' lang='lat' dir='ltr'><strong>kleine</strong></span> <span class='ocrx_word' id='word_1_5' title='bbox 2353 581 2559 646; x_wconf 78' lang='lat' dir='ltr'><strong>colleg.</strong></span> 
     </span>
    </p>
   </div>
   <div class='ocr_carea' id='block_1_2' title="bbox 779 756 3741 1646">
    <p class='ocr_par' dir='ltr' id='par_1_2' title="bbox 779 756 3741 1646">
     <span class='ocr_line' id='line_1_2' title="bbox 853 756 3741 852; baseline -0.001 -26"><span class='ocrx_word' id='word_1_6' title='bbox 853 785 991 827; x_wconf 90' lang='lat' dir='ltr'><strong>sam</strong></span> <span class='ocrx_word' id='word_1_7' title='bbox 1035 784 1165 827; x_wconf 92' lang='lat' dir='ltr'><strong>non</strong></span> <span class='ocrx_word' id='word_1_8' title='bbox 1203 761 1450 827; x_wconf 89' lang='lat' dir='ltr'><strong>habens</strong></span> <span class='ocrx_word' id='word_1_9' title='bbox 1494 785 1614 850; x_wconf 94' lang='lat' dir='ltr'><strong>pro</strong></span> <span class='ocrx_word' id='word_1_10' title='bbox 1661 762 1947 851; x_wconf 92' lang='lat' dir='ltr'><strong>qualibet</strong></span> <span class='ocrx_word' id='word_1_11' title='bbox 2001 766 2365 852; x_wconf 82' lang='lat' dir='ltr'>septimana</span> <span class='ocrx_word' id='word_1_12' title='bbox 2406 785 2603 828; x_wconf 91' lang='lat' dir='ltr'><strong>unum</strong></span> <span class='ocrx_word' id='word_1_13' title='bbox 2645 784 2946 848; x_wconf 88' lang='lat' dir='ltr'><strong>grossum</strong></span> <span class='ocrx_word' id='word_1_14' title='bbox 2990 760 3409 828; x_wconf 80' lang='lat' dir='ltr'><strong>effectualiter</strong></span> <span class='ocrx_word' id='word_1_15' title='bbox 3446 756 3741 848; x_wconf 79' lang='lat' dir='ltr'><strong>persol-</strong></span> 
     </span>
     <span class='ocr_line' id='line_1_3' title="bbox 846 860 1378 927; baseline 0 -2"><span class='ocrx_word' id='word_1_16' title='bbox 846 883 1000 927; x_wconf 86' lang='lat' dir='ltr'><strong>vere</strong></span> <span class='ocrx_word' id='word_1_17' title='bbox 1037 860 1378 926; x_wconf 79' lang='lat' dir='ltr'><strong>tenebitur.</strong></span> 
     </span>
     <span class='ocr_line' id='line_1_4' title="bbox 1021 960 3737 1049; baseline -0 -23"><span class='ocrx_word' id='word_1_18' title='bbox 1021 965 1116 1027; x_wconf 87' lang='lat'><strong>13.</strong></span> <span class='ocrx_word' id='word_1_19' title='bbox 1156 961 1318 1025; x_wconf 87' lang='lat' dir='ltr'><strong>Item</strong></span> <span class='ocrx_word' id='word_1_20' title='bbox 1347 973 1696 1032; x_wconf 86' lang='lat' dir='ltr'><strong>conventor</strong></span> <span class='ocrx_word' id='word_1_21' title='bbox 1723 973 1975 1027; x_wconf 88' lang='lat' dir='ltr'><strong>tenetur</strong></span> <span class='ocrx_word' id='word_1_22' title='bbox 2016 973 2082 1027; x_wconf 89' lang='lat' dir='ltr'><strong>et</strong></span> <span class='ocrx_word' id='word_1_23' title='bbox 2123 961 2316 1027; x_wconf 89' lang='lat' dir='ltr'><strong>debet</strong></span> <span class='ocrx_word' id='word_1_24' title='bbox 2360 960 2632 1047; x_wconf 90' lang='lat' dir='ltr'><strong>singulis</strong></span> <span class='ocrx_word' id='word_1_25' title='bbox 2675 961 3137 1027; x_wconf 76' lang='lat' dir='ltr'><strong>mutationibus</strong></span> <span class='ocrx_word' id='word_1_26' title='bbox 3181 971 3444 1049; x_wconf 80' lang='lat' dir='ltr'><strong>poenas‘</strong></span> <span class='ocrx_word' id='word_1_27' title='bbox 3465 969 3737 1026; x_wconf 77' lang='lat' dir='ltr'><strong>contra</strong></span> 
     </span>
     <span class='ocr_line' id='line_1_5' title="bbox 852 1059 3732 1148; baseline -0 -23"><span class='ocrx_word' id='word_1_28' title='bbox 852 1059 1255 1148; x_wconf 85' lang='lat' dir='ltr'><strong>praedictum</strong></span> <span class='ocrx_word' id='word_1_29' title='bbox 1298 1071 1609 1130; x_wconf 87' lang='lat' dir='ltr'><strong>statutum</strong></span> <span class='ocrx_word' id='word_1_30' title='bbox 1652 1061 2102 1127; x_wconf 82' lang='lat' dir='ltr'><strong>excedentium</strong></span> <span class='ocrx_word' id='word_1_31' title='bbox 2147 1060 2456 1147; x_wconf 80' lang='lat' dir='ltr'><strong>colligere</strong></span> <span class='ocrx_word' id='word_1_32' title='bbox 2507 1083 2586 1125; x_wconf 92' lang='lat' dir='ltr'><strong>ac</strong></span> <span class='ocrx_word' id='word_1_33' title='bbox 2629 1083 2928 1127; x_wconf 85' lang='lat' dir='ltr'><strong>emouere</strong></span> <span class='ocrx_word' id='word_1_34' title='bbox 2978 1060 3084 1126; x_wconf 86' lang='lat' dir='ltr'><strong>vel</strong></span> <span class='ocrx_word' id='word_1_35' title='bbox 3141 1083 3260 1148; x_wconf 89' lang='lat' dir='ltr'><strong>per</strong></span> <span class='ocrx_word' id='word_1_36' title='bbox 3321 1059 3732 1126; x_wconf 80' lang='lat' dir='ltr'><strong>collectores</strong></span> 
     </span>
     <span class='ocr_line' id='line_1_6' title="bbox 779 1157 3728 1247; baseline 0 -23"><span class='ocrx_word' id='word_1_37' title='bbox 779 1171 810 1224; x_wconf 88' lang='lat'>5</span> <span class='ocrx_word' id='word_1_38' title='bbox 864 1158 950 1225; x_wconf 97' lang='lat' dir='ltr'><strong>ad</strong></span> <span class='ocrx_word' id='word_1_39' title='bbox 1009 1158 1134 1224; x_wconf 88' lang='lat' dir='ltr'><strong>hoc</strong></span> <span class='ocrx_word' id='word_1_40' title='bbox 1199 1157 1539 1246; x_wconf 85' lang='lat' dir='ltr'><strong>deputatos</strong></span> <span class='ocrx_word' id='word_1_41' title='bbox 1601 1163 1817 1230; x_wconf 85' lang='lat' dir='ltr'><strong>facere</strong></span> <span class='ocrx_word' id='word_1_42' title='bbox 1878 1161 2097 1247; x_wconf 88' lang='lat' dir='ltr'><strong>colligi</strong></span> <span class='ocrx_word' id='word_1_43' title='bbox 2154 1184 2232 1225; x_wconf 92' lang='lat' dir='ltr'><strong>ac</strong></span> <span class='ocrx_word' id='word_1_44' title='bbox 2296 1161 2580 1225; x_wconf 88' lang='lat' dir='ltr'><strong>emoneri</strong></span> <span class='ocrx_word' id='word_1_45' title='bbox 2597 1210 2614 1242; x_wconf 95' lang='lat'><strong>,</strong></span> <span class='ocrx_word' id='word_1_46' title='bbox 2694 1170 2757 1225; x_wconf 92' lang='lat' dir='ltr'><strong>et</strong></span> <span class='ocrx_word' id='word_1_47' title='bbox 2820 1159 2982 1226; x_wconf 90' lang='lat' dir='ltr'><strong>duas</strong></span> <span class='ocrx_word' id='word_1_48' title='bbox 3044 1170 3265 1247; x_wconf 87' lang='lat' dir='ltr'><strong>partes</strong></span> <span class='ocrx_word' id='word_1_49' title='bbox 3324 1158 3728 1225; x_wconf 81' lang='lat' dir='ltr'><strong>huiusmodi</strong></span> 
     </span>
     <span class='ocr_line' id='line_1_7' title="bbox 856 1258 3728 1347; baseline 0 -23"><span class='ocrx_word' id='word_1_50' title='bbox 856 1282 1211 1347; x_wconf 88' lang='lat' dir='ltr'><strong>poenarum</strong></span> <span class='ocrx_word' id='word_1_51' title='bbox 1269 1282 1390 1346; x_wconf 92' lang='lat' dir='ltr'><strong>pro</strong></span> <span class='ocrx_word' id='word_1_52' title='bbox 1435 1260 1664 1326; x_wconf 86' lang='lat' dir='ltr'><strong>solatio</strong></span> <span class='ocrx_word' id='word_1_53' title='bbox 1709 1271 1772 1326; x_wconf 87' lang='lat' dir='ltr'><strong>et</strong></span> <span class='ocrx_word' id='word_1_54' title='bbox 1823 1262 2171 1326; x_wconf 86' lang='lat' dir='ltr'><strong>refectione</strong></span> <span class='ocrx_word' id='word_1_55' title='bbox 2214 1260 2715 1346; x_wconf 85' lang='lat' dir='ltr'><strong>suppositorum,</strong></span> <span class='ocrx_word' id='word_1_56' title='bbox 2772 1262 2840 1324; x_wconf 91' lang='lat' dir='ltr'><strong>in</strong></span> <span class='ocrx_word' id='word_1_57' title='bbox 2882 1259 3005 1325; x_wconf 92' lang='lat' dir='ltr'><strong>hoc</strong></span> <span class='ocrx_word' id='word_1_58' title='bbox 3047 1258 3319 1345; x_wconf 87' lang='lat' dir='ltr'><strong>collegio</strong></span> <span class='ocrx_word' id='word_1_59' title='bbox 3360 1262 3496 1325; x_wconf 90' lang='lat' dir='ltr'><strong>iura</strong></span> <span class='ocrx_word' id='word_1_60' title='bbox 3551 1259 3728 1324; x_wconf 88' lang='lat' dir='ltr'><strong>bur—</strong></span> 
     </span>
     <span class='ocr_line' id='line_1_8' title="bbox 854 1358 3722 1446; baseline -0.001 -21"><span class='ocrx_word' id='word_1_61' title='bbox 854 1358 1085 1425; x_wconf 89' lang='lat' dir='ltr'><strong>salium</strong></span> <span class='ocrx_word' id='word_1_62' title='bbox 1128 1358 1518 1441; x_wconf 77' lang='lat' dir='ltr'><strong>facientium,</strong></span> <span class='ocrx_word' id='word_1_63' title='bbox 1544 1359 1821 1425; x_wconf 88' lang='lat' dir='ltr'><strong>fideliter</strong></span> <span class='ocrx_word' id='word_1_64' title='bbox 1860 1383 2150 1446; x_wconf 88' lang='lat' dir='ltr'><strong>erogare,</strong></span> <span class='ocrx_word' id='word_1_65' title='bbox 2196 1359 2310 1425; x_wconf 90' lang='lat' dir='ltr'><strong>sed</strong></span> <span class='ocrx_word' id='word_1_66' title='bbox 2351 1360 2607 1424; x_wconf 80' lang='lat' dir='ltr'><strong>tertiam</strong></span> <span class='ocrx_word' id='word_1_67' title='bbox 2651 1369 2901 1446; x_wconf 87' lang='lat' dir='ltr'><strong>partem</strong></span> <span class='ocrx_word' id='word_1_68' title='bbox 2947 1358 3296 1424; x_wconf 86' lang='lat' dir='ltr'><strong>earundem</strong></span> <span class='ocrx_word' id='word_1_69' title='bbox 3339 1381 3722 1446; x_wconf 79' lang='lat' dir='ltr'><strong>poenarum</strong></span> 
     </span>
     <span class='ocr_line' id='line_1_9' title="bbox 856 1457 3722 1548; baseline 0 -24"><span class='ocrx_word' id='word_1_70' title='bbox 856 1484 975 1548; x_wconf 90' lang='lat' dir='ltr'><strong>pro</strong></span> <span class='ocrx_word' id='word_1_71' title='bbox 1020 1469 1344 1524; x_wconf 83' lang='lat' dir='ltr'><strong>structura</strong></span> <span class='ocrx_word' id='word_1_72' title='bbox 1391 1470 1452 1523; x_wconf 91' lang='lat' dir='ltr'><strong>et</strong></span> <span class='ocrx_word' id='word_1_73' title='bbox 1487 1459 1867 1525; x_wconf 89' lang='lat' dir='ltr'><strong>utensilibus</strong></span> <span class='ocrx_word' id='word_1_74' title='bbox 1908 1461 2219 1545; x_wconf 88' lang='lat' dir='ltr'><strong>coquinae</strong></span> <span class='ocrx_word' id='word_1_75' title='bbox 2262 1457 2754 1545; x_wconf 87' lang='lat' dir='ltr'><strong>expendendam</strong></span> <span class='ocrx_word' id='word_1_76' title='bbox 2798 1460 3174 1547; x_wconf 86' lang='lat' dir='ltr'><strong>praeposito</strong></span> <span class='ocrx_word' id='word_1_77' title='bbox 3216 1458 3469 1546; x_wconf 86' lang='lat' dir='ltr'><strong>collegii</strong></span> <span class='ocrx_word' id='word_1_78' title='bbox 3505 1461 3722 1524; x_wconf 80' lang='lat' dir='ltr'><strong>iuxta</strong></span> 
     </span>
     <span class='ocr_line' id='line_1_10' title="bbox 850 1557 2231 1646; baseline -0.002 -21"><span class='ocrx_word' id='word_1_79' title='bbox 850 1560 1181 1646; x_wconf 88' lang='lat' dir='ltr'><strong>antiquam</strong></span> <span class='ocrx_word' id='word_1_80' title='bbox 1225 1557 1746 1624; x_wconf 81' lang='lat' dir='ltr'><strong>consuetudinem</strong></span> <span class='ocrx_word' id='word_1_81' title='bbox 1790 1568 2231 1646; x_wconf 86' lang='lat' dir='ltr'><strong>praesentare.</strong></span> 
     </span>
    </p>
   </div>
   <div class='ocr_carea' id='block_1_3' title="bbox 774 1913 3702 2090">
    <p class='ocr_par' dir='ltr' id='par_1_3' title="bbox 774 1913 3702 2090">
     <span class='ocr_line' id='line_1_11' title="bbox 774 1913 3702 1991; baseline -0.002 -17"><span class='ocrx_word' id='word_1_82' title='bbox 774 1923 836 1979; x_wconf 89' lang='lat'><strong>10</strong></span> <span class='ocrx_word' id='word_1_83' title='bbox 1016 1915 1134 1974; x_wconf 75' lang='lat' dir='ltr'><strong>Die</strong></span> <span class='ocrx_word' id='word_1_84' title='bbox 1174 1916 1502 1991; x_wconf 77' lang='lat' dir='ltr'><strong>solqenden</strong></span> <span class='ocrx_word' id='word_1_85' title='bbox 1560 1914 1763 1973; x_wconf 78' lang='lat' dir='ltr'><strong>beiden</strong></span> <span class='ocrx_word' id='word_1_86' title='bbox 1816 1914 2262 1991; x_wconf 73' lang='lat' dir='ltr'><strong>Paraqrapken</strong></span> <span class='ocrx_word' id='word_1_87' title='bbox 2316 1914 2456 1971; x_wconf 78' lang='lat' dir='ltr'><strong>sind</strong></span> <span class='ocrx_word' id='word_1_88' title='bbox 2504 1932 2617 1970; x_wconf 74' lang='lat' dir='ltr'><strong>von</strong></span> <span class='ocrx_word' id='word_1_89' title='bbox 2672 1915 2934 1971; x_wconf 66' lang='lat' dir='ltr'><strong>andere-r</strong></span> <span class='ocrx_word' id='word_1_90' title='bbox 2985 1913 3180 1971; x_wconf 79' lang='lat' dir='ltr'><strong>Hand</strong></span> <span class='ocrx_word' id='word_1_91' title='bbox 3232 1913 3702 1988; x_wconf 71' lang='lat' dir='ltr'><strong>nachyetraqen,</strong></span> 
     </span>
     <span class='ocr_line' id='line_1_12' title="bbox 848 2012 3699 2090; baseline -0.002 -16"><span class='ocrx_word' id='word_1_92' title='bbox 848 2018 994 2075; x_wconf 78' lang='lat' dir='ltr'><strong>ohne</strong></span> <span class='ocrx_word' id='word_1_93' title='bbox 1036 2014 1381 2090; x_wconf 69' lang='lat' dir='ltr'><strong>Beisic‘qunq</strong></span> <span class='ocrx_word' id='word_1_94' title='bbox 1423 2012 1587 2071; x_wconf 79' lang='lat' dir='ltr'><strong>einer</strong></span> <span class='ocrx_word' id='word_1_95' title='bbox 1626 2013 2026 2084; x_wconf 71' lang='lat' dir='ltr'><strong>Jakreszakl;</strong></span> <span class='ocrx_word' id='word_1_96' title='bbox 2083 2014 2229 2072; x_wconf 70' lang='lat' dir='ltr'><strong>doch</strong></span> <span class='ocrx_word' id='word_1_97' title='bbox 2272 2015 2377 2072; x_wconf 82' lang='lat' dir='ltr'><strong>Izat</strong></span> <span class='ocrx_word' id='word_1_98' title='bbox 2418 2014 2516 2070; x_wconf 82' lang='grc' dir='ltr'><strong>ΒΖ.</strong></span> <span class='ocrx_word' id='word_1_99' title='bbox 2561 2014 2639 2075; x_wconf 83' lang='grc'><strong>26</strong></span> <span class='ocrx_word' id='word_1_100' title='bbox 2667 2012 2928 2070; x_wconf 62' lang='lat' dir='ltr'><strong>die-sellie</strong></span> <span class='ocrx_word' id='word_1_101' title='bbox 2961 2013 3158 2070; x_wconf 78' lang='lat' dir='ltr'><strong>Hand</strong></span> <span class='ocrx_word' id='word_1_102' title='bbox 3195 2012 3545 2071; x_wconf 60' lang='lat' dir='ltr'><strong>Besalem-sse</strong></span> <span class='ocrx_word' id='word_1_103' title='bbox 3583 2013 3699 2069; x_wconf 71' lang='lat' dir='ltr'><strong>des</strong></span> 
     </span>
    </p>
   </div>
   <div class='ocr_carea' id='block_1_4' title="bbox 844 2112 1708 2189">
    <p class='ocr_par' dir='ltr' id='par_1_4' title="bbox 844 2112 1708 2189">
     <span class='ocr_line' id='line_1_13' title="bbox 844 2112 1708 2189; baseline -0.001 -15"><span class='ocrx_word' id='word_1_104' title='bbox 844 2116 1067 2174; x_wconf 75' lang='lat' dir='ltr'><strong>Jakres</strong></span> <span class='ocrx_word' id='word_1_105' title='bbox 1116 2115 1272 2177; x_wconf 84' lang='lat'>1537</span> <span class='ocrx_word' id='word_1_106' title='bbox 1314 2112 1708 2189; x_wconf 73' lang='lat' dir='ltr'><strong>einyetrayen.</strong></span> 
     </span>
    </p>
   </div>
   <div class='ocr_carea' id='block_1_5' title="bbox 769 2254 3694 2640">
    <p class='ocr_par' dir='ltr' id='par_1_5' title="bbox 1020 2254 3694 2345">
     <span class='ocr_line' id='line_1_14' title="bbox 1020 2254 3694 2345; baseline -0.001 -21"><span class='ocrx_word' id='word_1_107' title='bbox 1020 2269 1113 2329; x_wconf 88' lang='lat'><strong>14.</strong></span> <span class='ocrx_word' id='word_1_108' title='bbox 1171 2255 1293 2345; x_wconf 90' lang='lat' dir='ltr'><strong>[Bl.</strong></span> <span class='ocrx_word' id='word_1_109' title='bbox 1338 2254 1476 2343; x_wconf 71' lang='lat'>17⁸]</span> <span class='ocrx_word' id='word_1_110' title='bbox 1532 2257 1696 2322; x_wconf 90' lang='lat' dir='ltr'><strong>Item</strong></span> <span class='ocrx_word' id='word_1_111' title='bbox 1759 2258 2002 2345; x_wconf 89' lang='lat' dir='ltr'><strong>placet,</strong></span> <span class='ocrx_word' id='word_1_112' title='bbox 2067 2256 2239 2344; x_wconf 93' lang='lat' dir='ltr'><strong>quod</strong></span> <span class='ocrx_word' id='word_1_113' title='bbox 2291 2257 2503 2323; x_wconf 89' lang='lat' dir='ltr'><strong>nullus</strong></span> <span class='ocrx_word' id='word_1_114' title='bbox 2560 2258 3087 2324; x_wconf 86' lang='lat' dir='ltr'><strong>scholasticorum</strong></span> <span class='ocrx_word' id='word_1_115' title='bbox 3141 2258 3209 2322; x_wconf 91' lang='lat' dir='ltr'><strong>in</strong></span> <span class='ocrx_word' id='word_1_116' title='bbox 3266 2257 3535 2344; x_wconf 90' lang='lat' dir='ltr'><strong>collegio</strong></span> <span class='ocrx_word' id='word_1_117' title='bbox 3583 2256 3694 2320; x_wconf 77' lang='lat' dir='ltr'><strong>vel</strong></span> 
     </span>
    </p>

    <p class='ocr_par' dir='ltr' id='par_1_6' title="bbox 769 2355 3687 2640">
     <span class='ocr_line' id='line_1_15' title="bbox 849 2355 3687 2444; baseline -0.002 -17"><span class='ocrx_word' id='word_1_118' title='bbox 849 2365 1033 2427; x_wconf 88' lang='lat' dir='ltr'><strong>iuxta</strong></span> <span class='ocrx_word' id='word_1_119' title='bbox 1069 2357 1408 2444; x_wconf 88' lang='lat' dir='ltr'><strong>collegium</strong></span> <span class='ocrx_word' id='word_1_120' title='bbox 1465 2357 1821 2422; x_wconf 77' lang='lat' dir='ltr'><strong>scurriliter</strong></span> <span class='ocrx_word' id='word_1_121' title='bbox 1875 2357 2164 2439; x_wconf 86' lang='lat' dir='ltr'><strong>incedat,</strong></span> <span class='ocrx_word' id='word_1_122' title='bbox 2221 2367 2375 2444; x_wconf 88' lang='lat' dir='ltr'><strong>puta</strong></span> <span class='ocrx_word' id='word_1_123' title='bbox 2419 2359 2485 2421; x_wconf 90' lang='lat' dir='ltr'><strong>in</strong></span> <span class='ocrx_word' id='word_1_124' title='bbox 2535 2355 2825 2444; x_wconf 91' lang='lat' dir='ltr'><strong>diploide</strong></span> <span class='ocrx_word' id='word_1_125' title='bbox 2870 2367 2932 2422; x_wconf 91' lang='lat' dir='ltr'><strong>et</strong></span> <span class='ocrx_word' id='word_1_126' title='bbox 2971 2355 3307 2422; x_wconf 87' lang='lat' dir='ltr'><strong>tibialibus</strong></span> <span class='ocrx_word' id='word_1_127' title='bbox 3351 2356 3687 2438; x_wconf 82' lang='lat' dir='ltr'><strong>duntaxat,</strong></span> 
     </span>
     <span class='ocr_line' id='line_1_16' title="bbox 769 2455 3685 2542; baseline -0.003 -15"><span class='ocrx_word' id='word_1_128' title='bbox 769 2473 830 2527; x_wconf 86' lang='lat'><strong>15</strong></span> <span class='ocrx_word' id='word_1_129' title='bbox 852 2464 989 2526; x_wconf 90' lang='lat' dir='ltr'><strong>sine</strong></span> <span class='ocrx_word' id='word_1_130' title='bbox 1035 2457 1358 2540; x_wconf 86' lang='lat' dir='ltr'><strong>tunicella,</strong></span> <span class='ocrx_word' id='word_1_131' title='bbox 1413 2462 1482 2521; x_wconf 89' lang='lat' dir='ltr'><strong>in</strong></span> <span class='ocrx_word' id='word_1_132' title='bbox 1525 2456 1806 2521; x_wconf 82' lang='lat' dir='ltr'><strong>dedecus</strong></span> <span class='ocrx_word' id='word_1_133' title='bbox 1850 2456 2105 2542; x_wconf 89' lang='lat' dir='ltr'><strong>collegii</strong></span> <span class='ocrx_word' id='word_1_134' title='bbox 2161 2465 2224 2520; x_wconf 91' lang='lat' dir='ltr'><strong>et</strong></span> <span class='ocrx_word' id='word_1_135' title='bbox 2267 2456 2643 2521; x_wconf 90' lang='lat' dir='ltr'><strong>scandalum</strong></span> <span class='ocrx_word' id='word_1_136' title='bbox 2684 2457 3014 2542; x_wconf 85' lang='lat' dir='ltr'><strong>virginum</strong></span> <span class='ocrx_word' id='word_1_137' title='bbox 3057 2466 3120 2520; x_wconf 91' lang='lat' dir='ltr'><strong>et</strong></span> <span class='ocrx_word' id='word_1_138' title='bbox 3165 2455 3505 2520; x_wconf 85' lang='lat' dir='ltr'><strong>mulierum</strong></span> <span class='ocrx_word' id='word_1_139' title='bbox 3543 2477 3685 2519; x_wconf 89' lang='lat' dir='ltr'><strong>nec-</strong></span> 
     </span>
     <span class='ocr_line' id='line_1_17' title="bbox 846 2553 3681 2640; baseline -0.002 -15"><span class='ocrx_word' id='word_1_140' title='bbox 846 2583 975 2625; x_wconf 94' lang='lat' dir='ltr'><strong>non</strong></span> <span class='ocrx_word' id='word_1_141' title='bbox 1014 2568 1371 2624; x_wconf 90' lang='lat' dir='ltr'><strong>ceterorum</strong></span> <span class='ocrx_word' id='word_1_142' title='bbox 1414 2555 1830 2621; x_wconf 89' lang='lat' dir='ltr'><strong>bonestorum</strong></span> <span class='ocrx_word' id='word_1_143' title='bbox 1870 2554 2201 2621; x_wconf 86' lang='lat' dir='ltr'><strong>hominum</strong></span> <span class='ocrx_word' id='word_1_144' title='bbox 2242 2557 2616 2621; x_wconf 81' lang='lat' dir='ltr'><strong>intrantium</strong></span> <span class='ocrx_word' id='word_1_145' title='bbox 2660 2567 2724 2620; x_wconf 91' lang='lat' dir='ltr'><strong>et</strong></span> <span class='ocrx_word' id='word_1_146' title='bbox 2768 2557 3136 2622; x_wconf 88' lang='lat' dir='ltr'><strong>exeuntium</strong></span> <span class='ocrx_word' id='word_1_147' title='bbox 3170 2554 3530 2640; x_wconf 85' lang='lat' dir='ltr'><strong>collegium,</strong></span> <span class='ocrx_word' id='word_1_148' title='bbox 3570 2553 3681 2619; x_wconf 86' lang='lat' dir='ltr'><strong>sub</strong></span> 
     </span>
    </p>
   </div>
   <div class='ocr_carea' id='block_1_6' title="bbox 848 2659 3679 2842">
    <p class='ocr_par' dir='ltr' id='par_1_7' title="bbox 848 2659 3679 2842">
     <span class='ocr_line' id='line_1_18' title="bbox 848 2659 1812 2747; baseline -0.007 -22"><span class='ocrx_word' id='word_1_149' title='bbox 848 2682 1057 2747; x_wconf 88' lang='lat' dir='ltr'><strong>poena</strong></span> <span class='ocrx_word' id='word_1_150' title='bbox 1098 2659 1379 2746; x_wconf 89' lang='lat' dir='ltr'><strong>quinque</strong></span> <span class='ocrx_word' id='word_1_151' title='bbox 1422 2677 1812 2741; x_wconf 87' lang='lat' dir='ltr'><strong>grossorum.</strong></span> 
     </span>
     <span class='ocr_line' id='line_1_19' title="bbox 1017 2752 3679 2842; baseline -0.002 -19"><span class='ocrx_word' id='word_1_152' title='bbox 1017 2764 1112 2823; x_wconf 87' lang='grc'><strong>15.</strong></span> <span class='ocrx_word' id='word_1_153' title='bbox 1173 2757 1333 2821; x_wconf 88' lang='lat' dir='ltr'><strong>Item</strong></span> <span class='ocrx_word' id='word_1_154' title='bbox 1390 2754 1633 2841; x_wconf 88' lang='lat' dir='ltr'><strong>placet,</strong></span> <span class='ocrx_word' id='word_1_155' title='bbox 1691 2752 1863 2841; x_wconf 92' lang='lat' dir='ltr'><strong>quod</strong></span> <span class='ocrx_word' id='word_1_156' title='bbox 1903 2753 2117 2818; x_wconf 90' lang='lat' dir='ltr'><strong>nullus</strong></span> <span class='ocrx_word' id='word_1_157' title='bbox 2160 2753 2687 2819; x_wconf 87' lang='lat' dir='ltr'><strong>scholasticorum</strong></span> <span class='ocrx_word' id='word_1_158' title='bbox 2731 2755 2903 2820; x_wconf 86' lang='lat' dir='ltr'><strong>intra</strong></span> <span class='ocrx_word' id='word_1_159' title='bbox 2942 2752 3047 2818; x_wconf 85' lang='lat' dir='ltr'><strong>vel</strong></span> <span class='ocrx_word' id='word_1_160' title='bbox 3103 2776 3310 2842; x_wconf 90' lang='lat' dir='ltr'><strong>prope</strong></span> <span class='ocrx_word' id='word_1_161' title='bbox 3354 2752 3679 2840; x_wconf 87' lang='lat' dir='ltr'><strong>collegium</strong></span> 
     </span>
    </p>
   </div>
   <div class='ocr_carea' id='block_1_7' title="bbox 767 2851 3679 3340">
    <p class='ocr_par' dir='ltr' id='par_1_8' title="bbox 767 2851 3679 3340">
     <span class='ocr_line' id='line_1_20' title="bbox 854 2851 3678 2943; baseline -0.003 -20"><span class='ocrx_word' id='word_1_162' title='bbox 854 2866 1155 2923; x_wconf 88' lang='lat' dir='ltr'><strong>exerceat</strong></span> <span class='ocrx_word' id='word_1_163' title='bbox 1199 2876 1610 2943; x_wconf 84' lang='lat' dir='ltr'><strong>quoscunque</strong></span> <span class='ocrx_word' id='word_1_164' title='bbox 1665 2852 1854 2918; x_wconf 91' lang='lat' dir='ltr'><strong>ludos</strong></span> <span class='ocrx_word' id='word_1_165' title='bbox 1899 2852 2272 2939; x_wconf 87' lang='lat' dir='ltr'><strong>prophanos</strong></span> <span class='ocrx_word' id='word_1_166' title='bbox 2318 2865 2430 2918; x_wconf 89' lang='lat' dir='ltr'><strong>aut</strong></span> <span class='ocrx_word' id='word_1_167' title='bbox 2472 2853 2805 2918; x_wconf 89' lang='lat' dir='ltr'><strong>discursus</strong></span> <span class='ocrx_word' id='word_1_168' title='bbox 2848 2853 3261 2918; x_wconf 86' lang='lat' dir='ltr'><strong>immodestos</strong></span> <span class='ocrx_word' id='word_1_169' title='bbox 3308 2874 3424 2916; x_wconf 91' lang='lat' dir='ltr'><strong>seu</strong></span> <span class='ocrx_word' id='word_1_170' title='bbox 3461 2851 3678 2916; x_wconf 84' lang='lat' dir='ltr'><strong>boatus</strong></span> 
     </span>
     <span class='ocr_line' id='line_1_21' title="bbox 767 2950 3676 3039; baseline -0.004 -15"><span class='ocrx_word' id='word_1_171' title='bbox 767 2957 1006 3024; x_wconf 66' lang='lat' dir='ltr'><strong>medat</strong></span> <span class='ocrx_word' id='word_1_172' title='bbox 1045 2955 1437 3034; x_wconf 85' lang='lat' dir='ltr'><strong>horrisonos,</strong></span> <span class='ocrx_word' id='word_1_173' title='bbox 1483 2952 1915 3018; x_wconf 88' lang='lat' dir='ltr'><strong>studiosorum</strong></span> <span class='ocrx_word' id='word_1_174' title='bbox 1958 2950 2449 3017; x_wconf 75' lang='lat' dir='ltr'><strong>inter-turbando</strong></span> <span class='ocrx_word' id='word_1_175' title='bbox 2489 2954 2769 3038; x_wconf 89' lang='lat' dir='ltr'><strong>negotia,</strong></span> <span class='ocrx_word' id='word_1_176' title='bbox 2812 2954 2879 3016; x_wconf 89' lang='lat' dir='ltr'><strong>in</strong></span> <span class='ocrx_word' id='word_1_177' title='bbox 2920 2953 3019 3016; x_wconf 89' lang='lat' dir='ltr'><strong>sui</strong></span> <span class='ocrx_word' id='word_1_178' title='bbox 3061 2961 3253 3039; x_wconf 86' lang='lat' dir='ltr'><strong>atque</strong></span> <span class='ocrx_word' id='word_1_179' title='bbox 3282 2951 3482 3015; x_wconf 86' lang='lat' dir='ltr'><strong>totius</strong></span> <span class='ocrx_word' id='word_1_180' title='bbox 3525 2972 3676 3015; x_wconf 89' lang='lat' dir='ltr'><strong>com·</strong></span> 
     </span>
     <span class='ocr_line' id='line_1_22' title="bbox 849 3049 3676 3139; baseline -0.003 -17"><span class='ocrx_word' id='word_1_181' title='bbox 849 3056 1179 3122; x_wconf 87' lang='lat' dir='ltr'><strong>munitatis</strong></span> <span class='ocrx_word' id='word_1_182' title='bbox 1205 3049 1631 3139; x_wconf 87' lang='lat' dir='ltr'><strong>dispendium,</strong></span> <span class='ocrx_word' id='word_1_183' title='bbox 1678 3050 1798 3120; x_wconf 83' lang='lat' dir='ltr'><strong>sub</strong></span> <span class='ocrx_word' id='word_1_184' title='bbox 1842 3074 2054 3138; x_wconf 90' lang='lat' dir='ltr'><strong>poena</strong></span> <span class='ocrx_word' id='word_1_185' title='bbox 2098 3060 2345 3137; x_wconf 86' lang='lat' dir='ltr'><strong>septem</strong></span> <span class='ocrx_word' id='word_1_186' title='bbox 2387 3074 2779 3137; x_wconf 89' lang='lat' dir='ltr'><strong>grossorum,</strong></span> <span class='ocrx_word' id='word_1_187' title='bbox 2825 3051 3095 3136; x_wconf 88' lang='lat' dir='ltr'><strong>collegio</strong></span> <span class='ocrx_word' id='word_1_188' title='bbox 3138 3049 3676 3131; x_wconf 87' lang='lat' dir='ltr'><strong>irremissibiliter,</strong></span> 
     </span>
     <span class='ocr_line' id='line_1_23' title="bbox 850 3149 3678 3246; baseline -0.003 -24"><span class='ocrx_word' id='word_1_189' title='bbox 850 3158 1356 3246; x_wconf 85' lang='lat' dir='ltr'><strong>quotiescunque</strong></span> <span class='ocrx_word' id='word_1_190' title='bbox 1398 3151 1679 3238; x_wconf 89' lang='lat' dir='ltr'><strong>aliquem</strong></span> <span class='ocrx_word' id='word_1_191' title='bbox 1708 3149 2022 3216; x_wconf 86' lang='lat' dir='ltr'><strong>excedere</strong></span> <span class='ocrx_word' id='word_1_192' title='bbox 2064 3151 2426 3237; x_wconf 88' lang='lat' dir='ltr'><strong>contigerit,</strong></span> <span class='ocrx_word' id='word_1_193' title='bbox 2471 3151 3062 3239; x_wconf 85' lang='lat' dir='ltr'><strong>persolvendorum,</strong></span> <span class='ocrx_word' id='word_1_194' title='bbox 3101 3160 3176 3216; x_wconf 88' lang='lat' dir='ltr'><strong>ut</strong></span> <span class='ocrx_word' id='word_1_195' title='bbox 3206 3150 3300 3216; x_wconf 88' lang='lat' dir='ltr'><strong>sic</strong></span> <span class='ocrx_word' id='word_1_196' title='bbox 3329 3170 3469 3237; x_wconf 88' lang='lat' dir='ltr'><strong>pax</strong></span> <span class='ocrx_word' id='word_1_197' title='bbox 3500 3158 3678 3234; x_wconf 87' lang='lat' dir='ltr'><strong>atque</strong></span> 
     </span>
     <span class='ocr_line' id='line_1_24' title="bbox 853 3248 3679 3340; baseline -0.004 -17"><span class='ocrx_word' id='word_1_198' title='bbox 853 3258 1213 3323; x_wconf 87' lang='lat' dir='ltr'><strong>animorum</strong></span> <span class='ocrx_word' id='word_1_199' title='bbox 1268 3250 1720 3340; x_wconf 85' lang='lat' dir='ltr'><strong>tranquillitas,</strong></span> <span class='ocrx_word' id='word_1_200' title='bbox 1775 3249 2009 3337; x_wconf 88' lang='lat' dir='ltr'><strong>quibus</strong></span> <span class='ocrx_word' id='word_1_201' title='bbox 2063 3252 2345 3316; x_wconf 88' lang='lat' dir='ltr'><strong>maxime</strong></span> <span class='ocrx_word' id='word_1_202' title='bbox 2391 3251 2708 3316; x_wconf 91' lang='lat' dir='ltr'><strong>bonarum</strong></span> <span class='ocrx_word' id='word_1_203' title='bbox 2766 3252 3002 3316; x_wconf 88' lang='lat' dir='ltr'><strong>artium</strong></span> <span class='ocrx_word' id='word_1_204' title='bbox 3058 3248 3486 3315; x_wconf 88' lang='lat' dir='ltr'><strong>sectatoribus</strong></span> <span class='ocrx_word' id='word_1_205' title='bbox 3530 3270 3679 3336; x_wconf 87' lang='lat' dir='ltr'><strong>opus</strong></span> 
     </span>
    </p>
   </div>
   <div class='ocr_carea' id='block_1_8' title="bbox 848 3351 1953 3439">
    <p class='ocr_par' dir='ltr' id='par_1_9' title="bbox 848 3351 1953 3439">
     <span class='ocr_line' id='line_1_25' title="bbox 848 3351 1953 3439; baseline -0.005 -19"><span class='ocrx_word' id='word_1_206' title='bbox 848 3366 965 3437; x_wconf 88' lang='lat' dir='ltr'><strong>est,</strong></span> <span class='ocrx_word' id='word_1_207' title='bbox 1006 3352 1198 3439; x_wconf 90' lang='lat' dir='ltr'><strong>longe</strong></span> <span class='ocrx_word' id='word_1_208' title='bbox 1239 3351 1499 3438; x_wconf 90' lang='lat' dir='ltr'><strong>lateque</strong></span> <span class='ocrx_word' id='word_1_209' title='bbox 1540 3359 1953 3438; x_wconf 87' lang='lat' dir='ltr'><strong>propagetur.</strong></span> 
     </span>
    </p>
   </div>
   <div class='ocr_carea' id='block_1_9' title="bbox 762 3710 3684 3900">
    <p class='ocr_par' dir='ltr' id='par_1_10' title="bbox 762 3710 3684 3900">
     <span class='ocr_line' id='line_1_26' title="bbox 762 3710 3684 3798; baseline -0.003 -12"><span class='ocrx_word' id='word_1_210' title='bbox 762 3737 828 3793; x_wconf 83' lang='lat'><strong>25</strong></span> <span class='ocrx_word' id='word_1_211' title='bbox 1018 3727 1130 3786; x_wconf 82' lang='lat' dir='ltr'><strong>Die</strong></span> <span class='ocrx_word' id='word_1_212' title='bbox 1171 3710 1487 3786; x_wconf 62' lang='lat' dir='ltr'><strong>Radkseite</strong></span> <span class='ocrx_word' id='word_1_213' title='bbox 1528 3726 1654 3782; x_wconf 78' lang='lat' dir='ltr'><strong>und</strong></span> <span class='ocrx_word' id='word_1_214' title='bbox 1694 3725 1790 3782; x_wconf 80' lang='grc' dir='ltr'><strong>ΒΖ.</strong></span> <span class='ocrx_word' id='word_1_215' title='bbox 1838 3722 2078 3788; x_wconf 82' lang='grc'><strong>18-20</strong></span> <span class='ocrx_word' id='word_1_216' title='bbox 2135 3720 2271 3780; x_wconf 79' lang='lat' dir='ltr'><strong>incl.</strong></span> <span class='ocrx_word' id='word_1_217' title='bbox 2330 3720 2470 3779; x_wconf 78' lang='lat' dir='ltr'><strong>sind</strong></span> <span class='ocrx_word' id='word_1_218' title='bbox 2524 3723 2646 3779; x_wconf 81' lang='lat' dir='ltr'><strong>leer</strong></span> <span class='ocrx_word' id='word_1_219' title='bbox 2682 3721 2990 3797; x_wconf 75' lang='lat' dir='ltr'><strong>yeblieben.</strong></span> <span class='ocrx_word' id='word_1_220' title='bbox 3075 3721 3262 3779; x_wconf 73' lang='lat' dir='ltr'><strong>Danu</strong></span> <span class='ocrx_word' id='word_1_221' title='bbox 3318 3720 3559 3798; x_wconf 72' lang='lat' dir='ltr'><strong>beqivmt</strong></span> <span class='ocrx_word' id='word_1_222' title='bbox 3597 3719 3684 3777; x_wconf 76' lang='lat' dir='ltr'><strong>die</strong></span> 
     </span>
     <span class='ocr_line' id='line_1_27' title="bbox 849 3819 3048 3900; baseline -0.004 -12"><span class='ocrx_word' id='word_1_223' title='bbox 849 3829 1031 3888; x_wconf 71' lang='lat' dir='ltr'><strong>dritta</strong></span> <span class='ocrx_word' id='word_1_224' title='bbox 1072 3822 1472 3900; x_wconf 73' lang='lat' dir='ltr'><strong>Abtheilun91,</strong></span> <span class='ocrx_word' id='word_1_225' title='bbox 1511 3823 1825 3882; x_wconf 75' lang='lat' dir='ltr'><strong>wieder-um</strong></span> <span class='ocrx_word' id='word_1_226' title='bbox 1867 3841 1982 3881; x_wconf 79' lang='lat' dir='ltr'><strong>von</strong></span> <span class='ocrx_word' id='word_1_227' title='bbox 2023 3821 2157 3879; x_wconf 75' lang='lat' dir='ltr'><em>Jok.</em></span> <span class='ocrx_word' id='word_1_228' title='bbox 2201 3819 2397 3878; x_wconf 74' lang='lat' dir='ltr'><strong>Fabri</strong></span> <span class='ocrx_word' id='word_1_229' title='bbox 2437 3820 2612 3879; x_wconf 74' lang='lat' dir='ltr'><strong>selbst</strong></span> <span class='ocrx_word' id='word_1_230' title='bbox 2655 3824 3048 3896; x_wconf 73' lang='lat' dir='ltr'><strong>anyqfanqen.</strong></span> 
     </span>
    </p>
   </div>
   <div class='ocr_carea' id='block_1_10' title="bbox 859 3984 3680 4151">
    <p class='ocr_par' dir='ltr' id='par_1_11' title="bbox 859 3984 3680 4151">
     <span class='ocr_line' id='line_1_28' title="bbox 859 3984 3680 4077; baseline -0.004 -20"><span class='ocrx_word' id='word_1_231' title='bbox 859 3999 911 4057; x_wconf 91' lang='lat' dir='ltr'><strong>l.</strong></span> <span class='ocrx_word' id='word_1_232' title='bbox 952 3985 1072 4077; x_wconf 90' lang='lat' dir='ltr'><strong>[Bl.</strong></span> <span class='ocrx_word' id='word_1_233' title='bbox 1111 3984 1254 4074; x_wconf 72' lang='lat'>21⁸]</span> <span class='ocrx_word' id='word_1_234' title='bbox 1327 4003 1533 4052; x_wconf 74' lang='lat' dir='ltr'><strong>com</strong></span> <span class='ocrx_word' id='word_1_235' title='bbox 1586 3998 2060 4050; x_wconf 70' lang='lat' dir='ltr'><strong>ms‘rnmnsn&#39;rl</strong></span> <span class='ocrx_word' id='word_1_236' title='bbox 2115 3996 2763 4048; x_wconf 72' lang='lat' dir='ltr'><strong>REcoNcmA&#39;rloms</strong></span> <span class='ocrx_word' id='word_1_237' title='bbox 2813 3998 3142 4047; x_wconf 68' lang='lat' dir='ltr'><strong>mels‘rm</strong></span> <span class='ocrx_word' id='word_1_238' title='bbox 3183 3999 3393 4047; x_wconf 66' lang='lat' dir='ltr'><strong>parm</strong></span> <span class='ocrx_word' id='word_1_239' title='bbox 3431 3999 3680 4047; x_wconf 73' lang='lat' dir='ltr'><strong>Pmmm</strong></span> 
     </span>
     <span class='ocr_line' id='line_1_29' title="bbox 1406 4097 3100 4151; baseline -0.002 0"><span class='ocrx_word' id='word_1_240' title='bbox 1406 4102 1550 4151; x_wconf 69' lang='lat' dir='ltr'><strong>cum</strong></span> <span class='ocrx_word' id='word_1_241' title='bbox 1592 4099 1956 4148; x_wconf 69' lang='lat' dir='ltr'><strong>mels&#39;rms</strong></span> <span class='ocrx_word' id='word_1_242' title='bbox 2002 4099 2459 4149; x_wconf 70' lang='lat' dir='ltr'><strong>connsemrls</strong></span> <span class='ocrx_word' id='word_1_243' title='bbox 2502 4098 2709 4146; x_wconf 80' lang='lat' dir='ltr'><strong>mnus</strong></span> <span class='ocrx_word' id='word_1_244' title='bbox 2755 4097 3100 4148; x_wconf 61' lang='lat' dir='ltr'><strong>consen.</strong></span> 
     </span>
    </p>
   </div>
   <div class='ocr_carea' id='block_1_11' title="bbox 767 4211 3684 5000">
    <p class='ocr_par' dir='ltr' id='par_1_12' title="bbox 1018 4211 3680 4300">
     <span class='ocr_line' id='line_1_30' title="bbox 1018 4211 3680 4300; baseline -0.004 -13"><span class='ocrx_word' id='word_1_245' title='bbox 1018 4221 1095 4287; x_wconf 91' lang='lat' dir='ltr'><strong>In</strong></span> <span class='ocrx_word' id='word_1_246' title='bbox 1133 4220 1391 4285; x_wconf 85' lang='lat' dir='ltr'><strong>nomine</strong></span> <span class='ocrx_word' id='word_1_247' title='bbox 1432 4216 1675 4283; x_wconf 90' lang='lat' dir='ltr'><strong>domini</strong></span> <span class='ocrx_word' id='word_1_248' title='bbox 1703 4216 1928 4281; x_wconf 88' lang='lat' dir='ltr'><strong>Amen.</strong></span> <span class='ocrx_word' id='word_1_249' title='bbox 1975 4214 2165 4279; x_wconf 90' lang='lat' dir='ltr'><strong>Anno</strong></span> <span class='ocrx_word' id='word_1_250' title='bbox 2201 4238 2240 4279; x_wconf 90' lang='lat' dir='ltr'><strong>a</strong></span> <span class='ocrx_word' id='word_1_251' title='bbox 2285 4215 2626 4280; x_wconf 87' lang='lat' dir='ltr'><strong>nativitate</strong></span> <span class='ocrx_word' id='word_1_252' title='bbox 2668 4213 2954 4278; x_wconf 89' lang='lat' dir='ltr'><strong>eiusdem</strong></span> <span class='ocrx_word' id='word_1_253' title='bbox 2998 4211 3338 4278; x_wconf 90' lang='lat' dir='ltr'><strong>millesimo</strong></span> <span class='ocrx_word' id='word_1_254' title='bbox 3380 4211 3680 4300; x_wconf 84' lang='lat' dir='ltr'><strong>quadrin-</strong></span> 
     </span>
    </p>

    <p class='ocr_par' dir='ltr' id='par_1_13' title="bbox 767 4312 3684 5000">
     <span class='ocr_line' id='line_1_31' title="bbox 770 4312 3684 4410; baseline -0.005 -21"><span class='ocrx_word' id='word_1_255' title='bbox 770 4334 838 4390; x_wconf 87' lang='grc'><strong>30</strong></span> <span class='ocrx_word' id='word_1_256' title='bbox 860 4322 1213 4410; x_wconf 88' lang='lat' dir='ltr'><strong>gentesimo</strong></span> <span class='ocrx_word' id='word_1_257' title='bbox 1238 4316 1733 4407; x_wconf 85' lang='lat' dir='ltr'><strong>quadragesimo</strong></span> <span class='ocrx_word' id='word_1_258' title='bbox 1756 4316 1979 4404; x_wconf 89' lang='lat' dir='ltr'><strong>quinto</strong></span> <span class='ocrx_word' id='word_1_259' title='bbox 2008 4314 2114 4378; x_wconf 90' lang='lat' dir='ltr'><strong>die</strong></span> <span class='ocrx_word' id='word_1_260' title='bbox 2139 4314 2314 4379; x_wconf 84' lang='lat' dir='ltr'><strong>Iovis</strong></span> <span class='ocrx_word' id='word_1_261' title='bbox 2347 4315 2561 4401; x_wconf 89' lang='lat' dir='ltr'><strong>prima</strong></span> <span class='ocrx_word' id='word_1_262' title='bbox 2581 4315 2820 4377; x_wconf 87' lang='lat' dir='ltr'><strong>mensis</strong></span> <span class='ocrx_word' id='word_1_263' title='bbox 2841 4312 3092 4400; x_wconf 89' lang='lat' dir='ltr'><strong>Aprilis</strong></span> <span class='ocrx_word' id='word_1_264' title='bbox 3112 4316 3301 4395; x_wconf 85' lang='lat'>(1445</span> <span class='ocrx_word' id='word_1_265' title='bbox 3319 4318 3376 4376; x_wconf 83' lang='lat' dir='ltr'><strong>d.</strong></span> <span class='ocrx_word' id='word_1_266' title='bbox 3397 4318 3448 4378; x_wconf 88' lang='lat'><strong>1.</strong></span> <span class='ocrx_word' id='word_1_267' title='bbox 3465 4316 3684 4396; x_wconf 82' lang='lat' dir='ltr'><strong>April),</strong></span> 
     </span>
     <span class='ocr_line' id='line_1_32' title="bbox 850 4410 3683 4502; baseline -0.004 -14"><span class='ocrx_word' id='word_1_268' title='bbox 850 4422 1203 4488; x_wconf 87' lang='lat' dir='ltr'><strong>indictione</strong></span> <span class='ocrx_word' id='word_1_269' title='bbox 1247 4428 1496 4499; x_wconf 86' lang='lat' dir='ltr'><strong>octava,</strong></span> <span class='ocrx_word' id='word_1_270' title='bbox 1537 4415 1697 4481; x_wconf 87' lang='lat' dir='ltr'><strong>hora</strong></span> <span class='ocrx_word' id='word_1_271' title='bbox 1740 4436 2159 4502; x_wconf 84' lang='lat' dir='ltr'><strong>vesperorum</strong></span> <span class='ocrx_word' id='word_1_272' title='bbox 2201 4412 2304 4478; x_wconf 85' lang='lat' dir='ltr'><strong>vel</strong></span> <span class='ocrx_word' id='word_1_273' title='bbox 2347 4414 2550 4501; x_wconf 91' lang='lat' dir='ltr'><strong>quasi,</strong></span> <span class='ocrx_word' id='word_1_274' title='bbox 2594 4414 2662 4477; x_wconf 89' lang='lat' dir='ltr'><strong>i1i</strong></span> <span class='ocrx_word' id='word_1_275' title='bbox 2703 4411 3044 4477; x_wconf 84' lang='lat' dir='ltr'><strong>reverendi</strong></span> <span class='ocrx_word' id='word_1_276' title='bbox 3084 4412 3153 4475; x_wconf 90' lang='lat' dir='ltr'><strong>in</strong></span> <span class='ocrx_word' id='word_1_277' title='bbox 3174 4410 3437 4477; x_wconf 88' lang='lat' dir='ltr'><strong>Christo</strong></span> <span class='ocrx_word' id='word_1_278' title='bbox 3482 4413 3683 4499; x_wconf 83' lang='lat' dir='ltr'><strong>patris</strong></span> 
     </span>
     <span class='ocr_line' id='line_1_33' title="bbox 852 4509 3684 4602; baseline -0.004 -15"><span class='ocrx_word' id='word_1_279' title='bbox 852 4531 917 4587; x_wconf 93' lang='lat' dir='ltr'><strong>et</strong></span> <span class='ocrx_word' id='word_1_280' title='bbox 936 4552 939 4555; x_wconf 43' lang='grc'>“</span> <span class='ocrx_word' id='word_1_281' title='bbox 958 4519 1221 4601; x_wconf 86' lang='lat' dir='ltr'><strong>domini,</strong></span> <span class='ocrx_word' id='word_1_282' title='bbox 1270 4516 1511 4583; x_wconf 90' lang='lat' dir='ltr'><strong>domini</strong></span> <span class='ocrx_word' id='word_1_283' title='bbox 1531 4514 1856 4598; x_wconf 88' lang='lat' dir='ltr'><strong>Iohannis,</strong></span> <span class='ocrx_word' id='word_1_284' title='bbox 1901 4514 2192 4602; x_wconf 86' lang='lat' dir='ltr'><strong>episcopi</strong></span> <span class='ocrx_word' id='word_1_285' title='bbox 2213 4512 2792 4599; x_wconf 87' lang='lat' dir='ltr'><strong>Merseburgensis,</strong></span> <span class='ocrx_word' id='word_1_286' title='bbox 2839 4534 2917 4577; x_wconf 89' lang='lat' dir='ltr'><strong>ac</strong></span> <span class='ocrx_word' id='word_1_287' title='bbox 2958 4512 3104 4593; x_wconf 90' lang='lat' dir='ltr'><strong>mei,</strong></span> <span class='ocrx_word' id='word_1_288' title='bbox 3145 4511 3382 4577; x_wconf 84' lang='lat' dir='ltr'><strong>notarii</strong></span> <span class='ocrx_word' id='word_1_289' title='bbox 3425 4509 3684 4600; x_wconf 89' lang='lat' dir='ltr'><strong>publici,</strong></span> 
     </span>
     <span class='ocr_line' id='line_1_34' title="bbox 850 4609 3684 4706; baseline -0.004 -19"><span class='ocrx_word' id='word_1_290' title='bbox 850 4621 1237 4706; x_wconf 87' lang='lat' dir='ltr'><strong>testiumque</strong></span> <span class='ocrx_word' id='word_1_291' title='bbox 1274 4616 1834 4702; x_wconf 83' lang='lat' dir='ltr'><strong>infrascriptorum</strong></span> <span class='ocrx_word' id='word_1_292' title='bbox 1879 4614 2250 4701; x_wconf 87' lang='lat' dir='ltr'><strong>praesentia</strong></span> <span class='ocrx_word' id='word_1_293' title='bbox 2292 4613 2716 4700; x_wconf 87' lang='lat' dir='ltr'><strong>personaliter</strong></span> <span class='ocrx_word' id='word_1_294' title='bbox 2757 4612 3083 4677; x_wconf 87' lang='lat' dir='ltr'><strong>constituti</strong></span> <span class='ocrx_word' id='word_1_295' title='bbox 3116 4609 3534 4676; x_wconf 88' lang='lat' dir='ltr'><strong>honorabiles</strong></span> <span class='ocrx_word' id='word_1_296' title='bbox 3565 4613 3684 4677; x_wconf 87' lang='lat' dir='ltr'><strong>viri</strong></span> 
     </span>
     <span class='ocr_line' id='line_1_35' title="bbox 852 4710 3682 4805; baseline -0.004 -18"><span class='ocrx_word' id='word_1_297' title='bbox 852 4731 916 4787; x_wconf 88' lang='lat' dir='ltr'><strong>et</strong></span> <span class='ocrx_word' id='word_1_298' title='bbox 966 4717 1269 4805; x_wconf 85' lang='lat' dir='ltr'><strong>magistri</strong></span> <span class='ocrx_word' id='word_1_299' title='bbox 1318 4714 1665 4780; x_wconf 86' lang='lat' dir='ltr'><strong>Heinricus</strong></span> <span class='ocrx_word' id='word_1_300' title='bbox 1725 4712 2076 4779; x_wconf 87' lang='lat' dir='ltr'><strong>Steinbach</strong></span> <span class='ocrx_word' id='word_1_301' title='bbox 2128 4734 2205 4777; x_wconf 87' lang='lat' dir='ltr'><strong>ac</strong></span> <span class='ocrx_word' id='word_1_302' title='bbox 2248 4710 2596 4776; x_wconf 89' lang='lat' dir='ltr'><strong>Heinricus</strong></span> <span class='ocrx_word' id='word_1_303' title='bbox 2637 4710 2999 4777; x_wconf 87' lang='lat' dir='ltr'><strong>Hilterman</strong></span> <span class='ocrx_word' id='word_1_304' title='bbox 3051 4712 3312 4776; x_wconf 91' lang='lat' dir='ltr'><strong>nomine</strong></span> <span class='ocrx_word' id='word_1_305' title='bbox 3350 4711 3682 4777; x_wconf 83' lang='lat' dir='ltr'><strong>venerabi-</strong></span> 
     </span>
     <span class='ocr_line' id='line_1_36' title="bbox 767 4808 3682 4898; baseline -0.005 -9"><span class='ocrx_word' id='word_1_306' title='bbox 767 4833 835 4889; x_wconf 84' lang='lat'><strong>35</strong></span> <span class='ocrx_word' id='word_1_307' title='bbox 851 4822 1010 4887; x_wconf 89' lang='lat' dir='ltr'><strong>lium</strong></span> <span class='ocrx_word' id='word_1_308' title='bbox 1071 4820 1358 4882; x_wconf 87' lang='lat' dir='ltr'><strong>virorum</strong></span> <span class='ocrx_word' id='word_1_309' title='bbox 1425 4815 1827 4880; x_wconf 89' lang='lat' dir='ltr'><strong>dominorum</strong></span> <span class='ocrx_word' id='word_1_310' title='bbox 1895 4814 2351 4898; x_wconf 84' lang='lat' dir='ltr'><strong>magistrorum</strong></span> <span class='ocrx_word' id='word_1_311' title='bbox 2419 4818 2483 4874; x_wconf 89' lang='lat' dir='ltr'><strong>et</strong></span> <span class='ocrx_word' id='word_1_312' title='bbox 2545 4808 3026 4894; x_wconf 90' lang='lat' dir='ltr'><strong>collegiatorum</strong></span> <span class='ocrx_word' id='word_1_313' title='bbox 3094 4808 3355 4897; x_wconf 85' lang='lat' dir='ltr'><strong>collegii</strong></span> <span class='ocrx_word' id='word_1_314' title='bbox 3417 4811 3682 4876; x_wconf 86' lang='lat' dir='ltr'><strong>minoris</strong></span> 
     </span>
     <span class='ocr_line' id='line_1_37' title="bbox 848 4908 3680 5000; baseline -0.004 -14"><span class='ocrx_word' id='word_1_315' title='bbox 848 4918 1288 4986; x_wconf 86' lang='lat' dir='ltr'><strong>universitatis</strong></span> <span class='ocrx_word' id='word_1_316' title='bbox 1345 4914 1543 4981; x_wconf 86' lang='lat' dir='ltr'><strong>studii</strong></span> <span class='ocrx_word' id='word_1_317' title='bbox 1586 4913 1955 5000; x_wconf 86' lang='lat' dir='ltr'><strong>Liptzensis</strong></span> <span class='ocrx_word' id='word_1_318' title='bbox 2009 4920 2196 4999; x_wconf 89' lang='lat' dir='ltr'><strong>parte</strong></span> <span class='ocrx_word' id='word_1_319' title='bbox 2255 4934 2338 4977; x_wconf 88' lang='lat' dir='ltr'><strong>ex</strong></span> <span class='ocrx_word' id='word_1_320' title='bbox 2390 4933 2522 4976; x_wconf 90' lang='lat' dir='ltr'><strong>una</strong></span> <span class='ocrx_word' id='word_1_321' title='bbox 2566 4920 2629 4975; x_wconf 91' lang='lat' dir='ltr'><strong>et</strong></span> <span class='ocrx_word' id='word_1_322' title='bbox 2669 4908 2899 4974; x_wconf 81' lang='lat' dir='ltr'><strong>Petrus</strong></span> <span class='ocrx_word' id='word_1_323' title='bbox 2944 4909 3176 4974; x_wconf 89' lang='lat' dir='ltr'><strong>Pirner</strong></span> <span class='ocrx_word' id='word_1_324' title='bbox 3215 4912 3480 4976; x_wconf 89' lang='lat' dir='ltr'><strong>nomine</strong></span> <span class='ocrx_word' id='word_1_325' title='bbox 3535 4932 3680 4997; x_wconf 89' lang='lat' dir='ltr'><strong>pro-</strong></span> 
     </span>
    </p>
   </div>
   <div class='ocr_carea' id='block_1_12' title="bbox 843 5171 3677 5337">
    <p class='ocr_par' dir='ltr' id='par_1_14' title="bbox 843 5171 3677 5337">
     <span class='ocr_line' id='line_1_38' title="bbox 1000 5171 3677 5245; baseline -0.005 -6"><span class='ocrx_word' id='word_1_326' title='bbox 1000 5189 1025 5239; x_wconf 91' lang='lat'><strong>1</strong></span> <span class='ocrx_word' id='word_1_327' title='bbox 1062 5183 1147 5238; x_wconf 74' lang='lat' dir='ltr'><strong>Es</strong></span> <span class='ocrx_word' id='word_1_328' title='bbox 1174 5179 1363 5237; x_wconf 87' lang='lat' dir='ltr'><strong>schien</strong></span> <span class='ocrx_word' id='word_1_329' title='bbox 1399 5180 1502 5235; x_wconf 85' lang='lat' dir='ltr'><strong>mir</strong></span> <span class='ocrx_word' id='word_1_330' title='bbox 1535 5179 1637 5234; x_wconf 84' lang='lat' dir='ltr'><strong>das</strong></span> <span class='ocrx_word' id='word_1_331' title='bbox 1675 5177 2022 5245; x_wconf 65' lang='lat' dir='ltr'><strong>Panaenum,</strong></span> <span class='ocrx_word' id='word_1_332' title='bbox 2066 5176 2217 5230; x_wconf 87' lang='lat' dir='ltr'><strong>diese</strong></span> <span class='ocrx_word' id='word_1_333' title='bbox 2253 5174 2421 5230; x_wconf 86' lang='lat' dir='ltr'><strong>dritte</strong></span> <span class='ocrx_word' id='word_1_334' title='bbox 2454 5173 2802 5244; x_wconf 77' lang='lat' dir='ltr'><strong>Abtheilung</strong></span> <span class='ocrx_word' id='word_1_335' title='bbox 2843 5171 3000 5228; x_wconf 86' lang='lat' dir='ltr'><strong>nicht</strong></span> <span class='ocrx_word' id='word_1_336' title='bbox 3042 5190 3112 5228; x_wconf 83' lang='lat' dir='ltr'><strong>zu</strong></span> <span class='ocrx_word' id='word_1_337' title='bbox 3154 5173 3517 5243; x_wconf 62' lang='lat' dir='ltr'><strong>zerstiiekelm</strong></span> <span class='ocrx_word' id='word_1_338' title='bbox 3563 5190 3677 5227; x_wconf 82' lang='lat' dir='ltr'><strong>son·</strong></span> 
     </span>
     <span class='ocr_line' id='line_1_39' title="bbox 843 5258 2362 5337; baseline -0.01 -9"><span class='ocrx_word' id='word_1_339' title='bbox 843 5270 980 5329; x_wconf 83' lang='lat' dir='ltr'><strong>dem</strong></span> <span class='ocrx_word' id='word_1_340' title='bbox 1010 5263 1348 5337; x_wconf 65' lang='lat' dir='ltr'><strong>vollstiindig</strong></span> <span class='ocrx_word' id='word_1_341' title='bbox 1380 5263 1465 5319; x_wconf 78' lang='lat' dir='ltr'><strong>ins</strong></span> <span class='ocrx_word' id='word_1_342' title='bbox 1501 5260 1907 5320; x_wconf 84' lang='lat' dir='ltr'><strong>Statutenbuch</strong></span> <span class='ocrx_word' id='word_1_343' title='bbox 1942 5258 2362 5316; x_wconf 81' lang='lat' dir='ltr'><strong>aufzunehmen.</strong></span> 
     </span>
    </p>
   </div>
  </div>
 </body>
</html>
