4038 6358
828 590 951 656 542
1811 590 1911 643 nse
1947 588 2386 656 philosophisch'e
2420 593 2675 645 Facultfit.

2059 776 2146 827 Oa
2203 786 2270 827 ut
2301 778 2447 829 v111.

992 853 1081 919 Et
1138 877 1254 941 per
1315 878 1384 919 se
1442 854 1783 942 praeclara
1840 792 2306 946 utilisquepres
2364 868 2463 923 est
2516 859 2832 923 munditia
2890 868 2956 923 et
3010 866 3304 923 nostrum
3381 859 3687 925 ordinem

830 951 1014 1017 decet
1068 955 1403 1041 inprimiS,
1468 965 1531 1020 et
1587 957 1851 1020 minime
1911 957 2248 1023 ferendum
2313 969 2443 1040 est,
2501 968 2573 1023 ut
2630 958 3067 1043 ingredientes
3121 958 3242 1023 has
3297 959 3492 1024 aedes
3546 983 3689 1025 non

830 1052 1250 1118 scholasticos
1293 1057 1359 1117 in
1403 1054 1526 1136 his,
1573 1054 1687 1119 sed
1730 1076 1894 1139 sues,
1944 1056 2300 1121 secundum
2344 1055 2667 1141 Plautum,
2712 1056 3009 1122 habitare
3051 1064 3307 1145 possint
3348 1057 3688 1123 arbitrari.

742 1159 775 1213 5
833 1150 1123 1216 Primum
1165 1155 1365 1239 igitur
1411 1150 1580 1241 [143]
1633 1178 1789 1219 suae
1833 1158 2106 1242 quisque
2147 1155 2535 1221 valetudinis
2593 1178 2791 1221 causa
2843 1157 3089 1221 foetore
3144 1178 3275 1222 non
3332 1156 3539 1222 solum
3588 1159 3687 1222 in·

824 1262 1017 1336 grata
1052 1251 1164 1315 scd
1212 1253 1402 1317 etiam
1451 1255 1752 1318 nocentia
1788 1253 2074 1341 undique
2117 1258 2439 1319 removeri
2482 1255 2769 1339 studeat3
2817 1258 3189 1340 assignatus
3232 1266 3452 1320 autem
3489 1256 3687 1321 locus

827 1362 945 1431 est,
991 1352 1058 1414 iu
1102 1374 1293 1438 quem
1336 1374 1448 1433 ea,
1493 1373 1658 1439 quae
1706 1364 2175 1419 converruntur
2217 1355 2677 1441 expurgando,
2724 1355 2963 1419 deferri
3010 1354 3263 1421 debent.
3348 1356 3527 1421 Inter
3570 1355 3684 1420 de-

829 1449 1164 1515 ferendum
1205 1474 1288 1515 ne
1329 1450 1486 1538 quid
1527 1461 2029 1516 stramentorum
2072 1451 2448 1518 sordiumve
2492 1454 2755 1519 excidat
2797 1464 2861 1518 et
2902 1453 3034 1519 ulla
3072 1458 3140 1519 in
3182 1464 3373 1542 parte
3414 1454 3685 1519 aedium

827 1548 1261 1636 relinquatur,
1319 1551 1660 1636 diligenter
1705 1553 1926 1615 caveri
1964 1550 2294 1635 volumus;
2355 1554 2537 1617 cuius
2596 1551 2721 1617 hac
2762 1555 2830 1618 in
2872 1563 3061 1641 parte
3114 1553 3517 1642 negligentia
3560 1553 3685 1618 de-

750 1658 814 1713 10
831 1649 1197 1735 praehensa
1236 1654 1358 1715 erit
1368 1701 1387 1735 ,
1432 1651 1516 1715 ab
1575 1673 1649 1715 eo
1708 1651 2004 1735 exigetur
2045 1651 2289 1716 multae
2343 1655 2599 1717 nomine
2655 1675 2920 1739 grossus
2979 1656 3199 1718 unus.¹
3285 1653 3419 1735 Qui
3459 1655 3526 1717 in
3569 1677 3686 1718 an-

827 1748 1013 1834 gulos
1059 1761 1170 1815 aut
1214 1750 1411 1814 alium
1451 1749 1694 1832 locum,
1737 1771 1932 1834 quam
1975 1749 2126 1815 huic
2166 1754 2261 1816 rei
2307 1754 2709 1837 assignatum
2728 1800 2745 1833 ,
2793 1751 3020 1817 sordes
3065 1775 3486 1842 quascunque
3530 1776 3684 1818 con·

830 1851 1140 1934 gesserit,
1195 1849 1278 1914 ab
1323 1872 1398 1914 eo
1443 1852 1785 1935 exigentur
1836 1852 2051 1935 grossi
2075 1853 2099 1892 2
2154 1850 2298 1916 duo·
2396 1852 2581 1916 Idem
2636 1852 2716 1916 de
2773 1874 2850 1917 eo
2908 1852 3088 1936 loc0,
3140 1855 3209 1917 in
3262 1875 3459 1941 quem
3509 1864 3688 1917 emta

828 1947 1008 2034 ligna
1048 1948 1288 2013 fuerint
1331 1947 1656 2035 deposita,
1701 1971 1830 2013 non
1872 1971 2126 2014 rursum
2175 1960 2542 2037 expurgato
2589 1954 2800 2039 accipi
2841 1951 3155 2017 volumus.
3239 1952 3374 2034 Qui
3418 1952 3687 2017 chartas

827 2070 864 2111 e
905 2048 1205 2114 fenestris
1249 2048 1354 2113 vel
1391 2047 1816 2132 undecunque
1859 2070 1942 2113 ex
1999 2047 2403 2115 habitatione
2459 2053 2767 2138 quapiam
2821 2054 3242 2138 proiecerint,
3296 2054 3345 2117 ii
3409 2054 3684 2138 grosso³

747 2157 809 2212 15
828 2170 957 2212 uno
1001 2147 1473 2230 multabuntur3
1533 2149 1586 2211 si
1644 2147 1923 2212 lusoriae
1963 2146 2116 2213 illae
2155 2149 2426 2231 fuerint,
2480 2150 2724 2234 tribus3
2783 2154 2840 2216 si
2885 2151 3149 2217 chartae
3190 2155 3523 2239 proiectae
3566 2153 3684 2215 im·

826 2246 1105 2313 mundae
1159 2256 1222 2312 et
1271 2245 1502 2312 foedae
1557 2242 1826 2329 fuerint,
1874 2269 1987 2311 seu
2043 2271 2421 2336 quocunque
2486 2249 2614 2315 alio
2671 2251 2862 2317 modo
2918 2251 3088 2319 ullae
3140 2261 3364 2338 partes
3421 2249 3686 2316 aedium

823 2345 1104 2432 pollutae
1129 2358 1192 2411 et
1225 2349 1617 2435 inquinatae,
1662 2346 1964 2431 exigatur
2010 2348 2093 2412 ob
2137 2346 2261 2413 hoc
2302 2347 2564 2413 foedum
2606 2350 2858 2416 facinus
2904 2351 3023 2416 ab⁴
3073 2349 3576 2437 designantibus
3621 2360 3685 2413 et

826 2468 1032 2532 neque
1075 2445 1204 2510 sibi
1253 2464 1459 2533 neque
1505 2441 1674 2532 [144]
1726 2444 1872 2509 aliis
1917 2447 2337 2534 parcentibus
2397 2452 2571 2523 (cum
2629 2460 2693 2513 et
2749 2449 3029 2515 dedecus
3084 2459 3147 2515 et
3202 2447 3683 2515 incommodum

823 2547 1149 2632 pertineat
1178 2544 1265 2610 ad
1296 2558 1548 2619 omnes)
1578 2546 1858 2632 primum
1892 2546 2223 2634 quadrans
2253 2546 2498 2631 florini3
2541 2548 2596 2612 si
2632 2551 2869 2614 iterum
2908 2550 3146 2637 aliquis
3189 2548 3438 2633 fecerit,
3478 2548 3685 2613 multa

742 2653 812 2710 20
833 2643 1231 2731 duplicetur3
1279 2645 1336 2709 si
1376 2644 1586 2724 tertio,
1629 2643 2012 2731 triplicetur.

989 2745 1192 2832 Atqui
1231 2745 1300 2808 in
1357 2743 1459 2807 his
1520 2745 1769 2808 cunctis
1824 2743 2215 2811 famulorum
2271 2745 2510 2813 delicta
2565 2748 2860 2815 dominos
2921 2750 3089 2815 scire
3140 2748 3441 2815 volumus
3500 2748 3681 2836 ipsis,

825 2866 1099 2932 quorum
1141 2843 1238 2909 illi
1280 2842 1507 2908 famuli
1549 2851 1716 2926 sunt,
1757 2842 1997 2910 luenda
2041 2868 2199 2911 esse.

2073 2998 2290 3062 Caput
2337 3000 2432 3051 IX.

1000 3074 1133 3157 Qui
1174 3075 1450 3141 locatori
1504 3073 1759 3140 illiusve
1816 3078 2111 3143 ministro
2155 3078 2375 3144 verbis
2432 3082 2737 3147 iniuriam
2788 3083 3048 3166 fecerit,
3104 3082 3160 3147 is
3212 3082 3524 3147 multetur
3572 3080 3680 3146 flo-

748 3175 975 3242 25rino
1021 3174 1428 3260 dimidiato,·'>
1484 3175 1611 3239 nisi
1653 3174 2001 3242 verborum
2055 3179 2294 3244 iniuria
2351 3192 2543 3248 atrox
2596 3184 2809 3247 fuerit.
2896 3183 2969 3247 Si
3012 3181 3291 3248 verbera
3333 3184 3685 3270 impegerit

832 3276 970 3340 sine
1015 3274 1423 3358 vulneribus,
1474 3274 1706 3340 solvito
1763 3275 2033 3342 florinos
2087 3279 2270 3345 tres.⁶
2364 3280 2470 3347 De
2514 3281 2887 3347 vulneribus
2933 3305 3146 3369 poena
3186 3282 3517 3369 condigna
3559 3294 3681 3346 sta·

827 3383 1044 3438 tuetur
1089 3374 1339 3440 consilii
1383 3372 1630 3462 publici
1677 3379 2013 3441 sententia.
2101 3375 2229 3458 Qui
2277 3378 2548 3446 alterum
2606 3380 2958 3469 quemlibet
3000 3405 3084 3446 ex
3126 3381 3461 3470 inquilinis
3504 3384 3682 3468 igno·

831 3475 1048 3538 miniis
1105 3473 1454 3539 verborum
1511 3478 1933 3560 appetiverit,
1996 3477 2229 3542 solvito
2288 3478 2503 3544 florini
2558 3480 3043 3568 quadrantem.⁷
3146 3481 3219 3547 Si
3288 3492 3485 3546 atrox
3548 3502 3685 3545 ver·

832 3571 1061 3638 borum
1104 3574 1341 3637 iniuria
1381 3573 1608 3655 fuerit,
1653 3572 2057 3659 duplicetur⁸
2101 3577 2319 3643 multa.
2409 3579 2717 3646 Gladium
2776 3583 2886 3668 qui
2939 3581 3276 3646 strinxerit
3315 3580 3384 3644 in
3430 3578 3685 3666 collegii

746 3681 815 3739 30
836 3682 1025 3761 parte
1078 3670 1366 3759 qualibet
1425 3680 1539 3736 aut
1589 3670 1785 3737 telum
1830 3673 2260 3762 quodcunque
2310 3679 2708 3767 expedierit,
2752 3680 3050 3768 quamvis
3094 3702 3225 3745 non
3266 3681 3683 3767 percusserit,

834 3774 1041 3856 icerit,
1084 3772 1389 3854 emiserit,
1435 3770 1666 3837 solvito
1710 3772 2012 3838 florinum
2055 3779 2304 3841 unum.⁹

993 3869 1086 3959 [S.
1121 3866 1261 3957 145]
1318 3869 1448 3951 Qui
1487 3872 1554 3935 in
1596 3894 2038 3960 quemcunque
2084 3872 2294 3940 locum
2339 3899 2505 3942 saxa
2548 3879 2865 3943 coniicere
2905 3887 3019 3943 aut
3059 3877 3318 3965 quidvis
3360 3878 3673 3945 eiaculari

828 3969 1310 4057 depraehensus
1352 3969 1563 4054 fuerit,
1609 3970 1840 4038 solvito
1884 3996 2183 4064 grossum
2229 3978 2515 4042 unum.¹⁰
2615 3976 2743 4057 Qui
2787 3979 2856 4042 in
2896 3977 3153 4043 hortum
3192 3980 3535 4065 irrepserit
3577 3990 3682 4044 aut

825 4071 1039 4136 locum
1078 4067 1357 4136 alienum
1401 4073 1694 4153 quemvis
1739 4071 2103 4138 clanculum
2147 4074 2437 4157 subierit,
2482 4078 2538 4141 si
2562 4076 2723 4141 nihil
2746 4076 3219 4164 corrumpendo
3244 4076 3679 4143 auferendove

744 4180 811 4237 35
832 4170 1052 4236 damni
1084 4168 1356 4252 dederit,
1403 4166 1637 4233 solvito
1675 4174 2045 4255 grossum¹¹
2086 4196 2315 4257 unum3
2361 4177 2417 4239 si
2461 4175 2618 4263 quid
2661 4178 3054 4264 corruperit,
3101 4176 3467 4261 abstulerit,
3508 4177 3679 4243 dam-

824 4293 976 4336 num
1024 4269 1268 4334 sarciat
1306 4277 1370 4332 et
1411 4266 1685 4334 arbitrio
1724 4268 2030 4335 locatoris
2075 4274 2401 4359 puniatur.

1001 4426 1022 4473 1
1065 4415 1297 4473 Hierfiir
1327 4416 1404 4471 ist
1438 4418 1625 4487 apator
1658 4422 1872 4487 gesetzt
1901 4419 2194 4488 anyolicue.

996 4509 1025 4556 2
1063 4502 1179 4557 Fiir
1210 4502 1397 4576 qrossp’
1427 4500 1504 4554 ist
1535 4503 1723 4571 spater
1759 4507 1974 4572 gesetzt
2011 4503 2264 4573 angelici.

995 4593 1027 4644 3
1062 4583 1247 4640 Dafiir
1281 4588 1466 4656 spater
1502 4585 1769 4656 angelico.

995 4677 1026 4727 4
1064 4671 1263 4740 Spater
1296 4671 1371 4724 ist
1402 4670 1474 4724 ab
1524 4669 1582 4723 in
1615 4689 1653 4724 a
1689 4669 1991 4741 corrigiert.

998 4761 1028 4810 5
1065 4752 1251 4809 Dafiir
1284 4754 1356 4808 ist
1394 4757 1580 4824 spfiter
1614 4753 1974 4825 geschrieben
1999 4755 2231 4824 florinis
2265 4757 2459 4812 decan.

997 4844 1030 4896 6
1065 4839 1268 4909 Spiiter
1303 4838 1548 4908 triqinta.

1002 4929 1033 4979 7
1070 4921 1272 4994 Spiiter
1299 4923 1566 4992 flor-imm
1596 4941 1776 4977 muni.

996 5013 1026 5064 8
1063 5006 1267 5078 Spiiter
1299 5007 1768 5078 quadruplicatur.

994 5098 1026 5148 9
1067 5092 1267 5162 Spfiter
1302 5089 1696 5162 hinzugefiigt:
1744 5099 1796 5146 et
1826 5090 2076 5162 qladium
2111 5092 2361 5147 exhibeat
2391 5096 2616 5150 decano.

967 5182 1030 5233 10
1063 5176 1266 5247 Spiiter
1295 5176 1609 5246 angelicum*

967 5265 1025 5317 11
1066 5259 1268 5334 Spiiter
1292 5262 1579 5335 floreum.
