4038 6358
856 626 978 690 232
2008 624 2119 674 Das
2157 624 2332 675 kleine
2368 624 2575 689 colleg.

849 808 1308 894 magistrorum
1353 807 1836 895 collegiatorum
1880 807 2122 875 dictum
2162 810 2610 897 praepositum
2649 807 2901 873 iniuriis
2943 807 3318 874 verbalibus
3358 808 3460 875 vel
3499 810 3677 877 reali·

846 906 969 973 bus
1011 907 1273 992 afficiat,
1319 907 1439 974 sub
1483 930 1696 996 poena
1740 906 1951 974 eidem
1989 909 2327 975 injurianti
2370 931 2489 997 per
2529 906 2871 994 collegium
2913 907 3238 974 dictanda.

966 1081 1059 1142 14.
1107 1093 1203 1141 DE
1245 1090 1611 1143 MAGISTRIS
1652 1092 1742 1141 ΕΤ
1789 1093 2186 1142 SUPPOSITIS
2228 1094 2364 1142 PER
2410 1090 2898 1142 PBAEPOSITUM
2937 1089 3440 1176 emmona-unffi
3479 1093 3564 1142 ΕΤ

2029 1192 2517 1242 GORRIGENDIS.

763 1319 797 1373 5
1006 1309 1191 1394 Item,
1229 1310 1285 1373 si
1326 1308 1698 1395 praeposito
1740 1307 1982 1373 factum
2026 1307 2298 1374 alieuius
2339 1308 2638 1393 magistri
2677 1306 2780 1372 vel
2826 1308 3164 1395 suppositi,
3208 1331 3517 1395 praesens
3559 1310 3681 1376 col·

842 1408 1089 1495 legium
1131 1409 1553 1490 immorantis,
1595 1406 2019 1495 displicuerit,
2081 1415 2318 1473 extunc
2374 1408 2570 1474 talem
2611 1408 2994 1493 magistrum
3035 1406 3139 1472 vel
3195 1407 3550 1474 scholarem
3602 1410 3683 1476 ad

848 1532 919 1574 se
962 1511 1308 1576 convocari
1369 1507 1568 1573 faciat
1622 1516 1687 1572 et
1736 1506 2012 1573 eundem
2063 1509 2172 1595 pie
2226 1515 2629 1574 commoneat
2694 1515 2834 1590 aut,
2889 1508 2948 1572 si
3001 1529 3168 1595 opus
3222 1507 3445 1591 fuerit,
3501 1510 3682 1575 etiam

853 1611 1091 1675 acriter
1135 1610 1439 1695 corrigat,
1483 1615 1554 1672 ut
1593 1605 1676 1671 ab
1722 1606 2094 1672 huiusmodi
2133 1603 2306 1672 facto'
2352 1605 2623 1674 desistat
2656 1605 2762 1671 vel
2805 1628 3143 1672 excessum
3187 1607 3273 1686 (si
3295 1631 3487 1696 quem
3509 1609 3681 1686 fecit)

849 1708 931 1774 de
973 1719 1185 1775 cetero
1228 1731 1358 1774 non
1401 1707 1777 1773 committat.
1863 1705 1993 1787 Qui
2040 1707 2095 1772 si
2146 1707 2241 1772 sic
2281 1707 2562 1772 monitus
2617 1715 2730 1772 aut
2772 1715 3100 1772 correctus
3155 1728 3297 1771 sese
3353 1707 3684 1773 emendare

770 1819 833 1874 10
849 1806 1024 1873 haud
1082 1809 1407 1873 curaverit
1447 1805 1553 1871 vel
1594 1808 2019 1887 recusaverit,
2080 1828 2345 1872 causam
2385 1806 2583 1872 talem
2626 1804 2713 1871 ad
2756 1803 3097 1891 collegium
3151 1804 3452 1889 deducat,
3504 1829 3684 1892 quam

849 1906 1017 1973 idem
1063 1907 1403 1994 collegium
1442 1907 1630 1971 iuxta
1669 1904 1826 1970 facti
1870 1904 2246 1992 qualitatem
2292 1904 2554 1971 decidat
2593 1915 2657 1970 et
2702 1913 3031 1970 crescente
3072 1905 3223 1971 talis
3264 1905 3682 1972 inobedientis

847 2008 950 2073 vel
995 2006 1246 2072 malitia
1292 2006 1396 2072 vel
1452 2003 1799 2071 rebellione
1857 2027 2002 2070 eum
2055 2013 2390 2092 tamquam
2427 2004 2935 2091 incorrigibilem
2977 2027 3018 2070 a
3062 2003 3334 2091 collegio
3375 2005 3681 2089 excludat,

845 2130 969 2174 nec
1009 2106 1281 2172 eundem
1325 2104 1664 2192 collegium
1705 2106 2024 2170 reintrare
2067 2105 2375 2192 patiatur,
2422 2103 2629 2170 donec
2672 2104 2879 2170 eidem
2931 2127 3050 2192 per
3093 2107 3194 2170 sui
3233 2105 3444 2193 ipsius
3488 2128 3684 2170 emen·

847 2207 1169 2273 dationem
1227 2215 1290 2270 et
1341 2227 1588 2292 poenae
1631 2200 1697 2291 [4
1708 2202 1761 2290 b]
1805 2202 1933 2269 sibi
1976 2203 2257 2270 dictatae
2299 2203 2402 2269 vel
2462 2203 2808 2270 dictandae
2864 2204 3265 2270 effectualem
3316 2204 3684 2273 solutionem

768 2316 829 2372 15
846 2305 1299 2373 reconciliatus
1337 2305 1548 2371 fuerit.

1774 2459 1870 2519 15.
1909 2471 2005 2519 DE
2048 2470 2225 2520 PAGE
2269 2470 2756 2522 PROCURANDA.

1008 2588 1191 2670 Item,
1241 2594 1314 2652 ut
1363 2587 1661 2672 magistri
1714 2586 2120 2653 concorditer
2185 2596 2249 2653 et
2303 2586 2575 2674 pacifice
2636 2588 2865 2653 vivant
2921 2596 2982 2654 et
3036 2597 3257 2654 mutuo
3316 2610 3682 2655 conversen-

845 2698 971 2770 tur,
1026 2686 1260 2774 placet,
1316 2685 1489 2774 quod
1533 2686 1897 2774 quicunque
1953 2686 2154 2752 alium
2197 2688 2593 2775 percusserit
2636 2685 2741 2751 vel
2803 2687 2968 2753 alias
3022 2688 3374 2754 enormiter
3413 2688 3682 2770 laeserit,

847 2789 1012 2853 citra
1062 2796 1278 2876 tamen
1318 2785 1847 2869 vulnerationem,
1906 2785 2120 2852 solvat
2161 2786 2432 2873 collegio
2480 2796 2612 2851 tres
2668 2809 3029 2875 sexagenas
3073 2810 3280 2853 novas
3323 2810 3445 2874 pro
3489 2810 3685 2875 poena

764 2895 833 2952 20
849 2895 912 2951 et
952 2887 1129 2973 parti
1168 2884 1385 2951 laesae
1427 2885 1798 2950 satisfaciat.
1853 2883 1925 2950 Si
1966 2894 2182 2950 autem
2223 2884 2504 2975 aliquem
2545 2886 3004 2968 vulneraverit,
3050 2889 3214 2951 citra
3252 2895 3471 2952 tamen
3489 2877 3492 2878 ⁷
3512 2889 3684 2952 muti·

846 2986 1170 3066 lationem,
1214 2984 1423 3051 solvat
1464 3006 1584 3070 pro
1621 3006 1831 3070 poena
1873 2982 2095 3049 decem
2125 2995 2188 3049 et
2215 2994 2358 3050 octo
2386 2984 2666 3051 florenos
2708 2996 2772 3050 et
2809 2986 3226 3052 nihilominus
3268 2988 3446 3073 parti
3483 2984 3686 3051 laesae

849 3083 1225 3150 satisfaciat.
1284 3082 1357 3149 Si
1400 3093 1613 3148 autem
1655 3082 1858 3171 (quod
1902 3082 2103 3161 absit)
2146 3082 2426 3171 aliquem
2466 3084 2880 3168 mutilaverit,
2922 3094 3254 3172 tamquam
3295 3108 3456 3172 pars
3499 3086 3684 3172 pun-i-

848 3184 935 3250 da
976 3192 1040 3251 et
1080 3185 1263 3271 pacis
1305 3184 1717 3271 perturbator
1760 3207 1801 3249 a
1842 3183 2115 3270 collegio
2159 3183 2562 3250 excludatur.

1012 3284 1177 3349 Item
1230 3281 1456 3349 levans
1510 3282 1816 3371 lapidem,
1874 3292 2210 3349 cantarum
2255 3283 2359 3348 vel
2404 3283 2802 3349 consimilem
2853 3308 2991 3349 rem
3043 3286 3258 3352 animo
3310 3286 3684 3373 proiiciendi

763 3391 998 3472 25post
1041 3382 1146 3451 vel
1185 3384 1254 3447 in
1311 3382 1588 3470 aliquem
1640 3384 2121 3469 magistrorum,
2175 3405 2306 3448 non
2347 3393 2566 3449 tamen
2620 3406 2764 3449 cum
2820 3383 3050 3450 effectu
3091 3386 3461 3472 proiiciens,
3517 3384 3686 3450 dabit

848 3482 1120 3568 collegio
1178 3481 1402 3548 decem
1462 3504 1729 3567 grossos
1782 3504 1990 3562 novos,
2047 3503 2170 3569 pro
2223 3504 2451 3569 poena.
2538 3482 2627 3549 Et
2683 3492 2932 3549 tantam
2991 3506 3269 3571 poenam
3323 3484 3686 3571 persolvere

849 3579 1114 3648 debebit
1166 3580 1275 3647 ille
1316 3580 1604 3667 collegio,
1663 3582 1773 3667 qui
1829 3580 2016 3647 alteri
2058 3583 2127 3646 in
2169 3583 2632 3648 convocatione
2684 3582 2788 3647 vel
2833 3583 3129 3670 prandiis
3174 3583 3432 3670 collegii
3482 3587 3684 3650 convi-

847 3684 1019 3748 cium
1060 3680 1316 3746 dixerit.
1371 3678 1444 3745 Si
1481 3703 1637 3745 vero
1681 3682 2029 3767 proiecerit
2069 3688 2133 3745 et
2174 3678 2457 3769 aliquem
2498 3703 2631 3747 non
2672 3683 2977 3769 tetigerit,
3021 3683 3230 3748 solvat
3270 3706 3472 3749 unum
3513 3684 3682 3751 flore-

843 3804 995 3847 num
1026 3802 1146 3867 pro
1172 3802 1405 3867 poena.
1460 3777 1532 3844 Si
1575 3789 1789 3845 autem
1829 3782 2044 3867 ipsum
2085 3781 2392 3866 tetigerit,
2440 3780 2606 3845 citra
2647 3789 2868 3846 tamen
2905 3781 3439 3867 vulnerationem,
3487 3784 3684 3849 solvat

761 3890 980 3947 30tres
1023 3901 1386 3965 sexagenas
1426 3901 1628 3944 novas
1664 3902 1794 3967 pro
1842 3901 2068 3965 poena.
2156 3879 2285 3961 Qui
2330 3889 2547 3945 autem
2589 3904 2867 3968 poenam
2912 3880 3280 3947 huiusmodi
3322 3883 3681 3969 persolvere

846 3988 910 4045 et
963 3980 1033 4043 in
1090 3978 1435 4044 dictamine
1484 3976 1739 4063 collegii
1799 3987 1972 4043 stare
2025 4000 2179 4044 recu
2194 3975 2257 4066 [5
2269 3976 2321 4066 ⁸]
2339 3982 2610 4064 saverit,
2667 4004 2788 4067 pro
2838 3983 3098 4068 periuro
3151 3990 3489 4069 reputetur
3540 3993 3600 4048 et
3646 4006 3682 4047 a

848 4077 1117 4165 collegio
1155 4075 1554 4143 excludatur.

1008 4176 1173 4241 Item
1215 4177 1271 4242 si
1314 4175 1548 4263 aliquis
1590 4176 2051 4262 magistrorum
2094 4175 2284 4241 alteri
2324 4177 2394 4242 in
2433 4181 2803 4266 praesentia
2846 4180 3106 4267 collegii
3150 4181 3553 4246 conviciatus
3589 4180 3678 4246 vel

845 4277 1188 4342 iniuriatus
1229 4276 1426 4364 (quod
1454 4274 1647 4352 absit)
1688 4275 1898 4357 fuerit,
1944 4285 2009 4340 et
2054 4276 2197 4363 ipse
2237 4277 2556 4343 iniurians
2598 4281 2973 4366 praeposito
3013 4279 3117 4346 vel
3162 4282 3420 4364 seniori,
3465 4304 3676 4369 pacem

760 4385 827 4443 35
846 4386 957 4443 aut
1016 4374 1339 4442 silentium
1401 4376 1461 4440 ei
1519 4373 1937 4441 demandanti
1949 4425 1966 4458 ,
2029 4398 2161 4441 non
2221 4378 2514 4464 paruerit
2577 4378 2797 4466 sicque
2861 4380 3210 4444 convitium
3275 4381 3556 4446 convitio
3612 4403 3678 4445 ac

845 4477 1119 4542 iniurias
1159 4472 1412 4541 iniuriis
1452 4474 1973 4557 accumulaverit,
2019 4473 2230 4540 solvat
2271 4475 2538 4563 collegio
2579 4486 2711 4543 tres
2754 4476 3034 4544 florenos
3075 4500 3196 4565 pro
3241 4501 3473 4565 poena.

1458 4661 1551 4723 16.
1593 4675 1689 4723 DE
1727 4675 2142 4725 HONESTATE
2184 4676 2258 4724 m
2294 4676 2645 4725 COLLEGIO
2690 4677 3071 4727 SERVANDA.

1005 4792 1166 4857 Item
1220 4789 1435 4857 nullus
1493 4791 1578 4856 ad
1635 4789 2043 4858 commodum
2103 4814 2289 4858 suum
2346 4793 2715 4859 introducat
2769 4794 2875 4859 vel
2923 4793 3242 4859 introduci
3297 4794 3499 4859 faciat
3555 4797 3674 4860 sive

850 4893 931 4957 de
993 4891 1100 4957 die
1162 4892 1302 4957 sive
1361 4888 1442 4956 de
1505 4902 1693 4958 nocte
1749 4890 2086 4957 mulierem
2144 4891 2225 4957 de
2288 4891 2553 4979 publica
2609 4893 3036 4960 fornicatione
3103 4902 3503 4980 suspectam,
3570 4893 3670 4960 sub

761 5001 829 5056 40
847 5013 1058 5078 poena
1097 4992 1289 5055 unius
1333 5012 1700 5078 sexagenas
1741 5014 1969 5076 novae,
2031 4990 2300 5077 collegio
2343 4992 2877 5060 irremissibiliter
2920 4991 3409 5081 persolvendae.
3496 4994 3582 5059 Et
3624 4996 3668 5059 si

845 5091 990 5175 quis
1044 5090 1233 5156 tertio
1286 5088 1651 5157 huiusmodi
1707 5100 2017 5158 statutum
2067 5101 2514 5179 transgressus
2567 5092 2780 5175 fuerit,
2836 5094 2989 5181 quia
3040 5093 3172 5157 iam
3224 5092 3669 5179 incorrigibilis

846 5190 1298 5277 praesumitur,
1356 5211 1397 5253 a
1455 5190 1725 5276 singulis
1768 5192 2084 5256 fructibus
2126 5199 2190 5256 et
2232 5191 2672 5257 emolumentis
2720 5191 2971 5279 collegii
3018 5191 3454 5278 suspendatur
3497 5201 3573 5275 et,
3625 5194 3667 5257 si

847 5286 1114 5374 collegio
1154 5288 1607 5354 reconciliatus
1652 5313 1778 5355 non
1820 5292 2044 5373 fuerit,
2106 5289 2189 5354 ab
2234 5291 2458 5357 eodem
2501 5290 2899 5359 excludatur.
2985 5290 3055 5356 Si
3100 5292 3243 5381 quis
3287 5301 3504 5357 autem
3545 5314 3666 5358 cum
