4038 6358
1323 611 1425 660 Die
1462 609 1700 660 Statum
1738 624 1845 660 von
1889 607 2239 662 tm-ml.
3106 610 3222 673 195

323 806 445 872 32·
535 824 632 872 DE
676 824 1091 876 HONBSTATE
1131 825 1344 874 INTER
1383 824 1773 874 nams'rnos
1814 823 2177 873 88:11va
2218 822 2290 870 m
2335 821 2979 871 convocaclomus
3019 822 3110 868 ET
3151 821 3223 868 m

1490 923 1716 972 MENSA
1758 921 2104 972 COLLEGII.

534 1040 698 1105 Item
739 1036 955 1103 nullus
997 1037 1483 1124 collegiatorum
1531 1042 1595 1103 in
1646 1036 2233 1104 convocacionibus
2288 1049 2350 1100 et
2402 1038 2470 1100 in
2521 1059 2744 1101 mensa
2797 1034 3050 1121 collegii
3105 1035 3225 1099 cri-

324 1159 515 1202 men
561 1137 668 1202 vel
711 1139 1073 1204 convicium
1114 1149 1226 1204 aut
1264 1139 1569 1204 iniuriam
1608 1137 1847 1202 realem
1890 1137 2199 1202 iniuriose
2241 1136 2429 1201 alteri
2471 1137 2781 1222 imponat,
2827 1133 2945 1200 sub
2989 1156 3221 1222 poena,

326 1237 562 1322 quod,
609 1238 665 1302 si
707 1236 878 1302 infra
915 1235 1078 1303 duos
1120 1237 1258 1302 dies
1297 1260 1429 1302 non
1471 1237 1823 1323 optinuerit
1865 1238 2001 1301 eius
2045 1235 2460 1317 voluntatem,
2505 1247 2742 1299 extunc
2781 1233 2930 1298 talis
2972 1242 3223 1297 tenetur
3273 1241 3306 1296 5

334 1344 549 1401 stare
593 1338 663 1402 in
708 1336 1058 1401 dictamine
1096 1338 1363 1402 maioris
1401 1336 1609 1424 partis
1653 1334 1908 1422 collegii
1950 1358 2075 1424 quo
2117 1333 2205 1399 ad
2250 1332 2780 1410 satisfaciendum
2817 1332 2990 1419 parti
3030 1332 3223 1396 offen-

331 1457 499 1518 sae,
557 1435 677 1501 sub
722 1459 935 1523 poena
977 1437 1313 1502 carenciae
1355 1436 1685 1524 porcionis
1729 1457 1904 1517 suae,
1958 1433 2166 1500 donec
2204 1434 2320 1500 tali
2365 1433 2697 1499 dictamini
2741 1432 3050 1518 paruerit.
3095 1427 3158 1517 [6
3168 1427 3222 1516 b]

332 1534 448 1600 Et
500 1535 678 1600 idem
720 1534 997 1621 intelligi
1043 1534 1241 1600 debet
1280 1534 1362 1600 de
1404 1533 1784 1600 scolaribus.
1869 1533 1941 1598 Si
1993 1556 2149 1600 vero
2206 1532 2455 1622 aliquid
2505 1531 2732 1598 talium
2787 1531 3015 1595 fecerit
3066 1528 3224 1594 alibi

335 1657 565 1720 quam
609 1636 678 1700 in
720 1633 1304 1700 convocacionibus
1350 1634 1454 1699 vel
1494 1635 1563 1698 in
1604 1655 1848 1715 mensa,
1909 1643 2149 1699 extunc
2192 1656 2348 1721 pars
2393 1631 2571 1698 laesa
2614 1640 2868 1696 tenetur
2913 1629 3226 1695 offensam

333 1755 552 1799 suam
596 1734 808 1824 primo
848 1753 1213 1821 proponere
1243 1733 1513 1820 collegio
1555 1743 1619 1799 et
1646 1732 1753 1798 'ibi
1796 1755 2033 1820 capere
2071 1734 2417 1814 iusticiam,
2463 1733 2518 1798 si
2562 1730 2688 1796 sibi
2731 1736 2946 1817 potest
2982 1729 3223 1793 venire.
3244 1736 3308 1792 10

893 1921 991 1984 33·
1036 1934 1130 1981 DE
1174 1932 1618 1982 OPINIONIBUS
1660 1932 2004 1981 ERRONEIS
2045 1932 2186 1982 NON
2232 1930 2703 1980 SUSTINENDIS.

526 2051 696 2116 Item
746 2049 957 2115 nullus
1015 2049 1505 2136 collegiatorum
1562 2047 1823 2136 publice
1875 2047 2213 2131 defendat,
2272 2047 2504 2113 doceat
2559 2045 2664 2110 vel
2719 2044 3056 2132 praedicet
3109 2044 3225 2110 ali·

343 2172 562 2235 quam
623 2149 992 2235 opinionem
1047 2169 1283 2214 novam
1339 2147 1445 2213 vel
1505 2148 1866 2235 antiquam,
1933 2170 2102 2236 quae
2156 2148 2389 2212 maiori
2443 2146 2617 2232 parti
2672 2142 3045 2231 displiceat,
3104 2143 3223 2209 sub

346 2270 599 2334 poena,
657 2246 859 2335 quod,
923 2249 979 2312 si
1038 2257 1225 2352 post
1244 2248 1486 2313 trinam
1539 2248 1971 2312 monicionem
2024 2246 2268 2314 factam
2327 2268 2368 2310 a
2426 2242 2698 2330 collegio
2756 2241 2840 2307 ab
2893 2245 3043 2330 ipsa
3093 2266 3224 2308 non

350 2349 746 2429 cessaverit,
793 2355 1017 2411 careat
1064 2370 1184 2412 sua
1220 2333 1550 2434 porcione,
1595 2343 1800 2411 donec
1847 2343 2119 2434 collegio
2163 2346 2358 2411 fuerit
2398 2341 2868 2410 reconciliatus.
3243 2353 3306 2408 15

865 2534 962 2595 34.
1015 2545 1109 2591 m:
1152 2543 1644 2593 DEPUTACIOIOE
1689 2546 1780 2593 81·
1825 2545 2056 2594 Pomm
2097 2545 2242 2593 11011
2282 2542 2725 2594 assumus.

530 2661 694 2726 Item
760 2659 1029 2750 quilibet
1105 2659 1481 2745 collegiatus
1496 2710 1514 2743 ‚
1578 2659 1666 2724 ad
1732 2659 1997 2748 aliquod
2057 2662 2300 2725 factum
2366 2657 2621 2745 collegii
2695 2679 2815 2745 per
2882 2657 3220 2742 collegium

353 2758 734 2846 deputatus,
779 2769 1029 2825 tenetur
1069 2759 1192 2826 hoc
1233 2782 1581 2841 assumere,
1629 2759 1747 2825 sub
1790 2782 2002 2846 poena
2040 2762 2228 2825 unius
2270 2758 2514 2825 floreni.
2583 2755 2799 2822 Debet
2838 2765 3054 2821 tamen
3096 2754 3223 2820 col·

352 2858 606 2945 legium
644 2860 715 2922 in
753 2858 869 2958 tali
912 2859 1342 2947 deputaoione
1382 2880 1648 2925 servare
1693 2858 2170 2945 aequalitatem,
2214 2859 2282 2922 in
2323 2866 2633 2944 quantum
2677 2865 2905 2942 potest.

971 3032 1071 3094 35.
1114 3044 1209 3091 DE
1255 3042 1582 3092 SEORETIS
1623 3041 1953 3091 COLLEGII
1991 3040 2135 3088 NON
2183 3038 2635 3087 REVELANDIS.
3243 3029 3311 3085 2)

528 3157 693 3223 Item
735 3157 1009 3247 quilibet
1050 3168 1303 3225 tenetur
1345 3157 1464 3224 sub
1506 3167 1754 3223 secreto
1808 3167 2047 3238 tenere,
2101 3152 2274 3243 quod
2331 3155 2741 3242 praepositus
2797 3154 3057 3220 nomine
3100 3152 3222 3218 ool·

361 3256 523 3343 legii
568 3259 912 3323 committit
954 3256 1055 3323 vel
1104 3257 1231 3322 sibi
1271 3256 1541 3324 mandat
1578 3267 1797 3322 tenere
1843 3255 1963 3320 sub
2008 3263 2277 3336 secrete,
2339 3252 2458 3318 sub
2519 3274 2732 3341 poena
2787 3275 2905 3340 per
2947 3272 3225 3340 praepo-

364 3357 565 3421 situm
608 3367 672 3421 et
713 3356 1056 3443 collegium
1100 3356 1225 3422 sibi
1270 3355 1667 3443 iniungenda
1708 3366 1772 3421 et
1813 3351 2349 3419 irremissibiliter
2391 3352 2855 3441 extorquenda.

363 3542 462 3605 36.
530 3556 624 3603 011
667 3555 1020 3605 Asel-:Nous
1066 3555 1565 3607 mmsrsosuu
1608 3556 1700 3603 ET
1744 3554 1839 3602 011
1883 3551 2509 3603 Paeonum-onmes
2556 3552 2690 3600 rsa
2747 3549 2941 3601 11>sos
2984 3549 3225 3599 annm-

1625 3651 1948 3714 Qmmms.
3244 3638 3308 3693 86

534 3770 698 3837 Item
742 3768 1016 3858 quilibet
1059 3769 1436 3855 collegiatus
1479 3778 1691 3856 potest
1728 3766 1932 3833 libere
1976 3764 2267 3854 quolibet
2320 3766 2532 3831 medio
2585 3788 2752 3833 anno
2805 3764 3041 3831 absens
3083 3784 3227 3828 esse

366 3893 408 3935 a
455 3869 731 3957 collegio
776 3891 894 3956 per
932 3891 1126 3933 unum
1174 3890 1482 3950 mensem,
1540 3868 1703 3933 alias
1758 3865 1970 3932 nullus
2032 3889 2102 3931 se
2163 3866 2506 3933 absentare
2563 3867 2803 3953 poterit
2860 3888 2899 3931 a
2954 3863 3226 3949 collegio

367 3969 542 4035 ultra
582 3963 871 4033 mensem
915 3969 1054 4033 sine
1106 3967 1382 4033 licencia
1434 3966 1690 4054 collegii
1746 3964 2034 4053 speciali.
2118 3965 2208 4030 Et
2266 3968 2321 4031 81
2378 3966 2464 4032 ad
2516 3964 2800 4032 medium
2844 3986 3084 4030 annum
3123 3961 3227 4027 vel

370 4068 540 4133 ultra
599 4067 832 4155 aliquis
890 4066 1026 4131 vult
1084 4066 1325 4133 habere
1382 4066 1749 4181 licenciam,
1814 4075 2069 4131 tenetur
2123 4087 2386 4130 causam
2448 4066 2792 4131 absenciae
2834 4060 2896 4151 [7
2911 4063 2962 4151 ²]
3010 4085 3227 4127 coram

372 4167 648 4252 collegio
710 4168 1109 4253 exprimere,
1166 4166 1518 4231 secundum
1578 4167 1760 4230 cuius
1821 4164 2396 4250 legittimacionem
2448 4162 2793 4249 collegium
2855 4162 3040 4227 dabit
3101 4160 3313 4225 8111130

372 4266 712 4332 licenciam
753 4264 1104 4330 seeundum
1155 4276 1407 4353 tempus
1449 4267 1721 4353 petitum
1760 4263 1865 4328 vel
1922 4265 2250 4328 rescisius.
2334 4262 2620 4327 Tenetur
2670 4272 2886 4327 tamen
2938 4260 3090 4325 talis
3135 4259 3230 4324 sic

368 4375 597 4454 petens
641 4365 978 4432 licenciam
1022 4363 1347 4430 dimittere
1391 4372 1877 4452 procuratorem
1919 4364 2001 4439 inx
2033 4360 2344 4448 collegio,
2371 4360 2776 4447 collegiatum
2818 4368 3229 4448 praesentem

369 4474 434 4530 et
492 4487 655 4529 onus
718 4465 1194 4551 procurationis
1256 4462 1624 4529 huiusmodi
1687 4465 1755 4528 in
1822 4463 2209 4549 praesencia
2270 4460 2526 4547 collegii
2587 4470 3021 4526 assumentem
3081 4478 3230 4523 cum

367 4563 562 4652 pleno
624 4563 935 4629 mandato
977 4566 1046 4628 in
1101 4565 1292 4629 factis
1349 4562 1687 4648 collegium
1744 4560 2301 4644 concernentibus,
2356 4561 2465 4648 qui
2526 4559 2651 4625 sibi
2705 4558 3030 4625 intimabit
3081 4557 3228 4621 inti-

366 4662 611 4741 manda
652 4684 773 4751 per
814 4663 1157 4750 collegium
1204 4671 1287 4744 et,
1329 4663 1384 4726 si
1431 4684 1594 4749 opus
1632 4662 1853 4745 fuerit,
1906 4663 2121 4749 ipsum
2175 4661 2471 4729 revocari
2528 4658 2848 4745 disponat.
2933 4655 3127 4737 Quod
3173 4655 3228 4719 si
3243 4661 3309 4718 35

369 4766 509 4829 sine
563 4763 842 4829 licencia
898 4763 1068 4829 ultra
1120 4783 1409 4827 mensem
1460 4759 1695 4825 absens
1752 4762 1895 4848 quis
1949 4762 2147 4825 fuerit
2197 4770 2262 4825 et
2316 4768 2805 4846 procuratorem
2858 4752 3227 4821 huiusmodi

366 4885 499 4930 non
536 4862 904 4951 reliquerit,
960 4871 1197 4927 extunc
1237 4862 1384 4948 ipso
1426 4860 1599 4925 facto
1646 4860 1730 4924 sit
1784 4858 2053 4945 collegio
2104 4859 2421 4947 privatus,
2471 4857 2651 4923 nulla
2693 4856 2822 4922 alia
2865 4854 3228 4920 monicione

366 4961 821 5079 praecedente,
875 4985 1019 5028 cum
1061 4968 1280 5025 tamen
1331 4958 1498 5025 alias
1537 4958 1924 5044 regulariter
1966 4957 2179 5022 nullus
2235 4957 2484 5044 privari
2543 4955 2807 5035 debeat,
2865 4954 3226 5019 monicione

367 5085 497 5128 non
540 5064 918 5149 praemissa.
1005 5061 1076 5128 Si
1116 5082 1272 5126 vero
1320 5067 1724 5146 procurator,
1768 5079 1885 5145 per
1930 5057 2312 5141 magistrum
2356 5055 2690 5121 absentem
2735 5053 3063 5136 dimissus,
3109 5052 3221 5119 ali-

370 5184 495 5248 quo
540 5184 699 5229 casu
743 5183 811 5226 se
854 5160 1326 5244 absentaverit,
1367 5159 1491 5225 hoc
1536 5159 1606 5224 in
1644 5155 1822 5222 nullo
1866 5154 2318 5243 praeiudicare
2365 5154 2558 5220 debet
2594 5156 2907 5240 magistro
2950 5153 3224 5235 absenti,
3245 5160 3312 5216 40

371 5282 479 5349 qm
523 5282 673 5325 eum
712 5260 1072 5341 constituit,
1116 5264 1271 5348 quin
1312 5259 1559 5327 moneri
1603 5255 1840 5322 debeat
1880 5256 2262 5342 priusquam
2306 5256 2616 5341 privetur.

2765 5358 2838 5420 13
2857 5355 2885 5385 *
