4038 6358
1159 602 1327 656 Drino
1365 603 1893 672 statutam-ednodus,
1934 622 2040 656 von
2083 601 2459 657 147112—1490.
3104 607 3221 671 431

459 772 544 832 6.
607 767 980 836 Hortatur
1018 769 1350 836 facultatis
1396 771 1642 836 arcium
1684 770 1965 836 decanus
2009 753 2232 837 omnes
2274 781 2341 836 et
2380 769 2667 855 singulos
2712 770 2961 834 arcium
2996 767 3229 834 bacca-

247 863 521 930 larios
581 868 931 935 volentes
987 868 1203 956 legere
1253 872 1322 934 in
1378 868 1605 934 diebus
1639 869 2146 936 canicularibus
2174 865 2506 935 'lectiones
2556 868 2699 933 loco
2751 867 3230 954 complecionis,

261 975 710 1052 quatenus
765 991 912 1034 cras
949 967 1114 1034 hora
1151 968 1254 1034 XI
1279 971 1347 1034 in
1379 969 1569 1035 stuba
1590 968 1918 1034 facultatis
1949 972 2337 1035 conveniant
2365 967 2451 1034 ad
2474 966 2917 1054 recipiendum
2938 965 3229 1051 lectoria,

261 1063 416 1129 sub
479 1087 772 1152 poena
816 1069 1173 1134 carenciae.
1218 1068 1462 1134 Datum
1495 1091 1664 1135 anno
1707 1068 1952 1134 domini
1997 1075 2155 1138 1480
2200 1068 2305 1133 die
2343 1068 2485 1156 xiiij
2511 1069 2752 1132 mensis
2774 1065 2933 1132 Julii
2966 1069 3154 1149 (1480
3174 1073 3230 1130 d.

269 1171 298 1229 1
314 1173 384 1231 4.
457 1164 724 1252 hai),
769 1168 1122 1238 decanatus
1173 1167 1291 1235 sub
1335 1167 1566 1255 sigillo.
2017 1257 2039 1278 α
3278 1177 3311 1231 5

517 1488 712 1562 Ans
747 1491 858 1551 der
898 1488 1146 1548 &merem
1187 1489 1342 1548 Seite
1384 1491 1488 1547 dee
1527 1491 1824 1547 vorderen
1866 1489 2119 1549 Deckels
2162 1492 2263 1548 des
2309 1488 2815 1559 Βεαίυτεηόαοῇεε,
2860 1489 3102 1557 welches
3141 1487 3232 1546 be-

297 1585 714 1646 kanntlich
755 1589 1158 1666 qeqenwd‘rtiq
1200 1587 1558 1647 sc'immtliche
1597 1588 1791 1647 bisher
1832 1589 2223 1664 abqedruckte
2264 1587 2541 1647 Statuten
2611 1589 2838 1647 enthci'lt
2894 1579 3027 1667 (mit
3084 1588 3233 1645 Aus-

315 1687 586 1744 naloeme
646 1689 775 1746 der
813 1687 1132 1762 Entwarfe
1172 1707 1287 1748 von
1329 1689 1484 1751 ¹443
1523 1686 1609 1746 bis
1657 1686 1868 1766 1446),
1909 1688 2044 1746 lieet
2083 1708 2225 1746 man
2244 1689 2532 1764 folqende
2573 1686 2789 1746 Notis.-

514 1863 701 1930 Sub
746 1865 1066 1932 decanatu
1107 1865 1502 1934 venerabilis
1545 1867 1672 1932 viri
1727 1888 1806 1932 ac
1862 1866 2103 1932 domini
2120 1917 2139 1950 ,
2202 1869 2499 1953 magistri
2552 1868 2829 1934 Henrici
2884 1866 3103 1958 Greve
3156 1865 3237 1932 de

313 1963 757 2052 Gotfingen
813 1970 1050 2043 (Decem
1093 1970 1252 2032 1499
1269 1963 1347 2052 ὃ),
1392 1965 1728 2032 amborum
1768 1967 2008 2031 iurium
2050 1967 2425 2052 baccalarii‚
2481 1969 2748 2037 maioris
2804 1966 3060 2054 collegii
3112 1965 3239 2032 col-
3257 1975 3321 2030 10

316 2062 620 2150 legiati,
694 2065 885 2130 huius
941 2064 1184 2130 codicis
1228 2075 1468 2130 statuta
1512 2076 1658 2130 sunt
1695 2068 1787 2131 ‚in
1843 2065 2176 2132 meliorem
2248 2067 2540 2133 ordinem
2596 2078 2787 2153 atque
2838 2066 3114 2131 formam
3172 2073 3238 2130 et

332 2166 732 2229 cummuni
792 2165 1250 2250 magistrorum
1322 2163 1403 2233 de
1469 2165 1735 2231 consilio
1791 2165 2119 2232 facultatis
2176 2189 2494 2234 consensu
2577 2166 2974 2253 transposita
3044 2175 3237 2253 atque

330 2261 734 2348 ordinata,
791 2265 1101 2330 resecatis
1161 2264 1504 2350 superfluis
1561 2267 1699 2330 sive
1751 2268 2041 2350 insuetis,
2095 2269 2502 2350 necessariis,
2543 2275 2616 2332 ut
2655 2263 2997 2330 videbatur
3038 2264 3234 2330 facul·

256 2445 265 2454 ὁ
337 2365 478 2428 tati
505 2364 701 2446 toti,
753 2362 1213 2450 superadditis,
1260 2362 1797 2450 quemadmodum
1839 2366 1909 2429 in
1943 2387 2114 2431 novo
2159 2375 2543 2433 statutorum
2571 2362 2899 2431 facultatis
2925 2363 3094 2429 libro
3124 2363 3237 2429 ha—

340 2463 594 2548 betur,
651 2464 940 2528 cernitur
985 2472 1050 2528 et
1087 2464 1431 2528 invenitur.
1567 2550 1572 2558 ι
1793 2549 1802 2558 ,
2532 2477 2537 2480 '
3257 2473 3321 2529 15
