<?xml version="1.0" encoding="UTF-8"?>
<!DOCTYPE html PUBLIC "-//W3C//DTD XHTML 1.0 Transitional//EN"
    "http://www.w3.org/TR/xhtml1/DTD/xhtml1-transitional.dtd">
<html xmlns="http://www.w3.org/1999/xhtml" xml:lang="en" lang="en">
 <head>
  <title>
</title>
<meta http-equiv="Content-Type" content="text/html;charset=utf-8" />
  <meta name='ocr-system' content='tesseract 3.04.00' />
  <meta name='ocr-capabilities' content='ocr_page ocr_carea ocr_par ocr_line ocrx_word'/>
</head>
<body>
  <div class='ocr_page' id='page_1' title='image "./diestatutenbche02leipgoog_0629.png"; bbox 0 0 4038 6358; ppageno 0'>
   <div class='ocr_carea' id='block_1_1' title="bbox 1419 635 3300 703">
    <p class='ocr_par' dir='ltr' id='par_1_1' title="bbox 1419 635 3300 703">
     <span class='ocr_line' id='line_1_1' title="bbox 1419 635 3300 703; baseline 0.005 -16"><span class='ocrx_word' id='word_1_1' title='bbox 1419 636 1520 688; x_wconf 78' lang='lat' dir='ltr'><strong>Die</strong></span> <span class='ocrx_word' id='word_1_2' title='bbox 1555 635 1786 687; x_wconf 75' lang='lat' dir='ltr'><strong>Statuten</strong></span> <span class='ocrx_word' id='word_1_3' title='bbox 1823 650 1945 687; x_wconf 82' lang='lat' dir='ltr'><strong>vom</strong></span> <span class='ocrx_word' id='word_1_4' title='bbox 1982 637 2147 689; x_wconf 72' lang='lat' dir='ltr'><strong>Jahn-e</strong></span> <span class='ocrx_word' id='word_1_5' title='bbox 2184 636 2326 690; x_wconf 80' lang='lat'>1543.</span> <span class='ocrx_word' id='word_1_6' title='bbox 3180 638 3300 703; x_wconf 82' lang='grc'><strong>613</strong></span> 
     </span>
    </p>
   </div>
   <div class='ocr_carea' id='block_1_2' title="bbox 451 817 3386 2296">
    <p class='ocr_par' dir='ltr' id='par_1_2' title="bbox 451 817 3386 2296">
     <span class='ocr_line' id='line_1_2' title="bbox 461 817 3300 908; baseline -0 -25"><span class='ocrx_word' id='word_1_7' title='bbox 461 824 762 883; x_wconf 89' lang='lat' dir='ltr'><strong>moveant</strong></span> <span class='ocrx_word' id='word_1_8' title='bbox 805 826 873 883; x_wconf 92' lang='lat' dir='ltr'><strong>et</strong></span> <span class='ocrx_word' id='word_1_9' title='bbox 912 817 1404 884; x_wconf 87' lang='lat' dir='ltr'><strong>emolumentum</strong></span> <span class='ocrx_word' id='word_1_10' title='bbox 1451 818 2150 885; x_wconf 88' lang='lat' dir='ltr'><strong>baccalaureandorum</strong></span> <span class='ocrx_word' id='word_1_11' title='bbox 2192 819 2344 885; x_wconf 85' lang='lat' dir='ltr'><strong>inde</strong></span> <span class='ocrx_word' id='word_1_12' title='bbox 2384 820 2745 908; x_wconf 79' lang='lat' dir='ltr'><strong>recipiantâ€ž</strong></span> <span class='ocrx_word' id='word_1_13' title='bbox 2768 817 3071 885; x_wconf 88' lang='lat' dir='ltr'><strong>videlicet</strong></span> <span class='ocrx_word' id='word_1_14' title='bbox 3109 817 3300 908; x_wconf 89' lang='lat' dir='ltr'><strong>quod,</strong></span> 
     </span>
     <span class='ocr_line' id='line_1_3' title="bbox 462 917 3302 1005; baseline 0.001 -24"><span class='ocrx_word' id='word_1_15' title='bbox 462 917 516 981; x_wconf 87' lang='lat' dir='ltr'><strong>si</strong></span> <span class='ocrx_word' id='word_1_16' title='bbox 569 940 731 982; x_wconf 88' lang='lat' dir='ltr'><strong>unus</strong></span> <span class='ocrx_word' id='word_1_17' title='bbox 773 926 1020 983; x_wconf 89' lang='lat' dir='ltr'><strong>tantum</strong></span> <span class='ocrx_word' id='word_1_18' title='bbox 1083 940 1199 1004; x_wconf 89' lang='lat' dir='ltr'><strong>pro</strong></span> <span class='ocrx_word' id='word_1_19' title='bbox 1253 917 1467 1004; x_wconf 90' lang='lat' dir='ltr'><strong>aliquo</strong></span> <span class='ocrx_word' id='word_1_20' title='bbox 1524 928 1810 1005; x_wconf 88' lang='lat' dir='ltr'><strong>tempore</strong></span> <span class='ocrx_word' id='word_1_21' title='bbox 1866 920 2033 984; x_wconf 88' lang='lat' dir='ltr'><strong>foret</strong></span> <span class='ocrx_word' id='word_1_22' title='bbox 2087 918 2698 1001; x_wconf 88' lang='lat' dir='ltr'><strong>baccalaureandus,</strong></span> <span class='ocrx_word' id='word_1_23' title='bbox 2754 929 2907 984; x_wconf 89' lang='lat' dir='ltr'><strong>tunc</strong></span> <span class='ocrx_word' id='word_1_24' title='bbox 2961 920 3099 984; x_wconf 90' lang='lat' dir='ltr'><strong>eius</strong></span> <span class='ocrx_word' id='word_1_25' title='bbox 3155 940 3302 1005; x_wconf 90' lang='lat' dir='ltr'><strong>pro-</strong></span> 
     </span>
     <span class='ocr_line' id='line_1_4' title="bbox 458 1015 3307 1107; baseline -0.001 -24"><span class='ocrx_word' id='word_1_26' title='bbox 458 1026 686 1097; x_wconf 88' lang='lat' dir='ltr'><strong>motor,</strong></span> <span class='ocrx_word' id='word_1_27' title='bbox 741 1019 797 1082; x_wconf 87' lang='lat' dir='ltr'><strong>si</strong></span> <span class='ocrx_word' id='word_1_28' title='bbox 849 1018 1034 1104; x_wconf 81' lang='lat' dir='ltr'><strong>prius</strong></span> <span class='ocrx_word' id='word_1_29' title='bbox 1088 1015 1263 1083; x_wconf 92' lang='lat' dir='ltr'><strong>nullo</strong></span> <span class='ocrx_word' id='word_1_30' title='bbox 1308 1015 1731 1084; x_wconf 89' lang='lat' dir='ltr'><strong>emolumento</strong></span> <span class='ocrx_word' id='word_1_31' title='bbox 1777 1019 2228 1107; x_wconf 88' lang='lat' dir='ltr'><strong>participavit,</strong></span> <span class='ocrx_word' id='word_1_32' title='bbox 2280 1021 2348 1083; x_wconf 88' lang='lat' dir='ltr'><strong>in</strong></span> <span class='ocrx_word' id='word_1_33' title='bbox 2394 1041 2508 1084; x_wconf 87' lang='lat' dir='ltr'><strong>suo</strong></span> <span class='ocrx_word' id='word_1_34' title='bbox 2551 1017 2776 1084; x_wconf 85' lang='lat' dir='ltr'><strong>ordine</strong></span> <span class='ocrx_word' id='word_1_35' title='bbox 2819 1028 3023 1084; x_wconf 88' lang='lat' dir='ltr'><strong>totam</strong></span> <span class='ocrx_word' id='word_1_36' title='bbox 3065 1017 3307 1083; x_wconf 90' lang='lat' dir='ltr'><strong>habeat</strong></span> 
     </span>
     <span class='ocr_line' id='line_1_5' title="bbox 460 1117 3303 1205; baseline 0.001 -26"><span class='ocrx_word' id='word_1_37' title='bbox 460 1117 800 1202; x_wconf 90' lang='lat' dir='ltr'><strong>pecuniam</strong></span> <span class='ocrx_word' id='word_1_38' title='bbox 818 1166 834 1195; x_wconf 90' lang='lat'><strong>,</strong></span> <span class='ocrx_word' id='word_1_39' title='bbox 893 1117 1077 1181; x_wconf 86' lang='lat' dir='ltr'><strong>iuxta</strong></span> <span class='ocrx_word' id='word_1_40' title='bbox 1139 1126 1448 1182; x_wconf 87' lang='lat' dir='ltr'><strong>statutum</strong></span> <span class='ocrx_word' id='word_1_41' title='bbox 1511 1117 1792 1205; x_wconf 81' lang='lat' dir='ltr'>desuper</span> <span class='ocrx_word' id='word_1_42' title='bbox 1848 1118 2204 1184; x_wconf 89' lang='lat' dir='ltr'><strong>confectum</strong></span> <span class='ocrx_word' id='word_1_43' title='bbox 2264 1118 2431 1183; x_wconf 84' lang='lat' dir='ltr'><strong>solvi</strong></span> <span class='ocrx_word' id='word_1_44' title='bbox 2490 1128 2892 1200; x_wconf 81' lang='lat' dir='ltr'><strong>consuetam3</strong></span> <span class='ocrx_word' id='word_1_45' title='bbox 2951 1119 3007 1182; x_wconf 90' lang='lat' dir='ltr'><strong>si</strong></span> <span class='ocrx_word' id='word_1_46' title='bbox 3064 1117 3303 1205; x_wconf 87' lang='lat' dir='ltr'><strong>plures,</strong></span> 
     </span>
     <span class='ocr_line' id='line_1_6' title="bbox 457 1213 3384 1304; baseline -0.001 -24"><span class='ocrx_word' id='word_1_47' title='bbox 457 1223 610 1281; x_wconf 91' lang='lat' dir='ltr'><strong>tunc</strong></span> <span class='ocrx_word' id='word_1_48' title='bbox 640 1238 783 1280; x_wconf 90' lang='lat' dir='ltr'><strong>cum</strong></span> <span class='ocrx_word' id='word_1_49' title='bbox 828 1214 972 1281; x_wconf 88' lang='lat' dir='ltr'><strong>aliis</strong></span> <span class='ocrx_word' id='word_1_50' title='bbox 1016 1215 1386 1282; x_wconf 87' lang='lat' dir='ltr'><strong>doctoribus</strong></span> <span class='ocrx_word' id='word_1_51' title='bbox 1425 1216 1772 1282; x_wconf 88' lang='lat' dir='ltr'><strong>inmediate</strong></span> <span class='ocrx_word' id='word_1_52' title='bbox 1813 1216 2226 1304; x_wconf 88' lang='lat' dir='ltr'><strong>sequentibus</strong></span> <span class='ocrx_word' id='word_1_53' title='bbox 2265 1216 2761 1282; x_wconf 91' lang='lat' dir='ltr'><strong>emolumentum</strong></span> <span class='ocrx_word' id='word_1_54' title='bbox 2802 1239 2885 1281; x_wconf 80' lang='lat' dir='ltr'><strong>ex</strong></span> <span class='ocrx_word' id='word_1_55' title='bbox 2923 1213 3289 1281; x_wconf 89' lang='lat' dir='ltr'><strong>huiusmodi</strong></span> <span class='ocrx_word' id='word_1_56' title='bbox 3353 1223 3384 1278; x_wconf 82' lang='lat'><strong>5</strong></span> 
     </span>
     <span class='ocr_line' id='line_1_7' title="bbox 461 1315 3299 1404; baseline 0 -25"><span class='ocrx_word' id='word_1_57' title='bbox 461 1317 865 1402; x_wconf 81' lang='lat' dir='ltr'><strong>promotione</strong></span> <span class='ocrx_word' id='word_1_58' title='bbox 909 1317 1296 1402; x_wconf 81' lang='lat' dir='ltr'><strong>proveniens</strong></span> <span class='ocrx_word' id='word_1_59' title='bbox 1339 1315 1978 1404; x_wconf 78' lang='lat' dir='ltr'><strong>proportionabiliter</strong></span> <span class='ocrx_word' id='word_1_60' title='bbox 2024 1315 2273 1381; x_wconf 87' lang='lat' dir='ltr'><strong>dividat</strong></span> <span class='ocrx_word' id='word_1_61' title='bbox 2315 1327 2378 1381; x_wconf 89' lang='lat' dir='ltr'><strong>et</strong></span> <span class='ocrx_word' id='word_1_62' title='bbox 2420 1315 2797 1397; x_wconf 76' lang='lat' dir='ltr'><strong>distribuat,</strong></span> <span class='ocrx_word' id='word_1_63' title='bbox 2852 1325 2916 1380; x_wconf 91' lang='lat' dir='ltr'><strong>et</strong></span> <span class='ocrx_word' id='word_1_64' title='bbox 2957 1316 3299 1402; x_wconf 90' lang='lat' dir='ltr'><strong>unicuique</strong></span> 
     </span>
     <span class='ocr_line' id='line_1_8' title="bbox 458 1413 3301 1504; baseline 0 -26"><span class='ocrx_word' id='word_1_65' title='bbox 458 1413 795 1479; x_wconf 87' lang='lat' dir='ltr'><strong>doctorum</strong></span> <span class='ocrx_word' id='word_1_66' title='bbox 840 1417 1035 1481; x_wconf 89' lang='lat' dir='ltr'><strong>etiam</strong></span> <span class='ocrx_word' id='word_1_67' title='bbox 1077 1416 1396 1501; x_wconf 87' lang='lat' dir='ltr'><strong>integram</strong></span> <span class='ocrx_word' id='word_1_68' title='bbox 1441 1415 1798 1501; x_wconf 86' lang='lat' dir='ltr'><strong>portionem</strong></span> <span class='ocrx_word' id='word_1_69' title='bbox 1844 1415 2116 1480; x_wconf 87' lang='lat' dir='ltr'><strong>alicuius</strong></span> <span class='ocrx_word' id='word_1_70' title='bbox 2158 1416 2434 1502; x_wconf 88' lang='lat' dir='ltr'><strong>promoti</strong></span> <span class='ocrx_word' id='word_1_71' title='bbox 2478 1415 2822 1500; x_wconf 86' lang='lat' dir='ltr'><strong>offerendo,</strong></span> <span class='ocrx_word' id='word_1_72' title='bbox 2874 1437 2995 1504; x_wconf 91' lang='lat' dir='ltr'><strong>pro</strong></span> <span class='ocrx_word' id='word_1_73' title='bbox 3042 1436 3111 1480; x_wconf 89' lang='lat' dir='ltr'><strong>se</strong></span> <span class='ocrx_word' id='word_1_74' title='bbox 3151 1436 3301 1501; x_wconf 87' lang='lat' dir='ltr'><strong>par-</strong></span> 
     </span>
     <span class='ocr_line' id='line_1_9' title="bbox 457 1512 3304 1602; baseline -0 -24"><span class='ocrx_word' id='word_1_75' title='bbox 457 1524 583 1578; x_wconf 86' lang='lat' dir='ltr'><strong>tem</strong></span> <span class='ocrx_word' id='word_1_76' title='bbox 648 1515 836 1578; x_wconf 85' lang='lat' dir='ltr'><strong>unius</strong></span> <span class='ocrx_word' id='word_1_77' title='bbox 897 1514 1306 1580; x_wconf 88' lang='lat' dir='ltr'><strong>baccalaurei</strong></span> <span class='ocrx_word' id='word_1_78' title='bbox 1370 1516 1641 1601; x_wconf 90' lang='lat' dir='ltr'><strong>promoti</strong></span> <span class='ocrx_word' id='word_1_79' title='bbox 1704 1513 2046 1579; x_wconf 82' lang='lat' dir='ltr'><strong>dumtaxat</strong></span> <span class='ocrx_word' id='word_1_80' title='bbox 2100 1514 2453 1597; x_wconf 80' lang='lat' dir='ltr'><strong>retinendO,</strong></span> <span class='ocrx_word' id='word_1_81' title='bbox 2510 1513 2893 1602; x_wconf 88' lang='lat' dir='ltr'><strong>doctorque,</strong></span> <span class='ocrx_word' id='word_1_82' title='bbox 2952 1515 3022 1580; x_wconf 89' lang='lat' dir='ltr'><strong>in</strong></span> <span class='ocrx_word' id='word_1_83' title='bbox 3077 1512 3304 1579; x_wconf 84' lang='lat' dir='ltr'><strong>ordine</strong></span> 
     </span>
     <span class='ocr_line' id='line_1_10' title="bbox 455 1610 3303 1701; baseline 0 -26"><span class='ocrx_word' id='word_1_84' title='bbox 455 1623 892 1699; x_wconf 86' lang='lat' dir='ltr'><strong>promotorem</strong></span> <span class='ocrx_word' id='word_1_85' title='bbox 946 1615 1140 1680; x_wconf 89' lang='lat' dir='ltr'><strong>istum</strong></span> <span class='ocrx_word' id='word_1_86' title='bbox 1195 1635 1486 1700; x_wconf 86' lang='lat' dir='ltr'><strong>sequens,</strong></span> <span class='ocrx_word' id='word_1_87' title='bbox 1543 1611 1672 1678; x_wconf 83' lang='lat' dir='ltr'><strong>alio</strong></span> <span class='ocrx_word' id='word_1_88' title='bbox 1729 1624 2018 1701; x_wconf 89' lang='lat' dir='ltr'><strong>tempore</strong></span> <span class='ocrx_word' id='word_1_89' title='bbox 2074 1613 2310 1679; x_wconf 90' lang='lat' dir='ltr'><strong>habeat</strong></span> <span class='ocrx_word' id='word_1_90' title='bbox 2360 1613 2821 1679; x_wconf 84' lang='lat' dir='ltr'><strong>baccalaureos</strong></span> <span class='ocrx_word' id='word_1_91' title='bbox 2878 1610 3303 1701; x_wconf 88' lang='lat' dir='ltr'><strong>promovendi</strong></span> 
     </span>
     <span class='ocr_line' id='line_1_11' title="bbox 454 1710 3386 1801; baseline -0 -26"><span class='ocrx_word' id='word_1_92' title='bbox 454 1710 844 1777; x_wconf 77' lang='lat' dir='ltr'><strong>facultatem.</strong></span> <span class='ocrx_word' id='word_1_93' title='bbox 929 1713 1017 1778; x_wconf 84' lang='lat' dir='ltr'><strong>Et</strong></span> <span class='ocrx_word' id='word_1_94' title='bbox 1057 1712 1470 1778; x_wconf 84' lang='lat' dir='ltr'><strong>nihilominus</strong></span> <span class='ocrx_word' id='word_1_95' title='bbox 1515 1714 1583 1778; x_wconf 92' lang='lat' dir='ltr'><strong>in</strong></span> <span class='ocrx_word' id='word_1_96' title='bbox 1625 1712 2073 1794; x_wconf 89' lang='lat' dir='ltr'><strong>emolumento,</strong></span> <span class='ocrx_word' id='word_1_97' title='bbox 2128 1715 2311 1801; x_wconf 87' lang='lat' dir='ltr'><strong>prius</strong></span> <span class='ocrx_word' id='word_1_98' title='bbox 2356 1713 2511 1778; x_wconf 87' lang='lat' dir='ltr'><strong>dum</strong></span> <span class='ocrx_word' id='word_1_99' title='bbox 2562 1735 2688 1778; x_wconf 90' lang='lat' dir='ltr'><strong>non</strong></span> <span class='ocrx_word' id='word_1_100' title='bbox 2746 1713 3097 1800; x_wconf 88' lang='lat' dir='ltr'><strong>promovit,</strong></span> <span class='ocrx_word' id='word_1_101' title='bbox 3150 1719 3386 1799; x_wconf 82' lang='lat' dir='ltr'><strong>per-10</strong></span> 
     </span>
     <span class='ocr_line' id='line_1_12' title="bbox 455 1810 3298 1900; baseline 0 -25"><span class='ocrx_word' id='word_1_102' title='bbox 455 1822 642 1898; x_wconf 90' lang='lat' dir='ltr'><strong>cepto</strong></span> <span class='ocrx_word' id='word_1_103' title='bbox 702 1811 904 1891; x_wconf 15' lang='lat' dir='ltr'><strong>debet,</strong></span> <span class='ocrx_word' id='word_1_104' title='bbox 948 1835 1090 1878; x_wconf 90' lang='lat' dir='ltr'><strong>esse</strong></span> <span class='ocrx_word' id='word_1_105' title='bbox 1145 1822 1495 1878; x_wconf 87' lang='lat' dir='ltr'><strong>contentus.</strong></span> <span class='ocrx_word' id='word_1_106' title='bbox 1579 1811 1672 1878; x_wconf 87' lang='lat' dir='ltr'><strong>Et</strong></span> <span class='ocrx_word' id='word_1_107' title='bbox 1730 1813 2022 1900; x_wconf 85' lang='lat' dir='ltr'><strong>sequenti</strong></span> <span class='ocrx_word' id='word_1_108' title='bbox 2083 1811 2331 1878; x_wconf 90' lang='lat' dir='ltr'><strong>doctori</strong></span> <span class='ocrx_word' id='word_1_109' title='bbox 2389 1812 2490 1878; x_wconf 91' lang='lat' dir='ltr'><strong>vel</strong></span> <span class='ocrx_word' id='word_1_110' title='bbox 2552 1810 2943 1893; x_wconf 90' lang='lat' dir='ltr'><strong>doctoribus,</strong></span> <span class='ocrx_word' id='word_1_111' title='bbox 3003 1811 3115 1899; x_wconf 88' lang='lat' dir='ltr'><strong>qui</strong></span> <span class='ocrx_word' id='word_1_112' title='bbox 3167 1833 3298 1876; x_wconf 92' lang='lat' dir='ltr'><strong>non</strong></span> 
     </span>
     <span class='ocr_line' id='line_1_13' title="bbox 459 1910 3303 2000; baseline 0 -25"><span class='ocrx_word' id='word_1_113' title='bbox 459 1911 883 1998; x_wconf 81' lang='lat' dir='ltr'><strong>participavit</strong></span> <span class='ocrx_word' id='word_1_114' title='bbox 944 1910 1049 1977; x_wconf 87' lang='lat' dir='ltr'><strong>vel</strong></span> <span class='ocrx_word' id='word_1_115' title='bbox 1115 1912 1708 2000; x_wconf 82' lang='lat' dir='ltr'><strong>participaverunt,</strong></span> <span class='ocrx_word' id='word_1_116' title='bbox 1774 1911 2190 1978; x_wconf 82' lang='lat' dir='ltr'><strong>obventiones</strong></span> <span class='ocrx_word' id='word_1_117' title='bbox 2253 1910 2403 1976; x_wconf 90' lang='lat' dir='ltr'><strong>inde</strong></span> <span class='ocrx_word' id='word_1_118' title='bbox 2464 1923 2807 1999; x_wconf 89' lang='lat' dir='ltr'><strong>perceptas</strong></span> <span class='ocrx_word' id='word_1_119' title='bbox 2872 1910 3094 1993; x_wconf 83' lang='lat' dir='ltr'><strong>modo,</strong></span> <span class='ocrx_word' id='word_1_120' title='bbox 3177 1932 3303 1999; x_wconf 91' lang='lat' dir='ltr'><strong>quo</strong></span> 
     </span>
     <span class='ocr_line' id='line_1_14' title="bbox 455 2009 3300 2098; baseline 0 -24"><span class='ocrx_word' id='word_1_121' title='bbox 455 2032 658 2098; x_wconf 88' lang='lat' dir='ltr'><strong>supra</strong></span> <span class='ocrx_word' id='word_1_122' title='bbox 700 2010 1079 2078; x_wconf 88' lang='lat' dir='ltr'><strong>adnotatum</strong></span> <span class='ocrx_word' id='word_1_123' title='bbox 1125 2021 1240 2093; x_wconf 88' lang='lat' dir='ltr'><strong>est,</strong></span> <span class='ocrx_word' id='word_1_124' title='bbox 1285 2010 1443 2077; x_wconf 88' lang='lat' dir='ltr'><strong>dare</strong></span> <span class='ocrx_word' id='word_1_125' title='bbox 1487 2011 1824 2079; x_wconf 88' lang='lat' dir='ltr'><strong>tenebitur.</strong></span> <span class='ocrx_word' id='word_1_126' title='bbox 1909 2009 1999 2076; x_wconf 87' lang='lat' dir='ltr'><strong>Et</strong></span> <span class='ocrx_word' id='word_1_127' title='bbox 2038 2021 2111 2074; x_wconf 86' lang='lat' dir='ltr'><strong>ut</strong></span> <span class='ocrx_word' id='word_1_128' title='bbox 2157 2009 2530 2097; x_wconf 88' lang='lat' dir='ltr'><strong>praedictus</strong></span> <span class='ocrx_word' id='word_1_129' title='bbox 2554 2010 2732 2076; x_wconf 79' lang='lat' dir='ltr'><strong>&#39;ordo</strong></span> <span class='ocrx_word' id='word_1_130' title='bbox 2775 2009 3109 2076; x_wconf 88' lang='lat' dir='ltr'><strong>doctorum</strong></span> <span class='ocrx_word' id='word_1_131' title='bbox 3152 2032 3300 2096; x_wconf 89' lang='lat' dir='ltr'><strong>pro-</strong></span> 
     </span>
     <span class='ocr_line' id='line_1_15' title="bbox 453 2108 3300 2199; baseline 0 -26"><span class='ocrx_word' id='word_1_132' title='bbox 453 2111 848 2175; x_wconf 86' lang='lat' dir='ltr'><strong>moventium</strong></span> <span class='ocrx_word' id='word_1_133' title='bbox 891 2121 955 2176; x_wconf 91' lang='lat' dir='ltr'><strong>et</strong></span> <span class='ocrx_word' id='word_1_134' title='bbox 994 2110 1286 2192; x_wconf 89' lang='lat' dir='ltr'><strong>aliorum,</strong></span> <span class='ocrx_word' id='word_1_135' title='bbox 1349 2111 1456 2199; x_wconf 92' lang='lat' dir='ltr'><strong>qui</strong></span> <span class='ocrx_word' id='word_1_136' title='bbox 1518 2109 2016 2177; x_wconf 89' lang='lat' dir='ltr'><strong>emolumentum</strong></span> <span class='ocrx_word' id='word_1_137' title='bbox 2076 2132 2159 2174; x_wconf 86' lang='lat' dir='ltr'><strong>ex</strong></span> <span class='ocrx_word' id='word_1_138' title='bbox 2218 2108 2330 2175; x_wconf 89' lang='lat' dir='ltr'><strong>tali</strong></span> <span class='ocrx_word' id='word_1_139' title='bbox 2387 2110 2791 2196; x_wconf 86' lang='lat' dir='ltr'><strong>promotione</strong></span> <span class='ocrx_word' id='word_1_140' title='bbox 2850 2120 3300 2197; x_wconf 87' lang='lat' dir='ltr'><strong>perceperunt,</strong></span> 
     </span>
     <span class='ocr_line' id='line_1_16' title="bbox 451 2207 3381 2296; baseline -0.001 -23"><span class='ocrx_word' id='word_1_141' title='bbox 451 2210 520 2274; x_wconf 93' lang='lat' dir='ltr'><strong>in</strong></span> <span class='ocrx_word' id='word_1_142' title='bbox 572 2212 812 2275; x_wconf 86' lang='lat' dir='ltr'><strong>recenti</strong></span> <span class='ocrx_word' id='word_1_143' title='bbox 855 2210 1170 2276; x_wconf 86' lang='lat' dir='ltr'><strong>habeatur</strong></span> <span class='ocrx_word' id='word_1_144' title='bbox 1209 2213 1548 2293; x_wconf 88' lang='lat' dir='ltr'><strong>memoria,</strong></span> <span class='ocrx_word' id='word_1_145' title='bbox 1617 2210 1898 2275; x_wconf 89' lang='lat' dir='ltr'><strong>decanus</strong></span> <span class='ocrx_word' id='word_1_146' title='bbox 1943 2207 2205 2274; x_wconf 89' lang='lat' dir='ltr'><strong>eosdem</strong></span> <span class='ocrx_word' id='word_1_147' title='bbox 2267 2208 2353 2273; x_wconf 90' lang='lat' dir='ltr'><strong>ad</strong></span> <span class='ocrx_word' id='word_1_148' title='bbox 2397 2207 2675 2296; x_wconf 90' lang='lat' dir='ltr'><strong>aliquem</strong></span> <span class='ocrx_word' id='word_1_149' title='bbox 2721 2219 3090 2274; x_wconf 83' lang='lat' dir='ltr'><strong>sexternum</strong></span> <span class='ocrx_word' id='word_1_150' title='bbox 3149 2230 3294 2274; x_wconf 90' lang='lat' dir='ltr'><strong>con-</strong></span> <span class='ocrx_word' id='word_1_151' title='bbox 3321 2216 3381 2272; x_wconf 84' lang='lat'><strong>15</strong></span> 
     </span>
    </p>
   </div>
   <div class='ocr_carea' id='block_1_3' title="bbox 453 2308 967 2395">
    <p class='ocr_par' dir='ltr' id='par_1_3' title="bbox 453 2308 967 2395">
     <span class='ocr_line' id='line_1_17' title="bbox 453 2308 967 2395; baseline 0 -22"><span class='ocrx_word' id='word_1_152' title='bbox 453 2310 713 2395; x_wconf 87' lang='lat' dir='ltr'><strong>signare</strong></span> <span class='ocrx_word' id='word_1_153' title='bbox 755 2308 967 2375; x_wconf 88' lang='lat' dir='ltr'><strong>debet.</strong></span> 
     </span>
    </p>
   </div>
   <div class='ocr_carea' id='block_1_4' title="bbox 1343 2457 2439 2644">
    <p class='ocr_par' dir='ltr' id='par_1_4' title="bbox 1343 2457 2439 2644">
     <span class='ocr_line' id='line_1_18' title="bbox 1553 2457 2196 2509; baseline -0.005 0"><span class='ocrx_word' id='word_1_154' title='bbox 1553 2461 1647 2509; x_wconf 71' lang='lat' dir='ltr'><strong>nr:</strong></span> <span class='ocrx_word' id='word_1_155' title='bbox 1691 2457 2196 2509; x_wconf 68' lang='lat' dir='ltr'><strong>mcmnmms.</strong></span> 
     </span>
     <span class='ocr_line' id='line_1_19' title="bbox 1343 2573 2439 2644; baseline 0.002 -16"><span class='ocrx_word' id='word_1_156' title='bbox 1343 2579 1554 2642; x_wconf 76' lang='lat' dir='ltr'><strong>Caput</strong></span> <span class='ocrx_word' id='word_1_157' title='bbox 1590 2579 1807 2631; x_wconf 83' lang='lat' dir='ltr'>xl111.</span> <span class='ocrx_word' id='word_1_158' title='bbox 1844 2573 2439 2644; x_wconf 70' lang='lat' dir='ltr'><strong>(vgl.s.st.21-29.)</strong></span> 
     </span>
    </p>
   </div>
   <div class='ocr_carea' id='block_1_5' title="bbox 438 2707 3377 5383">
    <p class='ocr_par' dir='ltr' id='par_1_5' title="bbox 449 2707 3377 3095">
     <span class='ocr_line' id='line_1_20' title="bbox 625 2707 3291 2778; baseline -0.002 -1"><span class='ocrx_word' id='word_1_159' title='bbox 625 2719 674 2778; x_wconf 92' lang='lat'><strong>1.</strong></span> <span class='ocrx_word' id='word_1_160' title='bbox 717 2709 945 2776; x_wconf 91' lang='lat' dir='ltr'><strong>Nullus</strong></span> <span class='ocrx_word' id='word_1_161' title='bbox 998 2709 1460 2776; x_wconf 84' lang='lat' dir='ltr'><strong>baccalaureus</strong></span> <span class='ocrx_word' id='word_1_162' title='bbox 1522 2721 1633 2775; x_wconf 87' lang='lat' dir='ltr'><strong>aut</strong></span> <span class='ocrx_word' id='word_1_163' title='bbox 1687 2708 2115 2775; x_wconf 88' lang='lat' dir='ltr'><strong>licentiandus</strong></span> <span class='ocrx_word' id='word_1_164' title='bbox 2174 2710 2239 2774; x_wconf 91' lang='lat' dir='ltr'><strong>in</strong></span> <span class='ocrx_word' id='word_1_165' title='bbox 2300 2709 2637 2775; x_wconf 87' lang='lat' dir='ltr'><strong>medicinis</strong></span> <span class='ocrx_word' id='word_1_166' title='bbox 2699 2708 2783 2774; x_wconf 92' lang='lat' dir='ltr'><strong>ad</strong></span> <span class='ocrx_word' id='word_1_167' title='bbox 2842 2708 3166 2774; x_wconf 87' lang='lat' dir='ltr'><strong>licentiam</strong></span> <span class='ocrx_word' id='word_1_168' title='bbox 3226 2707 3291 2772; x_wconf 92' lang='lat' dir='ltr'><strong>in</strong></span> 
     </span>
     <span class='ocr_line' id='line_1_21' title="bbox 452 2806 3377 2897; baseline -0.002 -21"><span class='ocrx_word' id='word_1_169' title='bbox 452 2810 679 2876; x_wconf 88' lang='lat' dir='ltr'><strong>eadem</strong></span> <span class='ocrx_word' id='word_1_170' title='bbox 726 2809 1124 2892; x_wconf 86' lang='lat' dir='ltr'><strong>admittatur,</strong></span> <span class='ocrx_word' id='word_1_171' title='bbox 1169 2809 1295 2874; x_wconf 89' lang='lat' dir='ltr'><strong>nisi</strong></span> <span class='ocrx_word' id='word_1_172' title='bbox 1340 2810 1520 2897; x_wconf 87' lang='lat' dir='ltr'><strong>prius</strong></span> <span class='ocrx_word' id='word_1_173' title='bbox 1566 2831 1782 2874; x_wconf 90' lang='lat' dir='ltr'><strong>coram</strong></span> <span class='ocrx_word' id='word_1_174' title='bbox 1827 2809 2073 2874; x_wconf 90' lang='lat' dir='ltr'><strong>decano</strong></span> <span class='ocrx_word' id='word_1_175' title='bbox 2119 2819 2181 2873; x_wconf 89' lang='lat' dir='ltr'><strong>et</strong></span> <span class='ocrx_word' id='word_1_176' title='bbox 2226 2810 2685 2875; x_wconf 88' lang='lat' dir='ltr'><strong>convocatione</strong></span> <span class='ocrx_word' id='word_1_177' title='bbox 2726 2808 2923 2873; x_wconf 88' lang='lat' dir='ltr'><strong>totius</strong></span> <span class='ocrx_word' id='word_1_178' title='bbox 2964 2806 3377 2873; x_wconf 76' lang='lat' dir='ltr'><strong>facultatisZO</strong></span> 
     </span>
     <span class='ocr_line' id='line_1_22' title="bbox 450 2905 3291 2995; baseline -0.002 -20"><span class='ocrx_word' id='word_1_179' title='bbox 450 2910 793 2992; x_wconf 89' lang='lat' dir='ltr'><strong>iuraverit,</strong></span> <span class='ocrx_word' id='word_1_180' title='bbox 857 2932 926 2975; x_wconf 89' lang='lat' dir='ltr'><strong>se</strong></span> <span class='ocrx_word' id='word_1_181' title='bbox 966 2908 1132 2974; x_wconf 88' lang='lat' dir='ltr'><strong>velle</strong></span> <span class='ocrx_word' id='word_1_182' title='bbox 1189 2928 1453 2973; x_wconf 87' lang='lat' dir='ltr'><strong>servare</strong></span> <span class='ocrx_word' id='word_1_183' title='bbox 1510 2916 1751 2973; x_wconf 87' lang='lat' dir='ltr'><strong>statuta</strong></span> <span class='ocrx_word' id='word_1_184' title='bbox 1804 2907 2149 2991; x_wconf 84' lang='lat' dir='ltr'><strong>facultatis,</strong></span> <span class='ocrx_word' id='word_1_185' title='bbox 2206 2931 2371 2995; x_wconf 90' lang='lat' dir='ltr'><strong>quae</strong></span> <span class='ocrx_word' id='word_1_186' title='bbox 2429 2918 2576 2974; x_wconf 90' lang='lat' dir='ltr'><strong>sunt</strong></span> <span class='ocrx_word' id='word_1_187' title='bbox 2627 2925 2692 2974; x_wconf 88' lang='lat' dir='ltr'><strong>et</strong></span> <span class='ocrx_word' id='word_1_188' title='bbox 2735 2916 2921 2973; x_wconf 89' lang='lat' dir='ltr'><strong>erunt</strong></span> <span class='ocrx_word' id='word_1_189' title='bbox 2962 2929 3080 2994; x_wconf 90' lang='lat' dir='ltr'><strong>pro</strong></span> <span class='ocrx_word' id='word_1_190' title='bbox 3121 2905 3291 2971; x_wconf 88' lang='lat' dir='ltr'><strong>bono</strong></span> 
     </span>
     <span class='ocr_line' id='line_1_23' title="bbox 449 3006 1775 3095; baseline -0.001 -22"><span class='ocrx_word' id='word_1_191' title='bbox 449 3010 777 3076; x_wconf 81' lang='lat' dir='ltr'><strong>facultatis</strong></span> <span class='ocrx_word' id='word_1_192' title='bbox 818 3020 882 3074; x_wconf 90' lang='lat' dir='ltr'><strong>et</strong></span> <span class='ocrx_word' id='word_1_193' title='bbox 921 3030 1040 3095; x_wconf 90' lang='lat' dir='ltr'><strong>per</strong></span> <span class='ocrx_word' id='word_1_194' title='bbox 1076 3006 1346 3073; x_wconf 90' lang='lat' dir='ltr'><strong>eandem</strong></span> <span class='ocrx_word' id='word_1_195' title='bbox 1393 3006 1775 3094; x_wconf 89' lang='lat' dir='ltr'><strong>approbata.</strong></span> 
     </span>
    </p>

    <p class='ocr_par' dir='ltr' id='par_1_6' title="bbox 438 3105 3373 3991">
     <span class='ocr_line' id='line_1_24' title="bbox 616 3105 3290 3189; baseline -0.001 -15"><span class='ocrx_word' id='word_1_196' title='bbox 616 3114 670 3175; x_wconf 79' lang='lat'><strong>2.</strong></span> <span class='ocrx_word' id='word_1_197' title='bbox 714 3108 1080 3173; x_wconf 88' lang='lat' dir='ltr'><strong>Medicinae</strong></span> <span class='ocrx_word' id='word_1_198' title='bbox 1122 3106 1588 3172; x_wconf 86' lang='lat' dir='ltr'><strong>baccalaureus</strong></span> <span class='ocrx_word' id='word_1_199' title='bbox 1632 3115 1695 3170; x_wconf 91' lang='lat' dir='ltr'><strong>et</strong></span> <span class='ocrx_word' id='word_1_200' title='bbox 1744 3107 2193 3189; x_wconf 88' lang='lat' dir='ltr'><strong>licentiandus,</strong></span> <span class='ocrx_word' id='word_1_201' title='bbox 2247 3108 2468 3172; x_wconf 87' lang='lat' dir='ltr'><strong>volens</strong></span> <span class='ocrx_word' id='word_1_202' title='bbox 2528 3105 2780 3172; x_wconf 87' lang='lat' dir='ltr'><strong>admitti</strong></span> <span class='ocrx_word' id='word_1_203' title='bbox 2834 3105 2920 3171; x_wconf 90' lang='lat' dir='ltr'><strong>ad</strong></span> <span class='ocrx_word' id='word_1_204' title='bbox 2966 3105 3290 3172; x_wconf 89' lang='lat' dir='ltr'><strong>licentiam</strong></span> 
     </span>
     <span class='ocr_line' id='line_1_25' title="bbox 447 3205 3288 3293; baseline -0.001 -19"><span class='ocrx_word' id='word_1_205' title='bbox 447 3212 513 3274; x_wconf 89' lang='lat' dir='ltr'><strong>in</strong></span> <span class='ocrx_word' id='word_1_206' title='bbox 571 3208 817 3291; x_wconf 89' lang='lat' dir='ltr'><strong>eadem,</strong></span> <span class='ocrx_word' id='word_1_207' title='bbox 874 3220 1126 3273; x_wconf 87' lang='lat' dir='ltr'><strong>tenetur</strong></span> <span class='ocrx_word' id='word_1_208' title='bbox 1180 3207 1266 3271; x_wconf 90' lang='lat' dir='ltr'><strong>ad</strong></span> <span class='ocrx_word' id='word_1_209' title='bbox 1323 3209 1533 3272; x_wconf 88' lang='lat' dir='ltr'><strong>minus</strong></span> <span class='ocrx_word' id='word_1_210' title='bbox 1591 3217 1740 3293; x_wconf 88' lang='lat' dir='ltr'><strong>post</strong></span> <span class='ocrx_word' id='word_1_211' title='bbox 1795 3231 1977 3273; x_wconf 88' lang='lat' dir='ltr'><strong>suum</strong></span> <span class='ocrx_word' id='word_1_212' title='bbox 2032 3207 2596 3274; x_wconf 88' lang='lat' dir='ltr'><strong>baccalaureatum</strong></span> <span class='ocrx_word' id='word_1_213' title='bbox 2653 3206 2951 3272; x_wconf 90' lang='lat' dir='ltr'><strong>doctores</strong></span> <span class='ocrx_word' id='word_1_214' title='bbox 3003 3205 3288 3293; x_wconf 84' lang='lat' dir='ltr'><strong>legentes</strong></span> 
     </span>
     <span class='ocr_line' id='line_1_26' title="bbox 446 3304 3373 3394; baseline -0.001 -21"><span class='ocrx_word' id='word_1_215' title='bbox 446 3308 774 3373; x_wconf 88' lang='lat' dir='ltr'><strong>ordinarie</strong></span> <span class='ocrx_word' id='word_1_216' title='bbox 820 3330 937 3394; x_wconf 90' lang='lat' dir='ltr'><strong>per</strong></span> <span class='ocrx_word' id='word_1_217' title='bbox 978 3309 1301 3392; x_wconf 85' lang='lat' dir='ltr'><strong>integrum</strong></span> <span class='ocrx_word' id='word_1_218' title='bbox 1344 3306 1668 3371; x_wconf 89' lang='lat' dir='ltr'><strong>biennium</strong></span> <span class='ocrx_word' id='word_1_219' title='bbox 1716 3306 2056 3393; x_wconf 87' lang='lat' dir='ltr'><strong>diligenter</strong></span> <span class='ocrx_word' id='word_1_220' title='bbox 2099 3308 2427 3373; x_wconf 88' lang='lat' dir='ltr'><strong>audivisse</strong></span> <span class='ocrx_word' id='word_1_221' title='bbox 2471 3314 2535 3370; x_wconf 92' lang='lat' dir='ltr'><strong>et</strong></span> <span class='ocrx_word' id='word_1_222' title='bbox 2579 3328 2721 3370; x_wconf 91' lang='lat' dir='ltr'><strong>cum</strong></span> <span class='ocrx_word' id='word_1_223' title='bbox 2765 3304 2979 3393; x_wconf 90' lang='lat' dir='ltr'><strong>aliquo</strong></span> <span class='ocrx_word' id='word_1_224' title='bbox 3024 3305 3286 3371; x_wconf 90' lang='lat' dir='ltr'><strong>doctore</strong></span> <span class='ocrx_word' id='word_1_225' title='bbox 3305 3314 3373 3371; x_wconf 78' lang='lat'><strong>25</strong></span> 
     </span>
     <span class='ocr_line' id='line_1_27' title="bbox 446 3404 3288 3494; baseline -0.001 -21"><span class='ocrx_word' id='word_1_226' title='bbox 446 3431 560 3473; x_wconf 86' lang='lat' dir='ltr'><strong>seu</strong></span> <span class='ocrx_word' id='word_1_227' title='bbox 603 3406 974 3472; x_wconf 87' lang='lat' dir='ltr'><strong>doctoribus</strong></span> <span class='ocrx_word' id='word_1_228' title='bbox 1019 3409 1213 3471; x_wconf 90' lang='lat' dir='ltr'><strong>etiam</strong></span> <span class='ocrx_word' id='word_1_229' title='bbox 1255 3428 1375 3492; x_wconf 89' lang='lat' dir='ltr'><strong>per</strong></span> <span class='ocrx_word' id='word_1_230' title='bbox 1417 3415 1667 3470; x_wconf 84' lang='lat' dir='ltr'><strong>tantum</strong></span> <span class='ocrx_word' id='word_1_231' title='bbox 1711 3408 2025 3492; x_wconf 86' lang='lat' dir='ltr'><strong>temporis</strong></span> <span class='ocrx_word' id='word_1_232' title='bbox 2085 3409 2379 3494; x_wconf 83' lang='lat' dir='ltr'><strong>spacium</strong></span> <span class='ocrx_word' id='word_1_233' title='bbox 2434 3405 2789 3492; x_wconf 85' lang='lat' dir='ltr'><strong>practicam</strong></span> <span class='ocrx_word' id='word_1_234' title='bbox 2848 3404 3107 3487; x_wconf 88' lang='lat' dir='ltr'><strong>adiisse,</strong></span> <span class='ocrx_word' id='word_1_235' title='bbox 3161 3407 3288 3471; x_wconf 90' lang='lat' dir='ltr'><strong>nisi</strong></span> 
     </span>
     <span class='ocr_line' id='line_1_28' title="bbox 444 3502 3288 3594; baseline -0.001 -23"><span class='ocrx_word' id='word_1_236' title='bbox 444 3508 624 3594; x_wconf 89' lang='lat' dir='ltr'><strong>prius</strong></span> <span class='ocrx_word' id='word_1_237' title='bbox 673 3517 823 3571; x_wconf 89' lang='lat' dir='ltr'><strong>ante</strong></span> <span class='ocrx_word' id='word_1_238' title='bbox 863 3504 1427 3570; x_wconf 67' lang='lat' dir='ltr'><strong>bacca-laureatum</strong></span> <span class='ocrx_word' id='word_1_239' title='bbox 1487 3502 1781 3589; x_wconf 89' lang='lat' dir='ltr'><strong>pluribus</strong></span> <span class='ocrx_word' id='word_1_240' title='bbox 1824 3507 2010 3571; x_wconf 89' lang='lat' dir='ltr'><strong>annis</strong></span> <span class='ocrx_word' id='word_1_241' title='bbox 2067 3528 2257 3591; x_wconf 90' lang='lat' dir='ltr'><strong>quam</strong></span> <span class='ocrx_word' id='word_1_242' title='bbox 2302 3503 2551 3570; x_wconf 89' lang='lat' dir='ltr'><strong>duobus</strong></span> <span class='ocrx_word' id='word_1_243' title='bbox 2607 3504 2901 3570; x_wconf 89' lang='lat' dir='ltr'><strong>doctores</strong></span> <span class='ocrx_word' id='word_1_244' title='bbox 2945 3503 3288 3590; x_wconf 83' lang='lat' dir='ltr'><strong>diligenter</strong></span> 
     </span>
     <span class='ocr_line' id='line_1_29' title="bbox 443 3602 3287 3693; baseline -0 -22"><span class='ocrx_word' id='word_1_245' title='bbox 443 3606 805 3672; x_wconf 83' lang='lat' dir='ltr'><strong>audivisset</strong></span> <span class='ocrx_word' id='word_1_246' title='bbox 858 3615 922 3670; x_wconf 91' lang='lat' dir='ltr'><strong>et</strong></span> <span class='ocrx_word' id='word_1_247' title='bbox 973 3605 1330 3693; x_wconf 80' lang='lat' dir='ltr'><strong>practicam</strong></span> <span class='ocrx_word' id='word_1_248' title='bbox 1388 3625 1531 3668; x_wconf 87' lang='lat' dir='ltr'><strong>cum</strong></span> <span class='ocrx_word' id='word_1_249' title='bbox 1584 3602 1798 3691; x_wconf 89' lang='lat' dir='ltr'><strong>aliquo</strong></span> <span class='ocrx_word' id='word_1_250' title='bbox 1843 3603 1946 3668; x_wconf 88' lang='lat' dir='ltr'><strong>vel</strong></span> <span class='ocrx_word' id='word_1_251' title='bbox 2000 3603 2322 3689; x_wconf 89' lang='lat' dir='ltr'><strong>aliquibus</strong></span> <span class='ocrx_word' id='word_1_252' title='bbox 2374 3603 2643 3668; x_wconf 86' lang='lat' dir='ltr'><strong>adiisset</strong></span> <span class='ocrx_word' id='word_1_253' title='bbox 2681 3603 3057 3669; x_wconf 87' lang='lat' dir='ltr'><strong>doctoribus</strong></span> <span class='ocrx_word' id='word_1_254' title='bbox 3100 3615 3164 3670; x_wconf 90' lang='lat' dir='ltr'><strong>et</strong></span> <span class='ocrx_word' id='word_1_255' title='bbox 3204 3603 3287 3670; x_wconf 88' lang='lat' dir='ltr'><strong>de</strong></span> 
     </span>
     <span class='ocr_line' id='line_1_30' title="bbox 441 3702 3285 3792; baseline -0 -22"><span class='ocrx_word' id='word_1_256' title='bbox 441 3706 563 3771; x_wconf 90' lang='lat' dir='ltr'><strong>hoc</strong></span> <span class='ocrx_word' id='word_1_257' title='bbox 603 3728 721 3792; x_wconf 88' lang='lat' dir='ltr'><strong>per</strong></span> <span class='ocrx_word' id='word_1_258' title='bbox 765 3705 1061 3770; x_wconf 87' lang='lat' dir='ltr'><strong>doctores</strong></span> <span class='ocrx_word' id='word_1_259' title='bbox 1107 3714 1465 3786; x_wconf 83' lang='lat' dir='ltr'><strong>constaret3</strong></span> <span class='ocrx_word' id='word_1_260' title='bbox 1520 3716 1674 3767; x_wconf 90' lang='lat' dir='ltr'><strong>tunc</strong></span> <span class='ocrx_word' id='word_1_261' title='bbox 1718 3725 1858 3767; x_wconf 92' lang='lat' dir='ltr'><strong>cum</strong></span> <span class='ocrx_word' id='word_1_262' title='bbox 1901 3703 2021 3768; x_wconf 90' lang='lat' dir='ltr'><strong>tali</strong></span> <span class='ocrx_word' id='word_1_263' title='bbox 2065 3702 2509 3784; x_wconf 88' lang='lat' dir='ltr'><strong>baccalaureo,</strong></span> <span class='ocrx_word' id='word_1_264' title='bbox 2553 3704 2794 3789; x_wconf 90' lang='lat' dir='ltr'><strong>petenti</strong></span> <span class='ocrx_word' id='word_1_265' title='bbox 2837 3703 3127 3769; x_wconf 87' lang='lat' dir='ltr'><strong>favorem</strong></span> <span class='ocrx_word' id='word_1_266' title='bbox 3173 3703 3285 3769; x_wconf 85' lang='lat' dir='ltr'><strong>ad-</strong></span> 
     </span>
     <span class='ocr_line' id='line_1_31' title="bbox 439 3801 3368 3890; baseline 0 -20"><span class='ocrx_word' id='word_1_267' title='bbox 439 3804 734 3870; x_wconf 78' lang='lat' dir='ltr'><strong>mittendi</strong></span> <span class='ocrx_word' id='word_1_268' title='bbox 778 3803 864 3869; x_wconf 89' lang='lat' dir='ltr'><strong>ad</strong></span> <span class='ocrx_word' id='word_1_269' title='bbox 903 3802 1248 3885; x_wconf 88' lang='lat' dir='ltr'><strong>licentiam,</strong></span> <span class='ocrx_word' id='word_1_270' title='bbox 1301 3801 1577 3867; x_wconf 84' lang='lat' dir='ltr'><strong>facultas</strong></span> <span class='ocrx_word' id='word_1_271' title='bbox 1622 3803 1857 3888; x_wconf 89' lang='lat' dir='ltr'><strong>poterit</strong></span> <span class='ocrx_word' id='word_1_272' title='bbox 1898 3803 2182 3887; x_wconf 84' lang='lat' dir='ltr'><strong>gratiose</strong></span> <span class='ocrx_word' id='word_1_273' title='bbox 2224 3801 2622 3889; x_wconf 87' lang='lat' dir='ltr'><strong>dispensare,</strong></span> <span class='ocrx_word' id='word_1_274' title='bbox 2675 3803 2970 3890; x_wconf 89' lang='lat' dir='ltr'><strong>inspecta</strong></span> <span class='ocrx_word' id='word_1_275' title='bbox 3011 3802 3280 3890; x_wconf 89' lang='lat' dir='ltr'><strong>diligen-</strong></span> <span class='ocrx_word' id='word_1_276' title='bbox 3297 3813 3368 3870; x_wconf 85' lang='lat'><strong>30</strong></span> 
     </span>
     <span class='ocr_line' id='line_1_32' title="bbox 438 3901 1037 3991; baseline -0.002 -23"><span class='ocrx_word' id='word_1_277' title='bbox 438 3905 532 3968; x_wconf 90' lang='lat' dir='ltr'><strong>tia</strong></span> <span class='ocrx_word' id='word_1_278' title='bbox 575 3905 757 3991; x_wconf 90' lang='lat' dir='ltr'><strong>prius</strong></span> <span class='ocrx_word' id='word_1_279' title='bbox 797 3901 1037 3968; x_wconf 87' lang='lat' dir='ltr'><strong>habita.</strong></span> 
     </span>
    </p>

    <p class='ocr_par' dir='ltr' id='par_1_7' title="bbox 438 4000 3364 4486">
     <span class='ocr_line' id='line_1_33' title="bbox 605 4000 3284 4069; baseline 0 -1"><span class='ocrx_word' id='word_1_280' title='bbox 605 4007 659 4069; x_wconf 84' lang='lat'><strong>3.</strong></span> <span class='ocrx_word' id='word_1_281' title='bbox 706 4001 1188 4068; x_wconf 88' lang='lat' dir='ltr'><strong>Baccalaureus</strong></span> <span class='ocrx_word' id='word_1_282' title='bbox 1231 4002 1300 4065; x_wconf 92' lang='lat' dir='ltr'><strong>in</strong></span> <span class='ocrx_word' id='word_1_283' title='bbox 1339 4001 1676 4066; x_wconf 82' lang='lat' dir='ltr'><strong>medicinis</strong></span> <span class='ocrx_word' id='word_1_284' title='bbox 1719 4010 1782 4065; x_wconf 90' lang='lat' dir='ltr'><strong>et</strong></span> <span class='ocrx_word' id='word_1_285' title='bbox 1821 4001 2253 4067; x_wconf 87' lang='lat' dir='ltr'><strong>licentiandus</strong></span> <span class='ocrx_word' id='word_1_286' title='bbox 2298 4011 2447 4066; x_wconf 90' lang='lat' dir='ltr'><strong>ante</strong></span> <span class='ocrx_word' id='word_1_287' title='bbox 2475 4001 2935 4069; x_wconf 88' lang='lat' dir='ltr'><strong>admissionem</strong></span> <span class='ocrx_word' id='word_1_288' title='bbox 2961 4000 3049 4067; x_wconf 90' lang='lat' dir='ltr'><strong>ad</strong></span> <span class='ocrx_word' id='word_1_289' title='bbox 3091 4002 3284 4068; x_wconf 91' lang='lat' dir='ltr'><strong>licen-</strong></span> 
     </span>
     <span class='ocr_line' id='line_1_34' title="bbox 438 4100 3282 4189; baseline -0 -21"><span class='ocrx_word' id='word_1_290' title='bbox 438 4105 594 4168; x_wconf 88' lang='lat' dir='ltr'><strong>tiam</strong></span> <span class='ocrx_word' id='word_1_291' title='bbox 633 4111 885 4167; x_wconf 89' lang='lat' dir='ltr'><strong>tenetur</strong></span> <span class='ocrx_word' id='word_1_292' title='bbox 927 4111 1077 4166; x_wconf 89' lang='lat' dir='ltr'><strong>ante</strong></span> <span class='ocrx_word' id='word_1_293' title='bbox 1116 4122 1389 4165; x_wconf 85' lang='lat' dir='ltr'><strong>examen</strong></span> <span class='ocrx_word' id='word_1_294' title='bbox 1443 4101 1771 4188; x_wconf 88' lang='lat' dir='ltr'><strong>privatum</strong></span> <span class='ocrx_word' id='word_1_295' title='bbox 1829 4123 1947 4188; x_wconf 91' lang='lat' dir='ltr'><strong>pro</strong></span> <span class='ocrx_word' id='word_1_296' title='bbox 1991 4101 2254 4167; x_wconf 88' lang='lat' dir='ltr'><strong>licentia</strong></span> <span class='ocrx_word' id='word_1_297' title='bbox 2294 4100 2719 4188; x_wconf 89' lang='lat' dir='ltr'><strong>adipiscenda</strong></span> <span class='ocrx_word' id='word_1_298' title='bbox 2758 4101 3015 4189; x_wconf 88' lang='lat' dir='ltr'><strong>publice</strong></span> <span class='ocrx_word' id='word_1_299' title='bbox 3059 4104 3126 4167; x_wconf 93' lang='lat' dir='ltr'><strong>in</strong></span> <span class='ocrx_word' id='word_1_300' title='bbox 3170 4100 3282 4167; x_wconf 90' lang='lat' dir='ltr'><strong>ali-</strong></span> 
     </span>
     <span class='ocr_line' id='line_1_35' title="bbox 440 4199 3275 4289; baseline -0 -22"><span class='ocrx_word' id='word_1_301' title='bbox 440 4225 567 4289; x_wconf 89' lang='lat' dir='ltr'><strong>quo</strong></span> <span class='ocrx_word' id='word_1_302' title='bbox 612 4201 933 4267; x_wconf 88' lang='lat' dir='ltr'><strong>auditorio</strong></span> <span class='ocrx_word' id='word_1_303' title='bbox 978 4201 1097 4268; x_wconf 90' lang='lat' dir='ltr'><strong>sub</strong></span> <span class='ocrx_word' id='word_1_304' title='bbox 1150 4200 1430 4289; x_wconf 88' lang='lat' dir='ltr'><strong>quodam</strong></span> <span class='ocrx_word' id='word_1_305' title='bbox 1474 4199 1737 4265; x_wconf 90' lang='lat' dir='ltr'><strong>doctore</strong></span> <span class='ocrx_word' id='word_1_306' title='bbox 1788 4199 1873 4265; x_wconf 90' lang='lat' dir='ltr'><strong>ad</strong></span> <span class='ocrx_word' id='word_1_307' title='bbox 1928 4202 2137 4266; x_wconf 88' lang='lat' dir='ltr'><strong>minus</strong></span> <span class='ocrx_word' id='word_1_308' title='bbox 2193 4201 2386 4266; x_wconf 87' lang='lat' dir='ltr'><strong>semel</strong></span> <span class='ocrx_word' id='word_1_309' title='bbox 2445 4201 2885 4289; x_wconf 89' lang='lat' dir='ltr'><strong>quaestionem</strong></span> <span class='ocrx_word' id='word_1_310' title='bbox 2927 4202 3275 4267; x_wconf 84' lang='lat' dir='ltr'><strong>medicina-</strong></span> 
     </span>
     <span class='ocr_line' id='line_1_36' title="bbox 438 4298 3364 4388; baseline 0.001 -23"><span class='ocrx_word' id='word_1_311' title='bbox 438 4300 562 4365; x_wconf 89' lang='lat' dir='ltr'><strong>lem</strong></span> <span class='ocrx_word' id='word_1_312' title='bbox 609 4301 1072 4367; x_wconf 87' lang='lat' dir='ltr'><strong>determinasse</strong></span> <span class='ocrx_word' id='word_1_313' title='bbox 1116 4312 1180 4367; x_wconf 90' lang='lat' dir='ltr'><strong>et</strong></span> <span class='ocrx_word' id='word_1_314' title='bbox 1224 4324 1338 4366; x_wconf 89' lang='lat' dir='ltr'><strong>suo</strong></span> <span class='ocrx_word' id='word_1_315' title='bbox 1384 4299 1636 4365; x_wconf 86' lang='lat' dir='ltr'><strong>doctori</strong></span> <span class='ocrx_word' id='word_1_316' title='bbox 1692 4321 1770 4364; x_wconf 89' lang='lat' dir='ltr'><strong>ac</strong></span> <span class='ocrx_word' id='word_1_317' title='bbox 1813 4298 1957 4365; x_wconf 89' lang='lat' dir='ltr'><strong>aliis</strong></span> <span class='ocrx_word' id='word_1_318' title='bbox 2013 4300 2418 4367; x_wconf 88' lang='lat' dir='ltr'><strong>scholaribus</strong></span> <span class='ocrx_word' id='word_1_319' title='bbox 2469 4302 2537 4364; x_wconf 90' lang='lat' dir='ltr'><strong>in</strong></span> <span class='ocrx_word' id='word_1_320' title='bbox 2592 4299 2947 4384; x_wconf 88' lang='lat' dir='ltr'><strong>medicinis,</strong></span> <span class='ocrx_word' id='word_1_321' title='bbox 3004 4323 3277 4388; x_wconf 86' lang='lat' dir='ltr'><strong>arguere</strong></span> <span class='ocrx_word' id='word_1_322' title='bbox 3298 4309 3364 4367; x_wconf 83' lang='lat'><strong>35</strong></span> 
     </span>
     <span class='ocr_line' id='line_1_37' title="bbox 442 4398 2226 4486; baseline 0 -21"><span class='ocrx_word' id='word_1_323' title='bbox 442 4399 802 4467; x_wconf 90' lang='lat' dir='ltr'><strong>volentibus</strong></span> <span class='ocrx_word' id='word_1_324' title='bbox 846 4413 1072 4468; x_wconf 88' lang='lat' dir='ltr'><strong>contra</strong></span> <span class='ocrx_word' id='word_1_325' title='bbox 1117 4422 1297 4466; x_wconf 87' lang='lat' dir='ltr'><strong>suam</strong></span> <span class='ocrx_word' id='word_1_326' title='bbox 1343 4398 1747 4486; x_wconf 88' lang='lat' dir='ltr'><strong>positionem,</strong></span> <span class='ocrx_word' id='word_1_327' title='bbox 1791 4399 2226 4486; x_wconf 86' lang='lat' dir='ltr'><strong>respondisse.</strong></span> 
     </span>
    </p>

    <p class='ocr_par' dir='ltr' id='par_1_8' title="bbox 439 4497 3366 4886">
     <span class='ocr_line' id='line_1_38' title="bbox 609 4497 3281 4586; baseline -0.001 -20"><span class='ocrx_word' id='word_1_328' title='bbox 609 4506 664 4566; x_wconf 88' lang='grc'><strong>4.</strong></span> <span class='ocrx_word' id='word_1_329' title='bbox 712 4500 1002 4582; x_wconf 79' lang='lat' dir='ltr'><strong>Quilibet</strong></span> <span class='ocrx_word' id='word_1_330' title='bbox 1043 4500 1505 4566; x_wconf 89' lang='lat' dir='ltr'><strong>baccalaureus</strong></span> <span class='ocrx_word' id='word_1_331' title='bbox 1547 4499 1924 4581; x_wconf 89' lang='lat' dir='ltr'><strong>medicinae,</strong></span> <span class='ocrx_word' id='word_1_332' title='bbox 1965 4499 2188 4565; x_wconf 88' lang='lat' dir='ltr'><strong>volens</strong></span> <span class='ocrx_word' id='word_1_333' title='bbox 2232 4523 2348 4566; x_wconf 87' lang='lat' dir='ltr'><strong>suo</strong></span> <span class='ocrx_word' id='word_1_334' title='bbox 2390 4509 2677 4585; x_wconf 88' lang='lat' dir='ltr'><strong>tempore</strong></span> <span class='ocrx_word' id='word_1_335' title='bbox 2703 4500 2771 4563; x_wconf 86' lang='lat' dir='ltr'><strong>in</strong></span> <span class='ocrx_word' id='word_1_336' title='bbox 2797 4497 3020 4564; x_wconf 91' lang='lat' dir='ltr'><strong>eadem</strong></span> <span class='ocrx_word' id='word_1_337' title='bbox 3063 4509 3281 4586; x_wconf 88' lang='lat' dir='ltr'><strong>petere</strong></span> 
     </span>
     <span class='ocr_line' id='line_1_39' title="bbox 439 4597 3282 4687; baseline -0.001 -22"><span class='ocrx_word' id='word_1_338' title='bbox 439 4600 786 4683; x_wconf 90' lang='lat' dir='ltr'><strong>licentiam,</strong></span> <span class='ocrx_word' id='word_1_339' title='bbox 845 4599 1039 4666; x_wconf 88' lang='lat' dir='ltr'><strong>debet</strong></span> <span class='ocrx_word' id='word_1_340' title='bbox 1091 4601 1272 4687; x_wconf 88' lang='lat' dir='ltr'><strong>prius</strong></span> <span class='ocrx_word' id='word_1_341' title='bbox 1316 4622 1357 4664; x_wconf 88' lang='lat' dir='ltr'><strong>a</strong></span> <span class='ocrx_word' id='word_1_342' title='bbox 1407 4597 1776 4684; x_wconf 82' lang='lat' dir='ltr'><strong>doctoribus</strong></span> <span class='ocrx_word' id='word_1_343' title='bbox 1821 4597 1903 4662; x_wconf 91' lang='lat' dir='ltr'><strong>de</strong></span> <span class='ocrx_word' id='word_1_344' title='bbox 1945 4598 2213 4665; x_wconf 90' lang='lat' dir='ltr'><strong>consilio</strong></span> <span class='ocrx_word' id='word_1_345' title='bbox 2267 4599 2594 4664; x_wconf 89' lang='lat' dir='ltr'><strong>facultatis</strong></span> <span class='ocrx_word' id='word_1_346' title='bbox 2648 4597 2940 4664; x_wconf 90' lang='lat' dir='ltr'><strong>obtinere</strong></span> <span class='ocrx_word' id='word_1_347' title='bbox 2993 4599 3282 4665; x_wconf 89' lang='lat' dir='ltr'><strong>favorem</strong></span> 
     </span>
     <span class='ocr_line' id='line_1_40' title="bbox 439 4696 3281 4788; baseline -0.001 -22"><span class='ocrx_word' id='word_1_348' title='bbox 439 4698 696 4786; x_wconf 89' lang='lat' dir='ltr'><strong>legendi</strong></span> <span class='ocrx_word' id='word_1_349' title='bbox 742 4699 1023 4788; x_wconf 91' lang='lat' dir='ltr'><strong>aliquam</strong></span> <span class='ocrx_word' id='word_1_350' title='bbox 1066 4697 1404 4764; x_wconf 87' lang='lat' dir='ltr'><strong>lectionem</strong></span> <span class='ocrx_word' id='word_1_351' title='bbox 1446 4700 1514 4762; x_wconf 90' lang='lat' dir='ltr'><strong>in</strong></span> <span class='ocrx_word' id='word_1_352' title='bbox 1557 4696 1808 4762; x_wconf 88' lang='lat' dir='ltr'><strong>medica</strong></span> <span class='ocrx_word' id='word_1_353' title='bbox 1847 4696 2156 4763; x_wconf 86' lang='lat' dir='ltr'><strong>facultate</strong></span> <span class='ocrx_word' id='word_1_354' title='bbox 2197 4721 2316 4784; x_wconf 88' lang='lat' dir='ltr'><strong>pro</strong></span> <span class='ocrx_word' id='word_1_355' title='bbox 2359 4697 2622 4763; x_wconf 88' lang='lat' dir='ltr'><strong>licentia</strong></span> <span class='ocrx_word' id='word_1_356' title='bbox 2664 4721 2779 4764; x_wconf 91' lang='lat' dir='ltr'><strong>suo</strong></span> <span class='ocrx_word' id='word_1_357' title='bbox 2821 4708 3111 4785; x_wconf 88' lang='lat' dir='ltr'><strong>tempore</strong></span> <span class='ocrx_word' id='word_1_358' title='bbox 3147 4697 3281 4764; x_wconf 87' lang='lat' dir='ltr'><strong>adiÎ‡</strong></span> 
     </span>
     <span class='ocr_line' id='line_1_41' title="bbox 441 4794 3366 4886; baseline 0 -23"><span class='ocrx_word' id='word_1_359' title='bbox 441 4796 773 4886; x_wconf 88' lang='lat' dir='ltr'><strong>piscenda,</strong></span> <span class='ocrx_word' id='word_1_360' title='bbox 818 4809 883 4863; x_wconf 89' lang='lat' dir='ltr'><strong>et</strong></span> <span class='ocrx_word' id='word_1_361' title='bbox 924 4808 1269 4885; x_wconf 88' lang='lat' dir='ltr'><strong>antequam</strong></span> <span class='ocrx_word' id='word_1_362' title='bbox 1312 4797 1434 4863; x_wconf 92' lang='lat' dir='ltr'><strong>hoc</strong></span> <span class='ocrx_word' id='word_1_363' title='bbox 1476 4797 1719 4878; x_wconf 88' lang='lat' dir='ltr'><strong>fecerit,</strong></span> <span class='ocrx_word' id='word_1_364' title='bbox 1760 4795 1845 4860; x_wconf 87' lang='lat' dir='ltr'><strong>ad</strong></span> <span class='ocrx_word' id='word_1_365' title='bbox 1885 4794 2211 4862; x_wconf 88' lang='lat' dir='ltr'><strong>licentiam</strong></span> <span class='ocrx_word' id='word_1_366' title='bbox 2254 4819 2380 4863; x_wconf 92' lang='lat' dir='ltr'><strong>non</strong></span> <span class='ocrx_word' id='word_1_367' title='bbox 2423 4796 2816 4863; x_wconf 88' lang='lat' dir='ltr'><strong>admittatur.</strong></span> <span class='ocrx_word' id='word_1_368' title='bbox 3296 4807 3366 4863; x_wconf 73' lang='lat'><strong>40</strong></span> 
     </span>
    </p>

    <p class='ocr_par' dir='ltr' id='par_1_9' title="bbox 442 4894 3356 5383">
     <span class='ocr_line' id='line_1_42' title="bbox 615 4894 3282 4984; baseline -0 -21"><span class='ocrx_word' id='word_1_369' title='bbox 615 4905 670 4963; x_wconf 88' lang='grc'><strong>5.</strong></span> <span class='ocrx_word' id='word_1_370' title='bbox 716 4896 1199 4979; x_wconf 90' lang='lat' dir='ltr'><strong>Licentiandusâ€š</strong></span> <span class='ocrx_word' id='word_1_371' title='bbox 1254 4906 1597 4983; x_wconf 88' lang='lat' dir='ltr'><strong>postquam</strong></span> <span class='ocrx_word' id='word_1_372' title='bbox 1640 4916 1758 4984; x_wconf 87' lang='lat' dir='ltr'><strong>per</strong></span> <span class='ocrx_word' id='word_1_373' title='bbox 1797 4894 2093 4961; x_wconf 88' lang='lat' dir='ltr'><strong>doctores</strong></span> <span class='ocrx_word' id='word_1_374' title='bbox 2138 4895 2223 4961; x_wconf 89' lang='lat' dir='ltr'><strong>ad</strong></span> <span class='ocrx_word' id='word_1_375' title='bbox 2277 4895 2607 4962; x_wconf 90' lang='lat' dir='ltr'><strong>licentiam</strong></span> <span class='ocrx_word' id='word_1_376' title='bbox 2659 4898 2727 4962; x_wconf 92' lang='lat' dir='ltr'><strong>in</strong></span> <span class='ocrx_word' id='word_1_377' title='bbox 2776 4895 3115 4962; x_wconf 89' lang='lat' dir='ltr'><strong>medicinis</strong></span> <span class='ocrx_word' id='word_1_378' title='bbox 3171 4897 3282 4962; x_wconf 89' lang='lat' dir='ltr'><strong>adÎ‡</strong></span> 
     </span>
     <span class='ocr_line' id='line_1_43' title="bbox 442 4992 3283 5083; baseline -0 -20"><span class='ocrx_word' id='word_1_379' title='bbox 442 4999 677 5063; x_wconf 88' lang='lat' dir='ltr'><strong>missus</strong></span> <span class='ocrx_word' id='word_1_380' title='bbox 721 5007 852 5080; x_wconf 87' lang='lat' dir='ltr'><strong>est,</strong></span> <span class='ocrx_word' id='word_1_381' title='bbox 910 4998 1044 5062; x_wconf 86' lang='lat' dir='ltr'><strong>suis</strong></span> <span class='ocrx_word' id='word_1_382' title='bbox 1099 4996 1406 5083; x_wconf 85' lang='lat' dir='ltr'><strong>expensis</strong></span> <span class='ocrx_word' id='word_1_383' title='bbox 1451 4992 2052 5060; x_wconf 88' lang='lat' dir='ltr'><strong>vicecancellarium</strong></span> <span class='ocrx_word' id='word_1_384' title='bbox 2096 4996 2278 5061; x_wconf 85' lang='lat' dir='ltr'><strong>iuxta</strong></span> <span class='ocrx_word' id='word_1_385' title='bbox 2320 4994 2792 5062; x_wconf 87' lang='lat' dir='ltr'><strong>ordinationem</strong></span> <span class='ocrx_word' id='word_1_386' title='bbox 2833 4997 3161 5063; x_wconf 88' lang='lat' dir='ltr'><strong>facultatis</strong></span> <span class='ocrx_word' id='word_1_387' title='bbox 3203 5020 3283 5062; x_wconf 92' lang='lat' dir='ltr'><strong>ea</strong></span> 
     </span>
     <span class='ocr_line' id='line_1_44' title="bbox 445 5092 3279 5182; baseline 0 -20"><span class='ocrx_word' id='word_1_388' title='bbox 445 5096 527 5162; x_wconf 87' lang='lat' dir='ltr'><strong>de</strong></span> <span class='ocrx_word' id='word_1_389' title='bbox 577 5119 649 5162; x_wconf 87' lang='lat' dir='ltr'><strong>re</strong></span> <span class='ocrx_word' id='word_1_390' title='bbox 699 5097 938 5162; x_wconf 86' lang='lat' dir='ltr'><strong>factam</strong></span> <span class='ocrx_word' id='word_1_391' title='bbox 984 5094 1108 5161; x_wconf 89' lang='lat' dir='ltr'><strong>sibi</strong></span> <span class='ocrx_word' id='word_1_392' title='bbox 1150 5094 1434 5160; x_wconf 90' lang='lat' dir='ltr'><strong>dandum</strong></span> <span class='ocrx_word' id='word_1_393' title='bbox 1478 5115 1596 5182; x_wconf 87' lang='lat' dir='ltr'><strong>per</strong></span> <span class='ocrx_word' id='word_1_394' title='bbox 1640 5092 1968 5159; x_wconf 88' lang='lat' dir='ltr'><strong>dominum</strong></span> <span class='ocrx_word' id='word_1_395' title='bbox 2012 5096 2387 5181; x_wconf 85' lang='lat' dir='ltr'><strong>episcopum</strong></span> <span class='ocrx_word' id='word_1_396' title='bbox 2425 5094 3008 5182; x_wconf 87' lang='lat' dir='ltr'><strong>Mersburgensem,</strong></span> <span class='ocrx_word' id='word_1_397' title='bbox 3052 5117 3279 5162; x_wconf 89' lang='lat' dir='ltr'><strong>verum</strong></span> 
     </span>
     <span class='ocr_line' id='line_1_45' title="bbox 445 5192 3276 5283; baseline 0 -21"><span class='ocrx_word' id='word_1_398' title='bbox 445 5195 921 5277; x_wconf 83' lang='lat' dir='ltr'><strong>cancellarium,</strong></span> <span class='ocrx_word' id='word_1_399' title='bbox 979 5217 1121 5260; x_wconf 88' lang='lat' dir='ltr'><strong>cum</strong></span> <span class='ocrx_word' id='word_1_400' title='bbox 1178 5194 1383 5260; x_wconf 88' lang='lat' dir='ltr'><strong>literis</strong></span> <span class='ocrx_word' id='word_1_401' title='bbox 1435 5202 1652 5258; x_wconf 89' lang='lat' dir='ltr'><strong>tamen</strong></span> <span class='ocrx_word' id='word_1_402' title='bbox 1713 5192 2037 5258; x_wconf 86' lang='lat' dir='ltr'><strong>facultatis</strong></span> <span class='ocrx_word' id='word_1_403' title='bbox 2097 5193 2381 5259; x_wconf 88' lang='lat' dir='ltr'><strong>eiusdem</strong></span> <span class='ocrx_word' id='word_1_404' title='bbox 2426 5196 2732 5283; x_wconf 88' lang='lat' dir='ltr'><strong>episcopo</strong></span> <span class='ocrx_word' id='word_1_405' title='bbox 2786 5195 3276 5282; x_wconf 87' lang='lat' dir='ltr'><strong>praesentandis</strong></span> 
     </span>
     <span class='ocr_line' id='line_1_46' title="bbox 444 5292 3356 5383; baseline 0 -21"><span class='ocrx_word' id='word_1_406' title='bbox 444 5296 834 5383; x_wconf 82' lang='lat' dir='ltr'><strong>impetrabit.</strong></span> <span class='ocrx_word' id='word_1_407' title='bbox 917 5292 1041 5360; x_wconf 82' lang='lat' dir='ltr'><strong>Cui</strong></span> <span class='ocrx_word' id='word_1_408' title='bbox 1095 5295 1279 5359; x_wconf 81' lang='lat' dir='ltr'><strong>iuxta</strong></span> <span class='ocrx_word' id='word_1_409' title='bbox 1333 5302 1618 5358; x_wconf 86' lang='lat' dir='ltr'><strong>veterem</strong></span> <span class='ocrx_word' id='word_1_410' title='bbox 1671 5314 1932 5375; x_wconf 90' lang='lat' dir='ltr'><strong>morem,</strong></span> <span class='ocrx_word' id='word_1_411' title='bbox 1990 5293 2045 5357; x_wconf 89' lang='lat' dir='ltr'><strong>si</strong></span> <span class='ocrx_word' id='word_1_412' title='bbox 2105 5292 2310 5362; x_wconf 79' lang='lat' dir='ltr'><strong>solum</strong></span> <span class='ocrx_word' id='word_1_413' title='bbox 2362 5316 2528 5360; x_wconf 87' lang='lat' dir='ltr'><strong>unus</strong></span> <span class='ocrx_word' id='word_1_414' title='bbox 2580 5294 2774 5359; x_wconf 89' lang='lat' dir='ltr'><strong>fuerit</strong></span> <span class='ocrx_word' id='word_1_415' title='bbox 2829 5293 3274 5379; x_wconf 85' lang='lat' dir='ltr'><strong>licentiandus,</strong></span> <span class='ocrx_word' id='word_1_416' title='bbox 3290 5305 3356 5363; x_wconf 73' lang='lat'><strong>4âµ</strong></span> 
     </span>
    </p>
   </div>
  </div>
 </body>
</html>
