4038 6358
1142 629 1315 688 Achte
1345 629 1876 696 Statutenredaction,
1907 647 2031 684 vom
2057 621 2229 685 Jahn-e
2278 629 2420 688 1558.
3093 633 3208 700 531

367 815 497 882 ullo
541 825 776 882 conatu
817 826 929 882 aut
973 815 1242 882 consilio
1284 825 1397 882 aut
1439 818 1860 903 usurpatione
1900 817 2246 885 vindictae,
2304 815 2648 882 Accedetis
2688 818 2886 903 igitur
2931 816 3213 901 singilla-

364 916 477 980 tim
521 923 584 980 et
627 914 798 981 dicet
843 918 1283 1003 unusquisque
1324 916 1530 981 clare:
1584 964 1624 998 ,‚
1639 915 1824 1002 „Ego
1868 918 2129 983 iuro.““

527 1032 743 1120 Atque
789 1032 1026 1097 deinde
1083 1034 1260 1098 foras
1308 1033 1577 1119 egressi,
1634 1032 1727 1097 ibi
1784 1035 2196 1120 operiemini3
2254 1033 2537 1120 dumque
2591 1033 2942 1098 accersitus
2986 1033 3219 1118 aliquis

368 1134 592 1216 fuerit,
652 1131 1012 1220 explicabit
1071 1134 1126 1197 is
1185 1154 1403 1197 coram
1459 1131 1648 1198 nobis
1702 1135 2077 1220 petitionem
2138 1156 2351 1215 suam,
2408 1132 2489 1196 de
2542 1154 2671 1220 qua
2723 1142 2858 1196 tum
2914 1133 3218 1198 iudicium

363 1232 837 1298 communitatis
875 1242 1137 1298 nostrae
1178 1232 1289 1297 fiet
1329 1230 1552 1319 illique
1593 1230 2054 1300 indicabitur.“
3267 1242 3299 1295 5

523 1381 881 1448 Iubeantur
919 1384 1140 1448 iurare
1182 1393 1246 1448 et
1288 1390 1517 1469 postea
1553 1383 1753 1447 exire.

533 1514 710 1580 Dum
753 1515 910 1581 foris
956 1514 1397 1603 expectabunt
1438 1517 1765 1601 petitores,
1820 1516 2071 1582 interea
2120 1539 2199 1582 ea
2242 1524 2635 1604 peragentur
2678 1514 2759 1579 de
2805 1514 3221 1599 inquisitione

361 1619 431 1679 in
471 1616 673 1680 vitam
717 1623 781 1679 et
821 1638 1034 1680 mores
1077 1624 1140 1679 et
1195 1618 1720 1702 perconctatione
1761 1617 2225 1701 magistrorum
2272 1624 2406 1679 tam
2464 1615 2914 1702 praesencium
2959 1616 3028 1678 in
3069 1636 3217 1678 con-

362 1714 507 1779 silio
549 1736 744 1802 quam
787 1724 1222 1797 externorum,
1265 1736 1431 1800 quae
1475 1715 1744 1803 antiqua
1786 1715 2184 1780 consuetudo
2227 1714 2488 1780 obtinet.
2565 1715 2789 1801 Neque
2833 1735 3033 1778 causa
3079 1734 3220 1777 esse

361 1812 640 1895 videtur,
705 1834 821 1877 cur
876 1812 978 1877 his
1033 1812 1213 1877 aliud
1267 1822 1522 1899 tempus
1582 1822 1947 1900 occupetur.
2030 1814 2270 1880 Postea
2327 1815 2518 1878 etiam
2574 1825 2638 1878 et
2703 1813 3217 1878 consideratione
3242 1823 3304 1876 10

364 1923 633 2000 peracta
675 1911 755 1975 de
799 1912 1117 2000 completa
1173 1923 1287 1978 aut
1338 1935 1467 1977 non
1529 1912 1853 1999 completa
1904 1916 2158 1979 ratione
2218 1913 2594 1994 studiorum,
2650 1936 2791 1977 cum
2848 1911 3221 1977 cancellarii

362 2013 576 2075 vicem
629 2033 698 2076 se
740 2033 969 2097 gerere
1015 2012 1415 2099 perhibentis
1462 2010 1760 2076 audietur
1803 2014 2031 2095 oratic,
2085 2023 2220 2077 tum
2264 2016 2741 2077 examinatores
2806 2011 3102 2097 legentur
3158 2022 3221 2076 et

363 2108 836 2175 ordinabuntur
900 2121 1188 2194 caetera,
1264 2111 1430 2175 sicut
1503 2133 1625 2197 par
1690 2122 1787 2176 est
1851 2134 1931 2175 ac
2005 2110 2219 2194 decet,
2297 2121 2369 2176 ut
2432 2135 2557 2178 uno
2626 2111 2730 2176 die
2794 2110 3221 2175 absolvantur

363 2232 690 2276 umversa.

1345 2323 1435 2414 [S.
1474 2325 1578 2413 36]
1624 2344 1719 2391 DE
1761 2344 2245 2392 nxfflfflno.
3243 2336 3302 2390 15

527 2457 1125 2543 PerconctationeS‚
1182 2469 1494 2547 quantum
1556 2458 1864 2524 discendo
1924 2459 2357 2545 profecissent
2413 2460 2480 2541 ii,
2545 2459 2653 2544 qui
2716 2458 3015 2543 magistri
3079 2458 3222 2522 fieri

368 2556 629 2640 vellent,
674 2581 715 2623 a
753 2560 1084 2625 veteribus
1140 2560 1209 2623 in
1252 2558 1415 2622 duas
1470 2570 1690 2644 partes
1749 2570 1898 2623 sunt
1952 2558 2357 2623 distributae.
2440 2558 2653 2623 Unam
2695 2568 3011 2622 vocarunt
3049 2567 3182 2623 ten
3199 2594 3221 2605 ·

364 2669 669 2740 tamen,
729 2655 999 2722 alteram
1052 2679 1413 2722 examen.
1495 2657 1852 2722 Tentamen
1911 2658 2241 2743 privatim,
2300 2656 2370 2732 id
2413 2667 2511 2721 est
2553 2666 2798 2721 tantum
2848 2657 2932 2722 ab
2977 2659 3219 2734 exami-

363 2756 705 2822 natoribus
749 2756 1014 2822 delectis
1057 2769 1394 2844 peractum
1449 2757 1605 2838 fuit3
1691 2756 1776 2821 ad
1839 2778 2115 2821 examen
2174 2756 2445 2821 admissi
2504 2755 2613 2820 alii
2660 2778 2931 2842 quoque.
3016 2757 3221 2838 Haec,

365 2858 420 2920 si
465 2854 813 2940 videbitur,
873 2856 1322 2921 servabuntur.
1412 2854 1542 2920 Sed
1599 2856 2101 2942 perconctandO,
2164 2878 2328 2943 quae
2382 2856 2549 2920 ratio
2595 2857 2845 2941 optima
2889 2867 2952 2921 et
2991 2879 3217 2921 conve-
3240 2865 3307 2920 20
3364 2899 3373 2906 ›

362 2955 773 3020 nientissima
824 2955 1102 3039 ineatur,
1157 2956 1365 3019 vicem
1426 2954 1797 3019 cancellarii
1847 2977 2101 3040 gerenS‚
2159 2964 2229 3019 ut
2273 2954 2353 3019 de
2394 2955 2497 3038 iis,
2557 2957 2669 3042 qui
2710 2953 3032 3019 bacularii
3082 2954 3224 3019 fieri

368 3055 653 3142 cupient,
700 3054 1004 3136 decanuS,
1051 3052 1333 3136 videbit3
1379 3055 1448 3117 in
1494 3056 1792 3118 examine
1851 3065 2056 3137 certe,
2101 3053 2274 3141 quod
2332 3055 2426 3118 sic
2484 3057 2749 3142 proprie
2794 3056 3016 3119 vocari
3058 3053 3224 3118 dixi-

360 3176 528 3235 mus,
571 3176 792 3220 omnes
836 3153 1133 3220 omnibus
1180 3152 1594 3219 audientibus
1644 3153 2248 3240 interrogabantur,
2280 3153 2719 3220 assidentibus
2747 3152 2935 3219 simul
2964 3154 3220 3219 univer·

364 3256 475 3336 sis,
521 3252 625 3318 vel
668 3255 722 3318 si
764 3277 1069 3319 numerus
1112 3255 1304 3317 nimis
1347 3276 1621 3339 magnus
1676 3256 1796 3335 sit,
1871 3277 2067 3341 quam
2130 3253 2313 3318 multi
2373 3253 2706 3319 commode
2758 3276 2952 3340 posse
3010 3252 3224 3317 audiri

362 3350 790 3436 videbuntur,
853 3353 1260 3439 gubernante
1319 3362 1522 3418 totam
1579 3374 1713 3416 rem
1771 3353 1981 3416 vicem
2025 3351 2399 3417 cancellarii
2440 3361 2706 3438 gerente
2748 3361 2811 3416 et
2854 3351 3216 3417 distributis
3237 3361 3329 3416 25·

363 3452 469 3534 iis,
511 3451 592 3516 de
634 3452 866 3539 quibus
910 3453 1451 3538 interrogationes
1496 3449 1914 3517 deducendae
1961 3464 2127 3517 sunt.

535 3584 706 3649 Tum
749 3595 811 3649 et
855 3586 1103 3673 scripta
1146 3583 1565 3670 singulorum,
1620 3607 1784 3671 quae
1827 3585 1988 3649 iussi
2032 3585 2212 3649 fuere
2257 3605 2643 3669 componere
2685 3582 2963 3670 (iubebit
3006 3595 3218 3649 autem

364 3706 882 3771 unumquemque
926 3683 1172 3771 aliquid
1216 3706 1331 3748 suo
1384 3682 1657 3748 arbitrio
1713 3686 1921 3748 vicem
1980 3682 2353 3748 cancellarii
2424 3705 2657 3768 gerens
2725 3683 3075 3766 scribere),
3143 3706 3222 3749 ea

367 3784 570 3869 igitur
613 3783 1062 3850 recitabuntur
1106 3782 1192 3847 ab
1236 3785 1339 3866 iis,
1386 3783 1498 3870 qui
1537 3791 2055 3868 composuerunt,
2100 3781 2204 3846 vel
2248 3792 2383 3847 tota
2411 3782 2511 3847 vel
2535 3805 2691 3869 pars
2721 3780 2940 3869 aliqua
2972 3806 3217 3866 eorum,

366 3892 432 3948 et
475 3884 534 3948 si
572 3884 715 3970 quis
759 3905 1070 3971 quaerere
1101 3882 1182 3947 de
1226 3883 1535 3969 quopiam
1576 3877 1704 3969 [37]
1764 3890 1878 3945 aut
1931 3880 2208 3969 colloqui
2261 3904 2406 3946 cum
2468 3893 2692 3946 autore
2753 3883 2982 3967 scripti
3026 3882 3215 3965 volet,
3237 3893 3305 3949 30

366 3976 447 4047 ea
488 4004 673 4047 mora
712 3984 1078 4048 recitationi
1117 3984 1577 4068 interponetur.
1665 3978 1759 4043 Ut
1801 3990 2015 4044 autem
2058 3980 2181 4047 hoc
2219 3980 2448 4046 ordine
2491 3992 2555 4046 et
2597 4003 2755 4044 vera
2798 3983 3048 4046 ratione
3087 3981 3221 4067 fiat,

366 4083 656 4147 recitatis
699 4082 802 4166 iis,
846 4104 1011 4171 quae
1049 4080 1293 4168 placuit
1332 4081 1614 4162 recitari,
1659 4081 1870 4143 vicem
1912 4079 2285 4145 cancellarii
2328 4103 2562 4166 gerens
2594 4081 3039 4145 recitationem
3086 4104 3221 4146 sus-

365 4180 567 4269 pendi
593 4180 843 4247 iubebit
891 4191 954 4246 et
993 4180 1190 4245 faciet
1226 4180 1321 4244 ita
1365 4187 1749 4264 potestatem
1793 4178 2066 4264 singulis
2113 4179 2468 4265 magistris,
2515 4181 2625 4266 qui
2652 4179 2949 4261 aderunt,
2994 4179 3221 4245 ordine

366 4280 450 4345 de
491 4282 783 4346 recitatis
830 4278 1194 4368 quaerendi
1236 4288 1300 4343 et
1344 4276 1742 4364 disputandi,
1786 4277 1900 4343 ubi
1940 4278 2202 4366 quidem
2243 4279 2385 4365 ipse
2402 4327 2421 4361 ,
2476 4280 2532 4345 si
2572 4278 2870 4362 voluerit,
2913 4278 3081 4343 hanc
3123 4279 3219 4365 ip-

367 4403 508 4446 sam
552 4381 872 4446 actionem
915 4381 1051 4445 suis
1097 4375 1585 4466 quaestionibus
1631 4387 1694 4442 et
1737 4375 2289 4464 disputationibus
2329 4380 2662 4465 inceperit.
3237 4388 3303 4443 35

535 4496 810 4563 Dicetur
852 4507 1070 4562 autem
1111 4504 1305 4583 atque
1346 4491 1765 4558 mandabitur
1813 4495 1907 4558 eis
1948 4516 2209 4578 severe,
2264 4504 2339 4559 ut
2392 4498 2835 4582 unusquisque
2874 4508 3005 4558 tam
3049 4516 3220 4560 com-

372 4606 580 4685 ponat
622 4597 894 4685 proprio
939 4594 1153 4661 studio
1193 4604 1258 4660 et
1298 4594 1560 4677 ingenio
1609 4595 1942 4680 scriptum,
1987 4593 2162 4680 quod
2206 4594 2455 4676 offerat,
2500 4617 2694 4679 quam
2738 4594 3038 4659 manibus
3083 4596 3218 4657 suis

367 4696 716 4763 describat.
799 4697 968 4763 Nam
1013 4696 1084 4760 in
1121 4694 1244 4760 hoc
1287 4691 1738 4779 depraehensa
1774 4691 1956 4756 fraus
2003 4694 2464 4779 gravissimam
2510 4716 2786 4781 poenam
2827 4691 3185 4759 sustinebit.

370 4880 469 4928 DE
509 4880 798 4929 BIENNIO
844 4879 1187 4929 NOVORUM
1229 4875 1768 4940 MAGISTRORUM,
1811 4876 1901 4923 ET
1948 4876 2118 4936 QUID
2159 4877 2356 4925 EXlGl
2398 4878 2487 4925 AB
2527 4877 2640 4925 HIS
2685 4877 2976 4941 SOLEAT‚
3019 4875 3081 4923 sl
3120 4876 3215 4921 AD

451 4976 856 5029 DOCTRINAE
898 4978 1243 5028 PUBLICAE
1291 4975 1578 5025 MUNERA
1617 4974 1953 5023 ASPIRENT
2006 4976 2099 5023 ET
2140 4977 2213 5023 m
2256 4976 2817 5026 COMMUMTATEM
2860 4974 3138 5023 PUBLICI
3234 4966 3302 5022 40

1345 5074 1651 5123 CONCILII
1697 5074 1926 5121 RECIPI
1963 5075 2244 5122 VELINT.

538 5192 646 5258 De
689 5193 790 5276 iis,
837 5192 949 5280 qui
990 5191 1171 5279 apud
1216 5214 1334 5257 nos
1379 5191 1679 5275 magistri
1722 5189 2041 5254 bonarum
2098 5191 2337 5255 artium
2394 5191 2743 5256 renuntiati
2801 5199 2981 5272 sunt,
3040 5211 3211 5254 nunc

374 5288 497 5359 hoc
541 5295 802 5359 omnino
847 5292 1098 5357 servari
1139 5300 1438 5378 oportere
1484 5291 1702 5355 visum
1739 5299 1838 5355 est
1879 5311 1964 5355 ex
2006 5288 2246 5374 multiS,
2292 5312 2457 5377 quae
2501 5289 2942 5377 superioribus
2970 5299 3213 5380 tempo·

2757 5398 2875 5461 34·
