4038 6358
1485 666 1584 717 Die
1620 664 1854 717 statuten
1893 680 2013 717 vom
2051 668 2216 719 Jahre
2258 666 2399 720 1543.
3238 670 3359 737 6¹⁷
3438 670 3445 677 ’

668 854 750 915 2.
793 847 930 914 Nec
968 844 1375 936 recipiendus
1413 857 1528 932 est,
1573 849 1951 938 priusquam
1998 858 2264 933 constet,
2306 873 2449 915 eum
2493 849 2869 916 matriculae
2913 849 3353 916 universitatis

447 956 788 1014 nostrae
829 948 1212 1037 Lypsiensis
1255 947 1636 1036 inscriptum
1682 971 1824 1015 esse
1868 959 1952 1022 et,
1973 952 2298 1037 integrum
2340 951 2627 1039 precium
2669 949 3091 1032 inscribendi,
3135 949 3358 1015 decem

453 1046 779 1114 scilicet
817 1042 1103 1135 grossos,
1147 1050 1385 1116 rectori
1432 1048 1846 1137 persolvisse.

679 1169 750 1231 3.
793 1165 1054 1232 Deinde
1093 1164 1352 1255 publice
1389 1168 1458 1233 in
1503 1167 1736 1233 scholis
1782 1166 2215 1247 determinare
2271 1166 2464 1233 debet
2525 1168 2967 1256 quaestionem
3012 1165 3357 1233 medicina-

455 1260 625 1327 lem
645 1313 668 1345 ,
749 1264 975 1331 favore
1028 1275 1090 1330 et
1148 1288 1463 1332 consensu
1523 1268 1722 1332 totius
1767 1266 2109 1359 ⁸facultatis
2163 1267 2485 1360 medicae,
2572 1267 2658 1332 ad
2702 1290 2897 1355 quam
2941 1264 3357 1353 respondebit
3405 1272 3439 1330 5

464 1360 896 1431 doctoribus
937 1374 1000 1429 et
1042 1363 1337 1430 omnibus
1374 1364 1520 1431 aliis
1560 1364 1918 1433 medicinae
1962 1366 2365 1435 scholaribus
2408 1389 2681 1453 arguere
2724 1365 3106 1432 volentibus.

685 1488 742 1548 4.
782 1480 1001 1546 Debet
1030 1492 1369 1569 praeterea
1407 1485 1782 1569 promittere
1826 1483 2034 1549 eidem
2081 1484 2323 1552 decano
2366 1495 2429 1551 et
2459 1486 2577 1550 toti
2614 1483 2923 1565 facultati,
2968 1479 3157 1569 quod,
3190 1503 3353 1546 com-

471 1574 700 1665 pleta
744 1602 862 1645 sua
903 1584 1355 1669 responsione,
1418 1582 1766 1647 inmediate
1809 1583 1966 1649 velit
2008 1595 2229 1673 petere
2285 1583 2801 1671 adsumptionem
2841 1582 2928 1647 ad
2969 1578 3357 1647 facultatem.

475 1676 824 1746 Habetur
867 1689 1079 1747 autem
1121 1680 1272 1746 talis
1304 1682 1567 1769 publica
1607 1686 1948 1771 responsio
1992 1684 2135 1751 loco
2181 1685 2517 1750 examinis.

685 1805 740 1865 5.
782 1799 1029 1885 Doctor
1070 1808 1402 1886 promotus
1445 1800 1512 1863 in
1554 1798 1684 1864 alia
1723 1801 2144 1867 universitate
2187 1800 2368 1866 dabit
2409 1798 2665 1865 famulis
2710 1799 3150 1895 universitatis
3192 1806 3439 1864 tem-10

484 1920 682 1984 pore
741 1920 896 1963 suae
959 1899 1422 1985 assumptionis
1485 1898 1572 1965 ad
1633 1899 2004 1968 facultatem
2066 1900 2427 1965 medicinae
2495 1899 2656 1966 duos
2721 1896 2999 1965 florenos
3052 1920 3355 1963 renenses

481 2020 566 2061 m
625 2021 812 2064 auro.

685 2118 740 2181 6.
802 2111 1028 2179 Nullus
1099 2112 1180 2179 de
1235 2122 1489 2179 caetero
1543 2116 1896 2201 recipiatur
1953 2116 2182 2183 doctor
2239 2117 2397 2184 alibi
2450 2125 2779 2205 promotus
2840 2115 2927 2182 ad
2982 2114 3355 2182 facultatem

489 2214 689 2279 hanc
730 2222 1020 2280 nostram
1067 2212 1407 2295 medicam,
1445 2214 1572 2278 nisi
1615 2216 1684 2278 in
1725 2214 1871 2280 aliis
1907 2217 2441 2284 universitatibus
2470 2214 2831 2282 celebribus
2857 2238 2976 2303 per
3010 2217 3355 2283 triennium

495 2315 715 2381 fuerit
757 2322 822 2379 et
861 2312 1105 2378 ibidem
1150 2312 1442 2379 doctores
1485 2314 1847 2380 medicinae
1889 2314 2232 2403 diligenter
2276 2318 2345 2381 in
2379 2315 2759 2381 lectionibus
2790 2315 3111 2382 audiverit
3138 2326 3202 2379 et
3224 2313 3347 2379 hoc
3377 2321 3437 2379 15

499 2438 638 2481 suo
681 2416 1042 2479 iuramento
1083 2424 1274 2477 antea
1319 2413 1814 2479 confirmaverit.

684 2536 739 2595 7.
778 2530 1008 2595 Nullus
1051 2528 1298 2610 doctor,
1339 2529 1519 2616 apud
1558 2530 1834 2596 alienam
1881 2531 2281 2599 academiam
2306 2522 2760 2621 promotus,’in
2785 2530 3177 2598 solemnibus
3199 2532 3351 2595 acti-

497 2628 638 2697 bus
680 2639 743 2696 et
784 2628 1060 2718 publicis
1108 2628 1320 2695 locum
1363 2628 1603 2695 habeat
1639 2632 1808 2696 inter
1851 2632 2211 2699 medicinae
2251 2633 2545 2699 doctores
2592 2631 2779 2697 huius
2822 2628 3053 2713 studii,
3096 2631 3223 2695 nisi
3270 2630 3355 2693 sit

502 2730 897 2817 adsumptus
939 2727 1025 2794 ad
1062 2726 1430 2795 facultatem
1473 2729 1832 2796 medicinae
1875 2731 2228 2797 secundum
2274 2742 2516 2799 statuta
2558 2730 2865 2812 eiusdem,
2908 2752 3115 2818 neque
3142 2728 3352 2795 cathe-

505 2830 701 2897 dram
747 2827 1140 2896 doctoralem
1178 2826 1494 2893 ascendat
1529 2829 1803 2917 legendo
1849 2840 1912 2896 et
1953 2829 2345 2919 disputando
2387 2833 2455 2895 in
2478 2831 2813 2897 medicinis
2856 2830 2982 2895 nisi
3028 2850 3347 2894 consensu
3367 2836 3435 2893 20

507 2930 748 2997 decani
791 2937 856 2994 et
895 2927 1233 2995 doctorum
1275 2926 1471 2994 totius
1511 2928 1860 2996 facultatis.

679 3051 738 3115 8.
782 3044 1086 3112 Attamen
1125 3043 1224 3111 illi
1239 3094 1258 3127 ‚
1321 3046 1433 3131 qui
1491 3053 1798 3112 externus
1848 3046 2119 3113 advenit
2160 3070 2367 3138 neque
2421 3048 2549 3113 huc
2600 3046 2986 3133 adsumptus
3033 3054 3149 3129 est,
3194 3042 3354 3111 alibi

441 3138 456 3167 '⁸
499 3154 809 3233 promoto
866 3143 1132 3228 doctori,
1176 3166 1308 3210 non
1368 3142 1560 3210 debet
1621 3147 1850 3232 negari
1907 3138 1976 3212 in
2042 3146 2320 3234 publicis
2382 3146 2929 3236 disputationibus
2946 3195 2964 3228 ‚
3047 3156 3355 3234 tanquam

503 3244 784 3332 hospiti,
829 3244 1090 3310 ultimus
1133 3244 1334 3311 locus.

679 3369 735 3430 9.
779 3361 1002 3450 Neque
1049 3383 1204 3427 vero
1249 3360 1590 3449 quisquam
1633 3359 1792 3427 alibi
1836 3373 2301 3451 promotorum,
2354 3364 2509 3430 licet
2549 3366 2644 3430 ita
2685 3363 3069 3450 adsumptus
3116 3362 3218 3445 sit,
3262 3359 3348 3426 ad
3368 3369 3433 3425 25

499 3462 880 3529 facultatem
919 3459 1045 3526 huc
1085 3460 1439 3546 recipiatur
1483 3471 1546 3525 et
1589 3460 1926 3528 consilium
1967 3464 2207 3552 ipsius,
2268 3464 2396 3528 nisi
2438 3465 2504 3528 in
2547 3462 2671 3529 hac
2713 3463 3130 3530 universitate
3174 3459 3348 3526 bien-

497 3563 686 3629 nium
729 3558 1002 3649 legendo
1046 3559 1324 3646 aliquem
1367 3557 1687 3625 medicum
1730 3570 1879 3648 post
1933 3565 2033 3628 sui
2075 3561 2597 3650 adsumptionem
2658 3561 3112 3650 compleverit,
3168 3561 3352 3626 iuxta

503 3671 753 3728 statuta
791 3661 862 3727 in
905 3683 1048 3725 eam
1094 3669 1350 3747 partem
1393 3658 1619 3724 edita.¹

682 3784 774 3846 10.
820 3773 1050 3866 [Bl.6¹>]
1099 3773 1393 3858 Quilibet
1412 3775 1851 3842 adsumendus
1878 3776 1964 3843 ad
1988 3775 2360 3843 facultatem
2403 3777 2782 3861 medicinae,
2826 3777 2981 3843 alibi
3013 3789 3350 3866 promotus

503 3888 817 3966 tanquam
860 3876 1085 3944 doctor
1125 3875 1518 3958 medicinae,
1579 3884 1728 3942 ante
1783 3877 1881 3940 sui
1940 3875 2462 3965 adsumptionem
2520 3877 2839 3953 tenebitur
2880 3880 3116 3961 iurare,
3159 3877 3334 3967 quod
3356 3887 3423 3944 30

505 3976 663 4043 velit
706 3997 1059 4062 procurare
1095 3975 1338 4042 bonum
1380 3974 1708 4041 facultatis
1753 3974 2044 4041 medicae
2084 3977 2281 4042 studii
2320 3976 2510 4044 huius
2564 3978 2945 4066 Lypsiensis
2963 4027 2981 4060 ,
3038 3988 3347 4066 quantum

503 4077 572 4139 in
613 4077 758 4162 ipso
804 4085 933 4158 est,
993 4073 1079 4139 ad
1135 4096 1598 4163 quemcumque
1651 4085 1888 4140 statum
1936 4079 2336 4163 pervenerit,
2398 4088 2461 4143 et
2501 4077 2673 4165 quod
2720 4078 2871 4144 velit
2916 4099 3177 4144 servare
3218 4086 3344 4143 sta-

505 4185 645 4240 tuta
686 4184 750 4239 et
785 4174 1127 4239 statuenda
1145 4223 1163 4257 ,
1240 4197 1406 4262 quae
1465 4185 1614 4240 sunt
1671 4188 1732 4241 et
1790 4187 1976 4242 erunt
2025 4198 2141 4263 pro
2187 4176 2355 4243 bono
2398 4178 2727 4244 facultatis
2773 4178 3062 4243 eiusdem
3106 4198 3342 4264 appro-

506 4272 662 4339 bata
702 4272 808 4338 vel
853 4271 1304 4360 approbanda.

677 4396 769 4456 11.
825 4389 990 4455 Item
1043 4387 1290 4454 iurabit
1340 4386 1513 4455 idem
1566 4389 1789 4457 doctor
1833 4389 1989 4456 alibi
2050 4401 2387 4479 promotus
2443 4393 2879 4460 adsumendus
2922 4390 3008 4457 ad
3049 4399 3336 4456 nostram
3359 4399 3425 4456 35

502 4489 876 4556 facultatem
917 4486 1297 4571 medicinae,
1341 4485 1563 4574 digitis
1603 4489 1939 4575 evangelio
1981 4492 2322 4579 impositis,
2369 4493 2487 4558 sub
2533 4493 2658 4558 hac
2701 4493 2990 4581 sequenti
3029 4489 3340 4557 formula:

1689 4721 2165 4772 mRAMENTtm.

668 4869 854 4956 „Ego
911 4869 1010 4935 .N.
1063 4870 1210 4935 iuro
1266 4866 1452 4934 vobis
1509 4869 1754 4935 decano
1817 4871 2177 4958 vestrisque
2243 4873 2723 4940 successoribus
2788 4873 3221 4940 obedientiam
3275 4881 3339 4938 et

500 4971 930 5036 reverentiam
969 4970 1038 5034 in
1076 4966 1274 5034 licitis
1313 4977 1376 5034 et
1420 4967 1726 5052 honestis,
1772 4978 1835 5034 et
1873 4991 2138 5034 servare
2184 4979 2423 5037 statuta
2475 4981 2539 5037 et
2592 4971 2935 5039 statuenda
2978 4995 3095 5060 pro
3140 4994 3334 5059 posse

501 5070 709 5138 meo.“
3355 5081 3423 5138 ⁴0

675 5339 694 5390 1
739 5332 1117 5394 Geschrieben
1148 5337 1352 5393 aedita.
