4038 6358
818 618 897 680 52
1776 615 1878 667 Die
1914 615 2150 667 Statuten
2190 630 2310 666 vom
2344 614 2509 666 Jahn-e
2548 620 2676 666 1⁴10

1623 799 1679 864 8.
1743 814 1838 862 ns
1883 813 2400 864 mmsmcrmnn
2443 812 2803 864 unci-oms.
2827 798 2848 840 ¹

979 929 1507 997 Iurisdiccionem
1562 928 1956 995 ordinariam
2008 940 2221 997 rector
2271 929 2539 996 habebit
2582 930 2651 994 in
2691 930 2909 995 omnia
2952 930 3289 1016 supposita
3331 930 3655 995 universi-

818 1031 973 1095 tatis
1013 1030 1083 1093 in
1126 1031 1340 1096 causis
1381 1028 1683 1095 civilibus
1727 1039 1792 1094 et
1831 1029 2230 1095 iniuriarum.
2312 1030 2474 1095 Item
2516 1039 2729 1095 rector
2770 1030 3133 1094 summatim
3177 1037 3242 1094 et
3271 1029 3409 1094 sine
3437 1028 3658 1117 figura

816 1140 882 1195 et
936 1131 1075 1195 sine
1137 1130 1411 1216 strepitu
1463 1128 1687 1194 iudicii
1741 1132 2091 1215 cognoscat
2143 1151 2409 1212 causas,
2465 1139 2530 1195 et
2565 1128 2739 1193 infra
2781 1137 2924 1193 octo
2968 1129 3108 1194 dies
3152 1127 3345 1194 debet
3386 1150 3654 1195 causam

763 1239 797 1292 5
817 1228 1091 1294 duorum
1133 1250 1508 1314 grossorum
1551 1237 1615 1293 et
1655 1228 1826 1292 infra
1866 1227 2186 1293 decidere.
2269 1226 2358 1292 Et
2385 1229 2440 1293 si
2463 1228 2816 1295 necessitas
2845 1229 3154 1314 requirat,
3193 1237 3412 1314 potest
3435 1238 3658 1293 rector

820 1329 886 1393 in
932 1329 1144 1394 causis
1186 1328 1527 1394 scolarium
1573 1326 1926 1414 procedere
1968 1326 2253 1414 quolibet
2291 1336 2581 1415 tempore
2620 1327 2945 1392 seriarum.
3027 1328 3190 1393 Item
3216 1348 3346 1392 non
3379 1336 3659 1414 possunt

818 1429 1262 1493 universitatis
1318 1425 1610 1492 membra
1669 1427 1940 1493 rectoris
1992 1426 2299 1491 iudicium
2353 1424 2831 1514 quomodolibet
2882 1425 3228 1492 declinare.
3306 1425 3381 1491 Si
3439 1437 3658 1491 autem

818 1550 1098 1616 persona
1152 1529 1218 1592 in
1276 1526 1584 1592 iudicium
1636 1535 1847 1592 tracta
1904 1527 2249 1608 iuraverit,
2308 1547 2391 1590 ex
2446 1535 2623 1591 certa
2683 1548 2884 1591 causa
2940 1548 3010 1591 se
3050 1535 3366 1592 rectorem
3410 1524 3656 1591 habere

814 1636 1181 1715 suspectum
1196 1675 1214 1709 ,
1274 1649 1536 1692 causam
1590 1626 1975 1713 suspicionis
2029 1631 2093 1705 [7
2107 1621 2158 1712 ¹²]
2218 1625 2576 1713 exprimat,
2631 1627 2942 1712 praestito
2986 1627 3381 1709 iuramento,
3435 1637 3500 1691 et
3542 1647 3653 1690 ex·

738 1737 801 1792 10
817 1736 971 1792 tunc
1028 1736 1242 1791 rector
1301 1747 1563 1791 causam
1621 1724 2051 1813 principalem
2100 1722 2354 1811 deleget
2393 1746 2713 1812 personae
2749 1747 2879 1790 non
2918 1735 3287 1813 suspectae,
3346 1747 3515 1812 quae
3569 1726 3658 1790 sit

816 1824 1174 1891 membrum
1218 1825 1657 1891 universitatis
1669 1874 1688 1908 ,
1732 1847 1844 1891 seu
1887 1824 2124 1911 aliquis
2164 1825 2521 1892 vicerector
2561 1825 2778 1909 detur,
2818 1826 2928 1910 qui
2970 1824 3053 1889 de
3096 1846 3295 1890 causa
3334 1825 3653 1911 suspicio·

813 1927 916 1993 nis
972 1925 1213 1991 iudicet
1267 1935 1331 1990 et
1387 1925 1598 2011 ipsam
1655 1923 1935 1988 diffiniat
1984 1923 2155 1990 infra
2196 1932 2341 1990 octo
2385 1924 2526 1989 dies
2567 1946 2713 1990 cum
2757 1924 3145 1990 consiliariis
3186 1925 3655 1991 universitatis.

816 2026 968 2108 Qua
1009 2024 1288 2112 probata
1328 2025 1688 2089 vicerector
1727 2022 1902 2089 idem
1944 2024 2027 2089 de
2065 2023 2414 2111 principali
2454 2046 2652 2090 causa
2695 2032 3077 2109 cognoscat3
3121 2021 3237 2088 illa
3278 2034 3492 2089 autem
3521 2045 3656 2089 non

818 2124 1095 2212 probata
1111 2174 1129 2208 ,
1209 2125 1499 2189 remittat
1562 2124 1921 2189 vicerector
1983 2123 2165 2189 illam
2242 2145 2504 2189 causam
2567 2122 2653 2188 ad
2713 2123 2994 2190 iudicem
3045 2132 3414 2189 recusatum
3468 2123 3512 2187 i.
3565 2123 3658 2187 ad

736 2235 798 2289 15
814 2235 1151 2290 rectorem.
1234 2223 1396 2288 Item
1436 2245 1564 2291 non
1608 2231 1822 2310 potest
1861 2221 2095 2309 aliquis
2134 2222 2494 2288 intitulatus
2533 2224 2943 2289 universitati
2983 2232 3242 2289 nostrae
3286 2245 3368 2288 ac
3398 2224 3653 2287 iuratus

814 2322 1012 2388 alium
1054 2323 1446 2389 intitulatum
1487 2322 1746 2389 trahere
1784 2324 1853 2387 in
1895 2323 2206 2388 iudicium
2243 2323 2373 2388 nisi
2414 2332 2562 2389 ante
2604 2333 2919 2388 rectorem
2961 2323 3426 2388 universitatis.

1083 2494 1138 2556 9.
1202 2506 1298 2554 An
1344 2505 1514 2567 Qum
1558 2505 1976 2553 muniturus
2017 2504 2323 2555 nnc‘rom
2364 2505 2742 2555 suprosrm
2784 2505 3327 2555 umvnnsrmns.
3350 2489 3376 2530 2

974 2621 1272 2689 Rectoris
1314 2619 1896 2687 convocacionibus
1907 2670 1927 2704 ,
1983 2620 2409 2686 citacionibus
2462 2631 2527 2686 et
2579 2620 2967 2687 iudiciorum
3011 2623 3355 2688 sentenciis
3396 2633 3461 2686 et
3503 2644 3654 2688 con-

817 2720 1100 2787 cordatis
1141 2730 1334 2809 atque
1377 2719 1702 2787 mandatis
1744 2720 2252 2786 racionabilibus
2295 2721 2514 2786 omnia
2555 2722 2996 2789 universitatis
3025 2721 3319 2788 membra
3353 2731 3656 2788 tenentur

731 2829 799 2886 20
818 2820 1103 2887 obedire.
1188 2820 1276 2886 Et
1319 2821 1373 2885 si
1417 2822 1563 2907 quis
1607 2829 1949 2907 gravatum
1993 2843 2063 2885 se
2104 2821 2533 2906 reputaverit,
2576 2822 3018 2887 universitatis
3062 2821 3379 2887 auxilium
3420 2821 3649 2910 immo-

811 2931 911 2986 ret
956 2943 1150 3008 super
1193 2921 1322 2987 illo.
1407 2921 1568 2985 Item
1615 2922 1851 2985 citatus
1895 2922 2164 3003 iterato,
2211 2922 2266 2984 si
2313 2929 2658 2985 contumax
2698 2920 2922 3006 fuerit,
2978 2920 3186 2987 solvet
3226 2944 3425 2987 unum
3466 2944 3651 3008 gros-

811 3044 993 3105 sum3
1070 3023 1125 3087 si
1182 3021 1420 3103 tercio,
1476 3019 1681 3085 solvet
1736 3026 1775 3087 2
1829 3042 1956 3105 gr.;
2012 3021 2070 3085 si
2129 3028 2359 3108 quarto
2415 3015 2582 3108 [8⁸],
2637 3020 2707 3085 in
2762 3019 2971 3086 tribus
3022 3023 3270 3106 grossis
3325 3022 3655 3108 puniatur.

806 3120 1031 3187 Potest
1073 3131 1286 3187 tamen
1328 3128 1541 3185 rector
1586 3118 1935 3185 secundum
1990 3118 2397 3207 exigenciam
2440 3140 2674 3184 causae
2716 3120 2783 3184 in
2827 3119 3250 3187 citacionibus
3293 3144 3490 3187 unum
3526 3130 3655 3185 ter-

809 3222 1051 3285 minum
1094 3219 1596 3307 peremptorium
1641 3240 1759 3305 pro
1801 3218 2098 3284 omnibus
2141 3218 2268 3283 illis
2312 3217 2647 3305 deputare.
2733 3217 2926 3299 Quod
2969 3222 3026 3285 si
3068 3243 3188 3286 nec
3230 3221 3446 3286 adhuc
3483 3244 3653 3287 com-

727 3330 796 3385 25
815 3342 1048 3407 parere
1090 3320 1399 3401 voluerit,
1441 3315 1546 3383 vel
1591 3319 1977 3383 sententiam
2021 3329 2249 3385 contra
2291 3341 2361 3383 se
2401 3316 2599 3384 latam
2644 3339 2909 3384 servare
2957 3321 3309 3407 spreverit,
3354 3319 3434 3384 de
3478 3343 3649 3385 com·

812 3420 988 3484 muni
1035 3417 1302 3483 consilio
1347 3441 1387 3482 a
1424 3417 1817 3482 leccionibus
1860 3440 1977 3506 per
2026 3418 2513 3505 suspensionem
2554 3417 2881 3504 publicam
2926 3419 3296 3485 huiusmodi
3338 3417 3642 3484 excluda-

806 3529 929 3585 tur.
1018 3517 1209 3598 Quod
1253 3520 1309 3582 si
1350 3538 1470 3581 nec
1511 3515 1685 3580 illam
1730 3537 2008 3603 poenam
2049 3518 2390 3599 curaverit,
2428 3515 2542 3581 sed
2570 3539 2692 3604 per
2725 3519 3115 3605 quindenam
3137 3520 3208 3583 in
3240 3520 3652 3584 contumacia

809 3641 928 3685 sua
983 3617 1414 3705 permanserit
1463 3615 1839 3698 induratus,
1896 3626 2161 3699 extunc,
2216 3616 2410 3680 trium
2453 3615 2704 3680 dierum
2748 3620 3107 3684 monicione
3150 3618 3545 3705 praemissa,
3604 3639 3645 3681 a

811 3728 1062 3784 rectore
1102 3718 1168 3781 in
1213 3716 1724 3802 congregacione
1765 3715 2235 3798 universitatis,
2279 3713 2365 3779 ad
2406 3711 2528 3779 hoc
2569 3715 2762 3798 facta,
2807 3715 2957 3781 talis
3000 3739 3041 3783 a
3080 3738 3354 3803 corpore
3391 3718 3653 3782 univer·

724 3828 794 3885 30
814 3818 1023 3884 sitatis
1076 3826 1407 3903 tamquam
1461 3813 1823 3879 membrum
1878 3814 2207 3901 putridum
2260 3813 2695 3898 rescindatur,
2766 3823 2831 3880 et
2896 3815 3264 3883 inhibeatur
3328 3816 3652 3882 universis

819 3917 1190 4005 suppositis,
1233 3938 1314 3979 ne
1356 3935 1499 3978 cum
1542 3913 1657 3978 tali
1699 3912 2179 4000 quomodolibet
2210 3922 2671 3979 conversentur
2713 3914 2780 3978 in
2828 3914 3080 3981 actibus
3122 3915 3479 3983 scolasticis
3520 3926 3652 3981 tam

814 4015 1093 4107 publicis
1147 4037 1338 4102 quam
1394 4014 1687 4100 privatis.
1768 4011 1989 4078 Debet
2039 4023 2255 4078 tamen
2309 4022 2523 4078 rector
2576 4014 2645 4077 in
2695 4034 2895 4079 causa
2935 4014 3206 4104 multum
3250 4016 3459 4082 ardua
3500 4039 3647 4104 pro-

810 4117 1039 4182 cedere
1090 4116 1159 4178 in
1214 4113 1453 4179 iudicio
1496 4112 1889 4178 consiliariis
1932 4110 2058 4178 sibi
2101 4111 2551 4178 assistentibus
2595 4112 2950 4179 secundum
2991 4114 3451 4181 diffinicionem
3498 4137 3647 4181 con·

806 4217 932 4282 silii
976 4214 1418 4279 universitatis
1461 4213 1645 4277 iuxta
1685 4211 1948 4277 modum
1998 4213 2171 4277 infra
2212 4212 2530 4299 scriptum
2568 4213 2637 4276 in
2677 4210 2805 4276 fine
2846 4212 3167 4280 undecimi
3209 4216 3452 4281 statuti.

721 4328 789 4384 35
972 4315 1134 4380 Item
1157 4312 1182 4355 ³
1232 4321 1447 4378 rector
1502 4321 1753 4377 tenetur
1808 4313 2025 4377 facere
2081 4310 2295 4375 modis
2338 4311 2573 4396 quibus
2615 4320 2856 4399 potest,
2913 4313 3088 4400 quod
3133 4336 3352 4379 omnes
3397 4336 3467 4379 se
3511 4310 3576 4401 [8
3591 4311 3649 4402 ¹²]

805 4437 924 4505 pro
972 4411 1375 4479 studentibus
1418 4421 1714 4497 gerentes
1756 4420 1820 4475 et
1876 4432 2096 4477 omnes
2144 4410 2497 4477 familiares
2536 4433 2757 4477 eormn
2800 4433 2880 4477 ac
2921 4434 3141 4478 omnes
3187 4411 3438 4479 librarii
3453 4462 3469 4492 ,
3522 4423 3651 4479 sta-

805 4514 1078 4582 cionarii
1094 4561 1113 4596 ,
1172 4511 1603 4599 pergamenii,
1662 4512 2048 4598 scriptores,
2104 4510 2604 4596 illuminatoreS,
2659 4521 3089 4597 correctores,
3139 4535 3398 4580 rasores
3442 4521 3651 4579 carta-

808 4640 948 4683 rum
993 4625 1058 4680 et
1096 4612 1411 4678 librorum
1454 4609 1762 4696 ligatores
1804 4620 1872 4676 et
1912 4610 2263 4676 eorundem
2303 4610 2674 4677 venditores
2717 4621 2782 4677 et
2821 4635 3064 4695 omnes,
3106 4615 3220 4701 qui
3260 4614 3491 4679 vivunt
3532 4635 3652 4701 per

810 4716 1297 4782 universitatem
1355 4720 1421 4776 et
1476 4733 1695 4777 eorum
1736 4708 2051 4795 scolares,
2109 4710 2354 4776 subditi
2397 4711 2528 4777 sint
2566 4713 2804 4778 rectori
2846 4723 2911 4778 et
2947 4713 3160 4779 iurent
3199 4713 3410 4779 eidem
3453 4723 3519 4778 et
3557 4714 3652 4778 in-

941 4971 963 5021 1
1002 4965 1110 5019 Am
1146 4962 1342 5017 Rande
1375 4959 1606 5029 legemr,
1646 4957 1789 5013 doch
1821 4976 1930 5014 von
1966 4959 2225 5029 auderet,
2273 4963 2598 5031 spiiterer
2628 4961 2824 5031 Hand,
2855 4962 2957 5018 wie
2992 4962 3101 5018 alle
3134 4960 3446 5033 folgenden.
3524 4960 3648 5017 Das

804 5047 969 5104 Wort
1014 5049 1088 5102 ist
1133 5047 1392 5102 meistens
1441 5059 1585 5114 ganz
1632 5041 1942 5114 abgekiirzt
1988 5043 2349 5115 geschrieben
2383 5044 2459 5114 (le
2473 5047 2552 5116 S),
2594 5063 2657 5100 so
2700 5045 2828 5100 dass
2878 5046 2996 5102 sich
3043 5045 3199 5101 nicht
3231 5045 3460 5102 ersebeu
3495 5045 3646 5114 lant,

803 5132 876 5188 ob
919 5134 1132 5201 leyatur
1183 5131 1315 5186 oder
1363 5129 1568 5197 leyetur
1600 5127 1842 5197 gemeint
1879 5128 1989 5197 sei;
2037 5128 2172 5183 aber
2205 5144 2277 5183 an
2319 5133 2351 5183 2
2387 5129 2593 5185 Stellen
2627 5132 2813 5199 spater-
2845 5129 2942 5185 hat
2975 5130 3213 5186 dieselbe
3251 5130 3419 5186 Hand
3456 5147 3649 5202 ausge-

803 5215 1349 5356 sehnzebffillegsshe
1381 5297 1598 5366 ἱερείων.
1933 5299 1964 5348 3
1999 5295 2111 5349 Am
2144 5294 2341 5351 Raude
2372 5314 2486 5351 non
2516 5296 2733 5366 leym.
