4038 6358
886 566 1006 635 348
1867 573 1969 623 Die
2004 572 2443 637 philosophische
2485 573 2740 624 Faculffit.

883 760 1009 835 tus,
1061 751 1186 816 nisi
1229 753 1412 840 prius
1457 753 1705 818 steterit
1759 754 1827 818 in
1880 756 2010 820 ista
2063 757 2483 843 universitate
2533 777 2650 842 per
2699 754 2987 837 medium
3040 777 3280 820 annum
3334 763 3398 819 et
3450 757 3512 821 in
3565 757 3710 840 ista,

885 852 1056 917 unde
1105 853 1313 935 venit,
1371 854 1576 918 eciam
1618 852 1788 918 ultra
1829 854 2113 919 medium
2165 879 2421 938 annum,
2478 863 2540 920 et
2593 854 2939 920 dummodo
2988 855 3380 921 sufficientes
3418 856 3710 922 informa-

888 953 1103 1016 ciones
1144 951 1371 1016 fecerit
1412 952 1492 1017 de
1535 952 1872 1018 audicione
1914 953 2230 1019 librorum
2271 958 2340 1020 in
2381 955 2512 1020 alia
2548 955 3000 1043 universitate.v

1663 1126 1718 1187 6.
1760 1138 1853 1185 DE
1897 1138 2484 1187 RESPONSIONIBUS
2529 1138 2941 1188 onnmARns.

799 1258 833 1313 5
1330 1222 1337 1227 ι
2016 1257 2136 1319 Vgl.
2174 1258 2464 1321 Hauptstnt.
2504 1258 2584 1331 36.

1047 1368 1209 1432 Item
1252 1367 1460 1433 nullus
1503 1369 1695 1435 debet
1736 1370 1990 1435 admitti
2033 1370 2120 1435 ad
2164 1394 2437 1436 examen
2489 1394 2608 1458 pro
2663 1370 2875 1463 gradu
2925 1370 3407 1436 baccalariatus
3455 1371 3517 1434 in
3564 1374 3710 1437 arti-

887 1466 1029 1550 bus,
1079 1467 1207 1531 nisi
1256 1469 1466 1532 sexies
1509 1469 1918 1555 responderit
1963 1469 2298 1543 ‚ordinarie
2351 1479 2415 1535 et
2468 1473 2711 1536 tociens
2766 1469 3285 1535 extraordinarie
3337 1480 3465 1535 tam
3517 1475 3709 1557 magi-

889 1569 1039 1631 stris
1100 1589 1291 1653 quam
1347 1566 1761 1649 baccalariis,
1823 1567 2053 1634 diebus
2108 1568 2447 1634 dominicis
2501 1569 2604 1634 vel
2661 1579 2853 1634 extra
2904 1568 3409 1656 disputantibus.
3483 1570 3604 1651 Qui
3657 1572 3710 1634 si

889 1666 1124 1731 absens
1160 1665 1384 1747 fuerit,
1440 1665 1785 1731 dummodo
1829 1667 1952 1732 sibi
1997 1669 2294 1753 arguitur
2335 1668 2440 1733 vel
2499 1677 2945 1756 argumentum
2998 1670 3407 1756 proponitur,
3458 1691 3707 1756 respon·

812 1774 874 1829 10
893 1767 988 1830 sio
1050 1764 1227 1846 talis,
1294 1766 1429 1829 sive
1493 1766 1874 1855 principalis
1932 1767 2072 1832 sive
2126 1769 2336 1832 minus
2398 1768 2778 1856 principalis
2834 1769 3056 1850 fuerit,
3118 1790 3248 1832 non
3307 1767 3498 1833 debet
3548 1791 3708 1833 com-

891 1866 1128 1952 putari.

951 2036 1003 2097 7.
1047 2048 1116 2095 IN
1154 2047 1342 2109 QUOT
1385 2048 2007 2100 DISPUTACIONIBUS
2049 2050 2445 2100 ORDINARIIS
2489 2052 3006 2101 PROMOVENDUS
3049 2052 3120 2100 m
3161 2050 3636 2101 BAGCALARmu

1900 2152 2226 2199 TENETUR
2270 2150 2704 2200 COMPARERE.

2025 2287 2142 2349 vgl.
2183 2288 2474 2351 Hauptstat.
2512 2286 2594 2338 37.

811 2425 870 2479 15
1051 2414 1216 2478 Item
1255 2413 1464 2479 nullus
1509 2414 1593 2479 ad
1635 2437 1909 2480 examen
1951 2416 2424 2484 baccalariatus
2463 2421 2531 2483 in
2573 2414 2821 2483 artibus
2864 2416 3263 2500 admittatur,
3303 2417 3434 2481 nisi
3474 2418 3541 2481 in
3577 2439 3707 2481 con-

892 2515 1172 2578 sciencia
1227 2537 1348 2577 sua
1392 2513 1611 2596 dicat„
1653 2515 1824 2603 quod
1884 2519 1950 2579 in
2005 2516 2276 2602 triginta
2330 2517 2888 2605 disputacionibus
2942 2516 3291 2581 ordinariis
3351 2526 3485 2580 tam
3523 2517 3706 2601 magi·

888 2622 1165 2680 strorum
1218 2636 1416 2701 quam
1471 2613 1980 2680 baccalariorum
2039 2638 2348 2701 praesens
2403 2618 2525 2681 fuit
2575 2628 2726 2682 tam
2766 2616 2907 2699 diu,
2962 2616 3167 2681 donec
3215 2613 3318 2702 [33
3330 2612 3385 2703 b]
3432 2614 3707 2679 adminus

889 2714 1172 2800 quinque
1244 2712 1540 2799 magistri
1616 2723 1731 2781 aut
1803 2713 2155 2781 baccalarii
2233 2715 2627 2802 arguebant,
2704 2717 2759 2781 si
2838 2716 3064 2781 saltem
3138 2724 3235 2780 tot
3309 2713 3403 2779 ibi
3478 2715 3708 2779 fuerunt

888 2822 1254 2898 arguentes.

807 2987 876 3044 20
1166 2985 1222 3047 8.
1267 2998 1359 3044 DE
1401 2998 1695 3064 AETATE,
1738 2998 2283 3047 LEGITTIMITATE
2327 3000 2418 3047 ΕΤ
2463 2999 2766 3048 MORIBUS
2809 2998 3456 3051 PROMOVENDORUM.

2022 3117 2146 3181 Vgl.
2190 3120 2478 3181 llauptstat.
2510 3119 2590 3171 40.

1054 3232 1220 3297 Item
1263 3230 1474 3296 nullus
1518 3231 1896 3296 admittatur
1935 3232 2022 3297 ad
2064 3255 2338 3296 examen
2380 3255 2497 3318 pro
2538 3232 2753 3318 gradu
2808 3232 3286 3297 baccalariatus
3337 3233 3409 3296 in
3465 3230 3708 3313 artibus,

888 3332 1015 3397 nisi
1071 3332 1358 3417 attigerit
1414 3354 1655 3396 annum
1698 3331 2018 3396 decimum
2059 3333 2423 3418 septimum
2476 3342 2539 3396 et
2594 3331 2675 3396 de
2732 3332 3050 3419 legittimo
3093 3332 3506 3397 matrimonio
3543 3341 3708 3394 natus

890 3434 975 3496 sit
1017 3442 1079 3496 et
1120 3430 1283 3496 alias
1325 3430 1614 3495 moribus
1658 3430 2187 3496 commendabilis
2230 3432 2500 3514 existat,
2558 3432 2653 3496 sic
2695 3431 2869 3519 quod
2908 3433 2980 3496 in
3017 3431 3196 3510 nullo
3241 3453 3517 3496 excessu
3551 3440 3707 3496 nota·

806 3530 1008 3596 25bili
1061 3540 1125 3595 et
1182 3531 1437 3594 notorio
1495 3528 1935 3616 deprehensus
1992 3531 2215 3612 fuerit,
2270 3529 2441 3617 quod
2499 3530 2579 3595 de
2636 3531 2922 3618 quolibet
2976 3553 3295 3612 seorsum,
3354 3529 3598 3594 scilicet
3643 3528 3711 3593 de

892 3639 1103 3695 aetate
1142 3638 1208 3693 et
1250 3628 1705 3715 legittimitate,
1763 3637 1912 3694 ante
1963 3629 2421 3695 admissionem
2465 3630 2550 3695 ad
2600 3652 2875 3695 examen
2930 3651 3049 3715 per
3092 3629 3409 3694 decanum
3450 3629 3711 3714 inquira-

889 3739 994 3794 tur
1039 3727 1397 3813 diligenter.
1481 3727 1660 3808 Quos
1707 3730 1911 3792 eciam
1955 3739 2018 3794 et
2062 3728 2409 3815 quemlibet
2449 3730 2516 3792 in
2561 3728 2796 3813 aliquo,
2851 3737 2922 3792 ut
2964 3728 3420 3814 praemittitur,
3466 3749 3714 3792 excessu

888 3826 1159 3892 notabili
1205 3828 1457 3892 notorio
1510 3826 1894 3914 culpabilem
1947 3827 2221 3915 quilibet
2269 3828 2728 3913 magistrorum
2782 3828 2992 3892 sciens
3037 3826 3468 3892 denuncciare
3518 3834 3581 3892 et
3616 3828 3710 3890 im-

890 3926 1117 4013 pedire
1171 3937 1381 4013 potest
1422 3935 1485 3991 et
1525 3937 1798 4009 tenetur,
1851 3947 1970 3992 nec
2025 3929 2230 3992 eciam
2280 3926 2428 3990 talis
2481 3928 2881 4013 inposterum
2937 3925 3336 4008 admittatur,
3388 3926 3518 3989 nisi
3573 3924 3712 3990 adeo

808 4026 1305 4092 301audabiliter
1351 4038 1415 4091 et
1455 4027 1741 4090 virtuose
1784 4048 1854 4089 se
1912 4029 2186 4109 rexerit,
2244 4026 2414 4112 quod
2460 4048 2545 4090 ex
2584 4035 2915 4090 transacta
2954 4026 3246 4091 virtuosa
3291 4026 3432 4089 eius
3478 4026 3612 4089 vita
3646 4023 3714 4088 de

894 4126 1310 4213 subsequenti
1364 4126 1499 4190 eius
1545 4126 2044 4190 conversacione
2102 4124 2418 4190 laudabili
2472 4134 2947 4211 praesumatur.
3029 4125 3116 4188 Et
3155 4124 3354 4189 talem
3396 4145 3713 4189 excessum

892 4224 1166 4290 facultas
1210 4225 1458 4290 arcium
1499 4234 1757 4311 reputat
1796 4223 2146 4289 notabilem
2189 4234 2253 4289 et
2291 4226 2635 4306 notorium,
2681 4223 2761 4288 de
2803 4245 2930 4309 quo
2974 4245 3092 4311 per
3132 4233 3451 4289 rectorem
3490 4233 3557 4288 et
3594 4227 3708 4289 eius

891 4346 1253 4391 assessores
1305 4325 1744 4389 incarceratus
1795 4324 2017 4406 fuerit,
2073 4322 2175 4386 vel
2221 4326 2275 4387 si
2330 4323 2626 4410 publicus
2668 4324 3148 4389 meretricarius
3206 4324 3429 4406 fuerit,
3490 4322 3711 4390 scilicet

889 4424 1063 4513 quod
1106 4427 1173 4488 in
1216 4423 1406 4489 domo
1448 4422 1877 4488 habitacionis
1926 4445 2081 4496 suae
2122 4421 2456 4488 mulierem
2500 4433 2867 4509 suspectam
2905 4425 3183 4488 tenuerit
3223 4422 3325 4488 vel
3381 4422 3468 4487 ad
3524 4445 3708 4488 como·

803 4533 872 4592 35
890 4525 1041 4589 dum
1084 4523 1322 4588 bursae
1367 4545 1519 4588 suae
1559 4521 1754 4588 talem
1796 4520 2261 4604 introduxerit,
2314 4532 2379 4587 et
2420 4522 2501 4586 de
2542 4522 2667 4587 hoc
2709 4522 3042 4587 convictus
3082 4521 3186 4587 vel
3229 4522 3581 4605 confessus,
3620 4521 3703 4587 vel

889 4646 1006 4712 per
1049 4633 1507 4689 conventorem
1564 4632 1833 4712 propter
1884 4620 2055 4686 hunc
2097 4631 2161 4686 et
2216 4620 2565 4709 quemlibet
2618 4621 2820 4686 alium
2865 4640 3203 4686 excessum
3246 4621 3328 4686 de
3370 4621 3573 4687 bursa
3609 4644 3705 4687 sua

888 4721 1197 4810 expulsus
1240 4722 1453 4806 fuerit,
1507 4720 1610 4786 vel
1661 4722 1732 4785 in
1785 4719 2145 4806 prostibulo
2183 4719 2289 4785 vel
2333 4730 2522 4787 extra
2576 4720 2837 4807 publice
2888 4742 2958 4785 se
3012 4722 3425 4807 percusserit,
3458 4721 3584 4799 ,vel
3634 4721 3710 4787 ibi

892 4822 1269 4887 vulneratus
1312 4844 1394 4886 ex
1439 4820 1634 4907 culpa
1677 4843 1796 4885 sua
1834 4819 2029 4884 fuerit
2070 4831 2297 4907 captus
2341 4819 2444 4885 vel
2505 4820 2964 4908 deprehensuS,
3017 4819 3122 4884 vel
3178 4821 3289 4906 qui
3348 4820 3435 4885 ad
3477 4819 3707 4886 taxilles

887 4923 955 4986 in
1000 4921 1287 4986 tabernis
1332 4918 1587 5007 publice
1644 4920 1897 5002 luserit,
1951 4919 2054 4985 vel
2101 4919 2526 4985 hastiludium
2579 4921 2649 4984 in
2690 4920 2832 4984 foro
2876 4918 3137 5005 publice
3181 4920 3577 5003 exercuerit,
3624 4919 3708 4984 vel

808 5032 876 5087 40
896 5022 1007 5108 qui
1049 5019 1267 5084 verbis
1308 5021 1637 5085 iniuriosis
1679 5019 1960 5107 aliquem
2010 5020 2471 5104 magistrorum
2514 5018 2770 5105 publice
2814 5017 3103 5102 laeserit,
3159 5017 3265 5083 vel
3322 5019 3535 5105 ipsum
3573 5020 3706 5083 iniu-

891 5121 1064 5184 riose
1125 5121 1547 5206 percusserit,
1609 5118 1711 5183 vel
1776 5121 2015 5184 furtum
2071 5117 2174 5182 vel
2233 5117 2394 5183 alios
2450 5141 2785 5199 excessus,
2852 5141 3010 5202 quos
3067 5120 3411 5183 comitatur
3469 5118 3706 5181 infamia

894 5218 1001 5284 vel
1056 5219 1450 5300 scandalum,
1506 5219 1902 5284 commiserit
1956 5218 2062 5282 vel
2111 5220 2620 5303 perpetraverit3
2674 5239 2947 5303 quorum
2998 5216 3214 5282 nullus
3266 5219 3510 5299 eciam,
3561 5218 3612 5283 si
3641 5216 3705 5283 de
