4038 6358
961 632 1085 698 382
1936 632 2039 684 Die
2075 629 2513 696 philosophi-eho
2545 630 2802 685 Facultit.

960 810 1197 877 debent
1235 809 1362 877 duo
1403 808 1485 876 de
1528 810 1794 880 consilio
1849 813 2179 881 facultatis
2239 812 2321 880 de
2374 811 2626 880 duabus
2683 811 3054 881 nationibus
3111 809 3439 899 deputari,
3489 814 3598 903 qui
3651 838 3770 884 una

960 933 1104 976 cum
1147 908 1395 976 decano
1438 908 1779 977 sollicitam
1822 913 2176 985 adhibeant
2213 913 2647 1000 diligenciam,
2693 921 2767 980 ut
2801 912 3113 980 lectiones
3138 920 3204 978 et
3228 913 3548 979 exercicia
3567 913 3761 983 debite

961 1010 1121 1076 fiant
1176 1031 1427 1075 necnon
1483 1008 1612 1074 alia
1666 1011 1992 1078 facultatis
2051 1020 2292 1079 statuta
2347 1023 2685 1080 serventur
2741 1036 2887 1081 cum
2950 1012 3181 1079 effectu
3194 1060 3213 1095 ,
3268 1008 3390 1077 sub
3448 1012 3768 1080 eorundem

959 1111 1354 1175 iuramentis.
1435 1109 1579 1174 Non
1631 1119 1848 1177 tamen
1889 1120 2143 1179 tenetur
2194 1112 2478 1179 decanus
2517 1114 3022 1203 uniuscuiusque
3074 1111 3489 1198 requisicioni
3538 1114 3768 1201 acquie-

874 1219 908 1275 5
961 1231 1174 1293 scere,
1234 1208 1360 1274 nisi
1400 1216 1554 1275 tuno
1600 1209 1754 1277 talis
1796 1233 1916 1300 per
1972 1220 2353 1280 executores
2400 1222 2513 1280 aut
2561 1222 2837 1301 quatuor
2897 1212 3188 1280 seniores
3226 1210 3551 1279 facultatis
3601 1211 3772 1279 fuerit

958 1307 1339 1398 approbata.

1879 1450 1936 1514 3.
1993 1464 2089 1513 nn
2136 1463 2470 1515 s'rA'ru'ms
2507 1463 2872 1514 nnennms.

1118 1580 1284 1647 Item
1297 1626 1318 1663 ,
1370 1600 1454 1645 ne
1508 1579 1652 1666 quis
1698 1578 1767 1644 in
1821 1587 2016 1647 antea
2075 1602 2193 1669 per
2250 1581 2700 1667 ignoranciam
2751 1588 3136 1648 statutorum
3187 1577 3406 1668 aliquo
3475 1576 3660 1645 modo
3712 1600 3772 1644 se

965 1679 1182 1745 valeat
1222 1700 1553 1763 excusare,
1598 1678 1882 1746 decanus
1923 1702 2045 1769 pro
2087 1690 2380 1768 tempore
2420 1681 2707 1748 existens
2748 1680 2851 1748 bis
2893 1681 2961 1745 in
3001 1678 3325 1746 decanatu
3368 1700 3508 1762 suo,
3551 1676 3773 1745 scilicet

885 1789 950 1844 10
968 1779 1036 1844 in
1093 1779 1413 1866 principio
1467 1789 1532 1844 et
1583 1780 1651 1844 in
1707 1779 1835 1845 fine
1883 1780 2057 1845 infra
2106 1802 2422 1864 mensem,
2497 1789 2740 1846 statuta
2792 1779 3119 1845 facultatis
3172 1778 3419 1844 arcium
3431 1828 3451 1862 ,
3511 1775 3771 1843 eiusdem

958 1877 1283 1944 facultatis
1308 1880 1649 1966 supposita
1665 1870 2022 1945 concernen
2030 1880 2150 1963 cia,
2176 1879 2296 1945 sub
2322 1901 2536 1967 poena
2559 1880 2757 1945 trium
2780 1879 3189 1961 florenorum,
3232 1876 3526 1943 facultati
3549 1877 3772 1942 arcium

954 1975 1486 2044 irremissibiliter
1543 1977 2118 2065 persolvendorum
2142 2026 2162 2062 ,
2232 1988 2482 2045 tenetur
2520 1978 2858 2068 publicare
2899 1989 2965 2045 et
3005 1977 3423 2044 excedentem
3465 1975 3572 2043 vel
3610 1998 3772 2042 exce

952 2077 1174 2143 dentes
1218 2086 1449 2144 contra
1485 2079 1635 2165 ipsa
1670 2086 1931 2162 statuta,
1974 2078 2056 2144 de
2093 2099 2221 2164 quo
2263 2075 2369 2144 vel
2411 2077 2495 2143 de
2537 2078 2769 2166 quibus
2813 2077 2940 2144 sibi
2982 2086 3254 2160 constat,
3301 2074 3423 2142 sub
3468 2097 3583 2142 suo
3613 2076 3764 2141 iura·

954 2185 1170 2243 mento
1217 2175 1481 2243 realiter
1524 2176 1874 2244 secundum
1914 2187 2208 2244 tenorem
2263 2186 2647 2244 statutorum
2701 2178 2961 2267 punire;
3019 2179 3089 2242 in
3145 2198 3271 2265 quo
3324 2176 3533 2242 eciam
3587 2173 3765 2242 facul·

879 2286 939 2342 15
954 2284 1057 2343 tas
1099 2277 1346 2343 arcium
1391 2274 1517 2344 sibi
1542 2277 1864 2344 ‘assistere
1901 2285 2158 2343 tenetur
2201 2299 2348 2367 cum
2391 2276 2644 2344 effectu.

1720 2510 1725 2515 ,
1824 2483 1882 2544 4.
1925 2494 2019 2543 nn
2064 2494 2447 2547 coucnusls
2488 2492 2918 2545 scammum.

1112 2627 1275 2692 Item
1313 2626 1559 2716 placet,
1619 2622 1790 2714 quod
1830 2623 2100 2713 quilibet
2138 2625 2527 2693 decanorum
2570 2623 2828 2713 singula
2869 2620 3173 2690 conclusa
3226 2629 3292 2686 et
3344 2630 3589 2689 statuta
3635 2643 3761 2689 con·

953 2725 1239 2792 scribere
1280 2725 1602 2793 tenebitur
1615 2774 1635 2810 ,
1685 2725 1993 2791 conclusa
2037 2724 2123 2792 ad
2180 2725 2417 2792 librum
2461 2728 2802 2814 papireum
2814 2773 2833 2808 ,
2887 2731 3131 2789 statuta
3173 2721 3259 2787 ad
3300 2719 3542 2788 librum
3582 2729 3753 2788 statu·

952 2834 1165 2892 torum
1208 2824 1565 2910 facultatis,
1608 2822 1729 2890 sub
1772 2846 1887 2892 suo
1924 2825 2305 2910 iuramento,
2327 2821 2521 2913 ,quod
2560 2826 2715 2892 fecit
2753 2821 3068 2893 facultati.

863 3031 933 3089 20
1860 3030 1916 3092 5.
1973 3040 2069 3090 DE
2112 3040 2314 3092 mono
2359 3039 2873 3092 concnunmml.

1114 3174 1276 3242 Item
1329 3176 1398 3242 in
1449 3172 2077 3263 congregacionibus
2128 3174 2458 3242 facultatis
2531 3174 2828 3244 concludi
2896 3172 3091 3242 debet
3163 3170 3516 3239 secundum
3573 3168 3759 3259 plura·

951 3273 1198 3343 litatem
1239 3298 1493 3360 vocum,
1535 3275 1825 3364 exceptis
1868 3273 2450 3363 praeiudicialibus
2494 3287 2559 3342 et
2596 3276 2934 3364 graciosis.

1096 3482 1154 3546 6.
1197 3491 1480 3554 Qnmno
1524 3490 1840 3543 nnomns
1883 3492 2211 3542 'rmruss
2252 3492 2708 3560 connum,
2750 3493 2843 3542 ET
2886 3492 2982 3543 nn
3025 3492 3360 3543 snmmo
3405 3492 3538 3543 suo
3576 3491 3658 3541 m·

1965 3591 2266 3642 Pncmm
2314 3592 2762 3643 nonnum-ts.

862 3735 930 3794 25
1112 3725 1274 3791 Item
1330 3721 1576 3812 placet,
1640 3721 1814 3811 quod
1864 3723 1934 3788 in
1992 3730 2187 3790 antea
2245 3723 2529 3790 decanus
2597 3735 2747 3814 post
2801 3723 2992 3790 finem
3054 3725 3155 3791 sui
3209 3724 3562 3790 decanatus
3611 3722 3755 3788 infra

940 3847 1228 3891 mensem
1270 3822 1391 3891 sub
1432 3844 1643 3914 poena
1682 3823 1873 3889 unius
1918 3845 2286 3911 sexagenae
2323 3845 2535 3890 novae
2577 3826 2935 3891 successori
2980 3847 3096 3891 suo
3134 3833 3198 3890 et
3237 3821 3753 3913 computatoribus

939 3924 1269 3992 facultatis
1289 3920 1413 4013 [4¹³]
1436 3923 1518 3988 de
1543 3924 1867 4011 perceptis
1892 3931 1957 3989 et
1980 3923 2299 4012 expositis
2344 3946 2486 3989 cum
2529 3925 2760 3991 effectu
2797 3924 2998 3990 faciat
3020 3925 3350 3989 rationem.
3388 3923 3482 3989 Et
3522 3920 3754 4012 quilibet

946 4024 1229 4092 decanus
1288 4022 1370 4089 de
1431 4021 1641 4090 officio
1685 4045 1798 4089 suo
1840 4045 1962 4113 pro
2002 4021 2336 4090 laboribus
2372 4025 2442 4090 in
2483 4042 2707 4091 XXXVI
2752 4023 3013 4090 florenis
3066 4022 3436 4089 rinensibus
3454 4071 3474 4107 ,
3537 4043 3687 4111 quos
3719 4042 3748 4085 a

942 4123 1403 4216 promovendis
1455 4123 1643 4189 iuxta
1689 4131 2015 4188 monetam
2094 4132 2459 4190 currentem
2516 4125 2839 4213 percipiat
2850 4173 2870 4207 ,
2934 4124 3022 4189 sit
3068 4132 3423 4190 contentus.
3507 4121 3576 4188 si
3629 4142 3750 4186 vero

861 4233 931 4292 ³0
946 4234 1172 4313 pastus
1212 4220 1799 4311 promovendorum
1842 4221 1930 4289 ad
1973 4231 2222 4290 tantam
2268 4246 2587 4290 summam
2631 4247 2758 4290 non
2798 4222 3163 4290 extenderit
3186 4246 3276 4308 se,
3316 4220 3596 4288 facultas
3633 4242 3749 4309 sup·

942 4325 1120 4414 pleat
1155 4344 1495 4389 numerum
1537 4330 2029 4408 praetaxatum3
2071 4324 2128 4389 si
2180 4334 2395 4390 autem
2436 4323 2682 4413 aliquid
2723 4325 3063 4412 supererit,
3110 4322 3298 4389 cedat
3320 4320 3630 4388 facultati.
3685 4320 3749 4386 Et

941 4424 1222 4514 pecunia
1239 4421 1569 4489 facultatis
1593 4443 2002 4510 nequaquam
2030 4420 2445 4510 dilapidetur,
2491 4424 2606 4490 sed
2628 4447 2747 4512 pro
2788 4423 2978 4490 libris
3014 4421 3301 4489 emendis
3334 4421 3442 4489 vel
3488 4420 3746 4488 censibus

942 4522 1402 4613 comparandis
1454 4531 1519 4588 et
1561 4544 1683 4610 pro
1738 4522 2245 4590 conservacione
2301 4522 2771 4613 disputacionis
2809 4523 3179 4591 ordinariae
3216 4520 3496 4590 fideliter
3538 4543 3744 4590 conser-

943 4633 1151 4692 vetur.

854 4766 923 4824 35
1170 4827 1181 4838 ,
1692 4760 1749 4822 7.
1805 4773 1996 4835 Quom·
2040 4772 2322 4822 DEBENT
2363 4772 2528 4824 ESSE
2569 4775 2645 4825 m
2686 4773 3036 4825 com’U'm.

1103 4909 1267 4976 Item
1312 4907 1549 4996 placet,
1594 4904 1765 4993 quod
1806 4911 2058 4972 tantum
2100 4927 2220 4973 sex
2260 4929 2578 4996 personae
2617 4908 2747 4972 sint
2785 4907 2857 4972 in
2889 4914 3188 4993 computo
3218 4904 3573 4989 facultatis,
3613 4901 3738 4970 scili·

941 5017 1042 5075 cet
1088 5030 1296 5074 novus
1337 5007 1623 5073 decanus
1666 5013 1732 5070 et
1769 5005 2076 5094 antiquus
2117 5015 2184 5071 et
2222 5005 2305 5072 de
2346 5005 2634 5094 qualibet
2669 5007 2932 5073 natione
2970 5028 3137 5071 unus
3151 5054 3172 5090 ,
3213 5005 3312 5070 sic
3349 5014 3569 5070 tamen
3608 4998 3738 5093 quod

944 5130 1198 5198 semper
1252 5107 1458 5174 assint
1511 5105 1715 5194 aliqui
1769 5104 1851 5172 de
1920 5104 2285 5172 senioribus
2346 5114 2411 5173 et
2463 5106 2752 5196 experti,
2817 5105 2929 5192 qui
2985 5102 3305 5171 calculum
3354 5112 3421 5170 et
3469 5103 3737 5170 rationem

937 5207 1264 5276 facultatis
1300 5215 1638 5291 noverunt,
1677 5228 1762 5271 ne
1802 5227 1920 5292 per
1961 5205 2515 5294 inexperienciam
2555 5214 3075 5294 computatorum
3116 5225 3368 5273 errores
3408 5203 3738 5293 contingant

852 5317 922 5376 4⁰
938 5317 1003 5377 et
1038 5307 1317 5376 facultas
1355 5305 1867 5396 dampnificetur.
