4038 6358
780 558 901 626 2⁰4
1925 560 2034 610 Das
2069 571 2255 623 grosse
2289 556 2501 622 Colleg.
2539 532 2551 536 ’

784 752 1039 808 sentare
1078 749 1143 805 et
1184 739 1445 805 tradere
1482 748 1758 806 tenetur.
1839 739 2021 806 Idem
2077 750 2176 805 est
2230 739 2311 805 de
2365 749 2618 805 centum
2671 739 2935 805 florenis
2979 737 3151 804 datis
3197 739 3471 828 collegio
3512 764 3645 829 per

777 840 1301 907 testamentarios
1362 838 1646 905 doctoris
1704 837 1958 905 Gorlitz
2023 863 2142 928 pro
2199 840 2646 905 anniversario
2707 837 3097 904 celebrando
3162 840 3340 906 circa
3399 841 3642 906 festum

777 940 1120 1006 Bonifacii.

912 1108 1044 1175 61.ι
1092 1103 1215 1195 [Bl.
1262 1104 1402 1194 15⁸]
1449 1123 1542 1171 DE
1588 1121 1945 1172 ELIGENDO
1989 1125 2082 1173 m*
2127 1125 2679 1175 Pmsnn'rmno
2722 1122 3045 1174 an'rolm
3091 1123 3496 1175 mnemon.

1795 1226 1936 1276 Vom
1977 1226 2060 1278 26.
2098 1226 2408 1290 September
2448 1226 2593 1280 1496.

693 1354 725 1408 5
939 1342 1018 1407 In
1067 1342 1326 1409 nomine
1381 1339 1627 1404 domini
1681 1340 1913 1405 Amen.
1992 1339 2184 1406 Anno
2246 1363 2287 1405 a
2341 1341 2684 1405 nativitate
2736 1329 3031 1407 eiusdem
3083 1340 3428 1407 millesimo
3485 1362 3644 1426 qua·

781 1441 1288 1528 dringentesimo
1327 1440 1746 1526 nonagesimo
1791 1451 1996 1523 sexto,
2051 1439 2405 1506 indictione
2463 1439 2970 1526 quartadecima,
3028 1441 3448 1527 pontificatus
3496 1461 3645 1504 san-

782 1542 1052 1608 ctissimi
1098 1542 1167 1605 in
1213 1540 1474 1607 Christo
1518 1541 1727 1626 patris
1771 1539 2123 1608 et-domini
2155 1541 2394 1621 nostri,
2451 1538 2696 1605 domini
2737 1538 3102 1605 Alexandri
3144 1539 3373 1605 divina
3418 1540 3644 1626 provi-

783 1641 1003 1707 dentia
1059 1662 1273 1728 papae
1323 1640 1514 1722 sexti,
1569 1662 1739 1705 anno
1782 1640 1920 1704 eius
1960 1647 2210 1724 quarte,
2264 1637 2371 1704 die
2413 1661 2570 1704 vero
2611 1640 2806 1705 lunae
2844 1641 3355 1725 vigesimasexta
3397 1639 3646 1703 mensis

787 1739 1221 1828 Septembris,
1279 1738 1443 1804 hora
1495 1759 1920 1826 vesperarum
1980 1737 2086 1803 vel
2144 1740 2330 1826 quasi
2342 1788 2361 1821 ,
2424 1739 2491 1803 in
2521 1738 2803 1804 'ambitu
2859 1738 3266 1805 kathedralis
3324 1736 3645 1803 ecclesiae

710 1849 773 1906 10
788 1840 1172 1905 Misenensis
1209 1839 1485 1923 meique,
1540 1839 1780 1903 notarii
1823 1836 2089 1924 publici,
2136 1847 2199 1902 et
2238 1839 2497 1903 testium
2541 1837 3082 1925 subscriptorum,
3140 1838 3227 1904 ad
3279 1837 3408 1902 hoc
3450 1859 3644 1902 voca-

784 1950 999 2007 torum
1053 1949 1116 2005 et
1172 1935 1545 2026 specialiter
1587 1945 1985 2023 rogatorum,
2043 1937 2417 2025 praesentia
2472 1939 2859 2004 constitutus
2904 1937 3332 2026 personaliter
3372 1956 3644 2001 venera-

785 2038 956 2122 bilis,
1016 2040 1316 2124 egregius
1365 2046 1430 2102 et
1474 2037 1751 2101 eximius
1796 2038 1916 2111 vir,
1972 2034 2271 2102 dominus
2330 2034 2555 2102 doctor
2598 2035 2917 2102 Iohannes
2960 2035 3404 2124 Konigsberg,
3457 2057 3644 2123 prae·

782 2138 998 2203 dictae
1050 2136 1432 2201 Missnensis
1476 2133 1787 2200 ecclesiae
1842 2137 2189 2201 canonicus
2202 2184 2220 2219 ,
2287 2143 2513 2201 cantor
2572 2145 2636 2200 et
2692 2138 2908 2202 senior
2966 2145 3104 2219 etc.,
3168 2135 3374 2201 lectus
3431 2157 3644 2217 verus,

781 2236 1136 2323 legittimus
1192 2243 1258 2300 et
1312 2233 1712 2300 indubitatus
1768 2236 2290 2300 testamentarius
2342 2243 2407 2300 et
2458 2235 2728 2301 ultimae
2770 2235 3122 2301 voluntatis
3182 2234 3646 2322 disposicionis

706 2344 767 2400 15
787 2344 1094 2401 executor
1138 2333 1463 2422 quondam
1508 2335 1757 2420 egregii
1809 2343 1873 2398 et
1914 2336 2460 2420 praestantissimi
2503 2336 2649 2418 viri,
2709 2334 2957 2399 domini
2999 2335 3295 2420 magistri
3338 2333 3645 2400 Andreae

785 2433 1108 2517 Griiners,
1170 2432 1250 2499 de
1295 2435 1476 2498 cuius
1540 2432 2028 2498 testamentaria
2093 2433 2558 2500 constitucione
2614 2433 2792 2516 mihi,
2856 2435 3111 2499 notario
3169 2432 3436 2521 publico
3500 2433 3644 2499 sub·

788 2535 1052 2620 scripto,
1109 2533 1510 2601 documentis
1552 2533 1860 2598 exhibitis
1912 2533 2127 2598 animo
2187 2542 2252 2598 et
2305 2535 2657 2599 intentione
2715 2531 3079 2621 exequendi
3107 2555 3112 2562 ·
3136 2542 3200 2598 et
3254 2530 3641 2619 perficiendi

784 2633 1066 2721 praefati
1123 2631 1366 2699 domini
1428 2633 1725 2718 magistri
1784 2630 2087 2696 Andreae
2145 2634 2590 2698 constituentis
2645 2634 3067 2699 novissimam
3121 2630 3524 2696 voluntatem
3581 2642 3643 2696 et

787 2741 1239 2797 testamentum
1280 2730 1707 2819 praedictum,
1751 2730 1879 2795 sibi
1923 2732 2017 2795 ita
2061 2733 2499 2815 commissum,
2545 2732 2842 2799 omnibus
2888 2730 3265 2796 melioribus
3307 2732 3445 2814 via,
3487 2732 3639 2814 iure,

704 2840 772 2896 20
789 2832 999 2897 forma
1043 2841 1107 2895 et
1157 2853 1374 2912 causa,
1434 2829 1671 2918 quibus
1719 2829 1788 2895 id
1844 2829 2076 2895 melius
2133 2841 2197 2896 et
2255 2829 2582 2897 efficacius
2640 2834 2851 2918 potuit
2903 2840 2968 2895 et
3022 2828 3246 2895 debuit
3298 2852 3378 2895 ac
3436 2839 3646 2917 potest

789 2940 852 2995 et
893 2928 1105 3011 debet,
1160 2929 1244 2994 ad
1298 2928 1404 2995 dei
1458 2930 1915 3017 omnipotentis
1973 2927 2232 2994 laudem
2285 2931 2751 3018 memoratique
2807 2929 3094 2995 defuncti
3150 2928 3397 2994 domini
3460 2930 3643 3015 mgri.

791 3030 1120 3096 testatoris
1176 3030 1431 3094 animae
1484 3028 1755 3094 salutem
1805 3037 2000 3113 'atque
2058 3029 2393 3115 praefatae
2448 3028 2659 3095 almae
2711 3030 3158 3094 universitatis
3209 3028 3643 3116 Lipckzensis

790 3152 867 3196 ac
929 3130 1265 3217 potissime
1326 3151 1554 3195 sacrae
1622 3126 1949 3194 facultatis
2010 3126 2417 3215 theologicae
2480 3129 2679 3195 decus
2740 3136 3250 3217 perpetuumque
3311 3127 3641 3211 honorem,

791 3228 1062 3295 celibem
1105 3251 1358 3318 quoque
1398 3229 1772 3294 memoriam
1817 3238 2062 3299 certam
2106 3251 2422 3293 summam
2465 3228 2858 3295 florenorum
2898 3224 3419 3314 hungaricalium
3466 3249 3642 3292 aure-

706 3338 771 3395 25
792 3352 1003 3410 orum,
1066 3350 1238 3393 nunc
1290 3327 1377 3392 ad
1431 3348 1771 3393 numerum
1814 3337 1878 3391 et
1927 3328 2221 3393 valorem
2280 3330 2779 3415 quingentorum
2836 3327 3229 3393 florenorum
3279 3329 3645 3393 renensium

791 3450 862 3493 se
903 3427 1376 3511 extendentem,
1435 3448 1555 3514 pro
1614 3426 1883 3514 capitali
1949 3448 2205 3493 summa
2262 3435 2326 3491 et
2382 3429 2868 3514 comparatione
2927 3449 3286 3492 annuorum
3345 3449 3649 3493 censuum

794 3528 1026 3613 viginti
1070 3527 1352 3615 quinque
1392 3526 1783 3591 florenorum
1825 3527 2193 3591 renensium
2234 3526 2302 3588 in
2348 3547 2505 3590 auro
2537 3524 2621 3591 ad
2665 3526 2981 3614 capellam
3019 3525 3344 3613 praedicti
3384 3527 3648 3591 maioris

793 3625 1080 3711 collegii,
1136 3625 1483 3691 accedente
1530 3624 1614 3690 ad
1656 3623 1779 3690 hoc
1834 3627 2116 3690 omnium
2172 3624 2579 3690 dominorum
2636 3627 3097 3713 magistrorum
3157 3635 3225 3691 et
3281 3624 3648 3710 collegiato·

792 3726 936 3792 ru‘m
980 3724 1141 3789 mihi
1184 3723 1474 3789 exhibito
1513 3723 1781 3790 litterali
1821 3746 2158 3806 consensu,
2203 3723 2323 3790 sub
2364 3722 2808 3790 moderamine
2852 3734 2918 3789 et
2957 3724 3102 3811 lege
3140 3726 3312 3791 infra
3357 3723 3648 3789 deductis

708 3826 1063 3913 301egavit,
1138 3822 1405 3889 donavit
1467 3834 1531 3888 et
1593 3823 1946 3906 ordinavit,
2019 3832 2215 3909 prout
2280 3822 2361 3888 de
2424 3833 2637 3889 mente
2699 3826 2993 3911 priorum
3057 3824 3649 3910 praedecessorum,

792 3924 1200 3991 dominorum
1243 3922 1599 4004 doctorum,
1662 3924 2120 4008 magistrorum
2162 3931 2226 3986 et
2281 3926 2556 4010 patrum,
2613 3920 2856 3988 dudum
2913 3924 3118 3989 eciam
3174 3932 3651 4010 praeconcepta

793 4024 1073 4110 desuper
1113 4020 1291 4109 apud
1333 4021 1560 4086 fiscum
1600 4020 1756 4085 dicti
1800 4019 2058 4106 collegii
2099 4030 2247 4086 sunt
2288 4021 2540 4087 litterae
2596 4030 2895 4108 patentes
2956 4020 3291 4108 depositae
3341 4019 3540 4087 latius
3583 4019 3651 4085 id

798 4123 1234 4211 exprimentes
1301 4119 1650 4202 confectae,
1714 4118 2018 4185 videlicet
2075 4120 2249 4209 quod
2307 4119 2650 4206 collegium
2703 4122 2913 4185 maius
2971 4143 3091 4208 pro
3148 4144 3320 4186 nunc
3381 4118 3648 4185 electum

794 4230 1215 4309 praesentare
1271 4227 1566 4283 teneatur
1627 4220 1906 4305 egregiis
1964 4220 2128 4284 viris
2185 4219 2550 4305 theologiae
2613 4217 2987 4285 doctoribus
3045 4220 3326 4305 praefati
3392 4217 3648 4303 collegii

709 4331 775 4387 35
795 4320 1165 4403 dumtaxat,
1222 4339 1419 4383 unum
1463 4318 1812 4398 doctorem,
1870 4316 2279 4383 licenciatum
2334 4318 2437 4383 vel
2493 4318 2877 4403 magistrum
2941 4317 3177 4383 abilem
3235 4317 3317 4382 de
3379 4316 3648 4403 collegio

794 4421 1026 4484 maiori
1073 4406 1487 4503 collegiatum
1528 4425 1795 4497 tantum,
1840 4418 1946 4504 qui
1993 4419 2181 4481 iuxta
2222 4418 2666 4504 praefatorum
2711 4416 3203 4503 dispositionem
3248 4426 3310 4481 et
3353 4417 3644 4481 commis-

798 4521 1043 4584 sionem
1087 4515 1373 4604 quotidie
1415 4514 1501 4580 ad
1544 4537 1735 4579 unam
1781 4515 2007 4580 horam
2049 4516 2308 4603 publice
2350 4517 2421 4581 in
2459 4504 2726 4582 lectorio
2750 4515 3197 4602 theologorum
3229 4525 3292 4580 et
3329 4538 3460 4580 non
3499 4513 3654 4579 alibi

793 4619 998 4704 gratis
1050 4617 1118 4680 in
1170 4614 1501 4700 theologia
1552 4613 1937 4680 resumendo
1982 4624 2046 4679 et
2100 4615 2185 4680 ad
2243 4637 2437 4681 unam
2493 4618 2759 4681 missam
2816 4614 3113 4680 adminus
3168 4616 3236 4679 in
3292 4614 3654 4701 septimana

789 4714 1134 4803 legendam
1174 4717 1242 4780 in
1288 4713 1627 4801 praedicta
1669 4715 1752 4778 sit
1791 4713 2112 4779 astrictus.
2194 4714 2304 4780 Ad
2361 4738 2556 4806 quam
2609 4716 2876 4780 missam
2933 4723 2998 4780 et
3057 4713 3143 4778 ad
3203 4711 3367 4778 alias
3428 4713 3652 4794 eciam,

711 4826 778 4880 40
798 4817 853 4880 si
903 4813 1149 4881 ibidem
1191 4823 1255 4879 et
1311 4811 1425 4878 alii
1467 4812 1684 4899 legere
1740 4811 1971 4896 velint,
2012 4813 2296 4898 lumina,
2352 4838 2588 4903 panem
2631 4822 2695 4879 et
2743 4815 2966 4879 vinum
3008 4813 3090 4879 de
3132 4812 3407 4879 ecclesia
3451 4812 3655 4877 sancti

794 4912 1050 4979 Nicolai
1093 4911 1198 4978 vel
1249 4910 1408 4977 alibi
1458 4921 1581 4978 aut*
1632 4911 1713 4977 de
1756 4914 2026 4998 proprio
2073 4915 2285 5000 pretio
2328 4914 2503 4979 idem
2548 4936 2886 4980 resumens
2940 4910 3290 5000 providere
3339 4920 3655 4993 teneatur,

799 5010 1150 5077 secundum
1193 5013 1399 5104 eciam
1440 5011 1713 5078 aliorum
1756 5010 2164 5077 dominorum
2206 5022 2467 5099 patrum
2508 5012 3085 5100 praedecessorum
3126 5019 3426 5091 mentem,
3471 5010 3649 5097 prius

958 5232 978 5283 l
1038 5227 1251 5282 Fortan
1284 5225 1426 5281 fehlt
1459 5225 1533 5280 im
1572 5225 1827 5299 OrigInal
1864 5224 1955 5281 die
1987 5223 2425 5293 durchlaufende
2460 5226 2730 5298 zahlung.
