4038 6358
1347 584 1618 637 Eutwnrfe
1655 598 1778 636 vom
1796 583 1980 637 Jahn-e
2021 584 2164 639 1444.
3079 589 3201 654 365

306 764 738 833 iudicaverit
794 766 954 833 satis
1022 776 1264 853 aptum.
1345 764 1434 831 Et
1484 766 1542 831 si
1592 765 1737 854 quis
1796 767 2253 853 magistrorum
2323 764 2708 852 eligencium
2722 816 2741 851 ,
2799 764 2885 832 ab
2937 767 3204 855 antiquo

309 865 602 932 decano
648 865 770 932 sub
813 889 932 933 sua
971 865 1376 932 consciencia
1418 874 1574 930 tunc
1610 866 1990 953 requisitus,
2033 865 2375 949 fatebitur,
2421 887 2490 930 se
2531 874 2751 932 votum
2796 888 2982 931 suum
3020 867 3203 953 prius

322 966 667 1055 cuiquam
706 966 1106 1053 promisisse,
1148 974 1300 1030 voto
1343 986 1459 1030 suo
1505 974 1727 1030 careat
1767 964 1881 1030 illa
1921 965 2082 1031 vice.
2152 964 2366 1052 Super
2408 985 2535 1051 quo
2580 965 2787 1031 eciam
2826 964 3001 1032 idem
3044 968 3206 1033 anti-

315 1086 515 1153 quus
581 1065 865 1132 decanus
919 1074 1069 1131 ante
1132 1063 1507 1130 electionem
1567 1085 1788 1131 omnes
1828 1065 2181 1153 magistros
2233 1065 2639 1153 interrogare
2692 1063 3016 1133 tenebitur
3073 1068 3204 1133 sin-

364 1164 382 1179 “
499 1167 646 1232 tim.
3253 1174 3288 1233 5

309 1163 503 1251 gma
1373 1251 1432 1313 2.
1474 1263 1571 1312 m:
1615 1265 1950 1315 summo
1990 1265 2265 1315 onem.

513 1380 713 1464 Item,
784 1390 856 1446 ut
917 1381 1246 1467 appetitus
1305 1379 1473 1447 lucri
1544 1381 1923 1469 temporalis
1939 1431 1959 1466 ,
2038 1382 2152 1469 qui
2209 1403 2406 1469 saepe
2484 1381 2781 1448 iusticias
2844 1382 2986 1446 vias
3049 1382 3208 1447 facit

326 1476 694 1545 declinare
710 1527 730 1562 ,
769 1480 837 1544 in
881 1479 1095 1545 officio
1135 1478 1491 1546 decanatus
1535 1479 1903 1568 aliqualiter
1941 1480 2309 1547 moderetur
2322 1528 2342 1565 ,
2384 1479 2635 1568 placet,
2676 1490 2750 1547 ut
2793 1479 3077 1546 decanus
3118 1481 3210 1545 in-

322 1587 548 1643 antea
591 1576 674 1644 de
722 1577 933 1645 officio
979 1600 1095 1645 suo
1138 1600 1259 1667 pro
1304 1578 1638 1646 laboribus
1680 1581 1750 1646 in
1793 1585 1874 1649 36
1915 1580 1979 1646 fl.
2038 1578 2389 1662 summula,
2435 1602 2629 1668 quam
2673 1603 2714 1647 a
2752 1580 3211 1669 promovendis

323 1678 542 1744 iuxta
585 1688 915 1757 monetam
972 1688 1338 1745 currentem
1394 1680 1717 1768 percipiat
1735 1728 1755 1763 ,
1825 1680 1909 1744 sit
1962 1688 2316 1745 contentus.
2401 1677 2533 1744 Sed
2579 1680 2636 1745 si
2679 1689 2908 1767 pastus
2953 1687 3295 1767 promo-10

326 1777 717 1843 vendorum
760 1776 846 1842 ad
886 1787 1136 1844 tantam
1164 1802 1479 1845 summam
1519 1802 1590 1846 se
1632 1801 1763 1845 non
1802 1777 2185 1863 extenderit,
2227 1777 2528 1866 suppleat
2565 1778 2840 1845 facultas
2875 1802 3212 1845 numerum

328 1886 819 1964 praetaxatum
837 1886 877 1961 ς’
916 1879 973 1944 si
1033 1877 1186 1966 quid
1238 1889 1448 1944 autem
1514 1880 1835 1965 supererit
1856 1927 1873 1960 ,
1944 1877 2134 1945 cedat
2181 1876 2494 1948 facultati.
2577 1877 2667 1944 Et
2717 1878 2841 1945 hoc
2896 1888 3211 1961 teneatur,

332 1999 693 2067 quousque
712 1975 991 2069 facultas
1012 1978 1200 2047 iuxta
1232 1988 1597 2067 temporum
1627 1977 2123 2066 dispositionem
2151 1977 2341 2044 aliter
2374 1975 2736 2044 decreverit
2762 1977 3210 2045 ordinandum.

947 2150 1007 2213 3·
1059 2162 1154 2212 DE
1195 2161 1395 2212 MODO
1437 2161 1775 2213 ELIGENDI
1814 2161 2150 2212 Dacamm
2190 2163 2305 2212 VIA
2348 2162 2714 2214 SORUTIMI.

528 2278 728 2361 Item,
774 2278 927 2365 quia
968 2279 1036 2344 in
1080 2277 1392 2345 electione
1439 2277 1704 2366 publica
1745 2278 1975 2345 decani
2013 2301 2320 2349 rancores
2361 2288 2427 2344 et
2468 2278 2620 2345 odia
2659 2279 2828 2344 inter
2866 2279 3212 2365 magistros
3234 2288 3296 2345 15

348 2377 496 2442 visi
540 2387 691 2443 sunt
732 2376 1080 2466 aliquando
1126 2379 1428 2463 suboriri,
1470 2389 1543 2445 ut
1580 2377 1952 2445 huiusmodi
1985 2378 2466 2444 controversiae
2509 2378 2921 2444 seminarium
2966 2378 3216 2443 aufera-

346 2486 506 2559 tur,
576 2475 791 2563 placet
807 2526 826 2561 ,
889 2487 962 2545 ut
1028 2478 1110 2544 de
1174 2487 1388 2545 cetero
1453 2477 1737 2544 decanus
1799 2501 1918 2566 per
1962 2477 2343 2566 scrutinium
2385 2476 2661 2565 eligatur
2700 2487 2763 2543 et
2806 2479 3217 2564 assignentur

359 2577 642 2664 antiquo
687 2574 932 2643 decano
975 2587 1369 2651 scrutatores
1414 2576 1541 2644 duo
1587 2577 1942 2644 secundum
1984 2588 2259 2661 sortem,
2325 2578 2393 2642 in
2437 2599 2566 2665 qua
2609 2587 2782 2644 sorte
2825 2577 2954 2642 sint
2997 2598 3217 2642 omnes

352 2677 671 2762 magistri
728 2684 881 2742 tunc
938 2692 1314 2764 praesentes
1329 2726 1348 2760 ,
1409 2676 1691 2764 demptis
1745 2679 2079 2764 magistris
2134 2676 2215 2742 de
2269 2677 2568 2760 nacione,
2626 2698 2818 2764 quam
2870 2677 3078 2762 tangit
3130 2696 3212 2740 ex

356 2775 600 2842 ordine
624 2774 1007 2860 decanatus3
1053 2785 1117 2842 et
1154 2775 1475 2866 praedicti
1515 2783 1909 2843 scrutatores
1951 2775 2040 2843 ad
2083 2774 2423 2842 celandum
2464 2783 2621 2841 vota
2648 2776 3105 2861 magistrorum
3149 2783 3213 2839 et
3231 2782 3298 2840 20

356 2878 608 2958 eciam,
652 2885 810 2961 quot
847 2875 958 2940 ille
992 2876 1097 2941 vel
1139 2875 1248 2943 ille
1291 2885 1446 2943 vota
1471 2874 1791 2961 habuerit,
1833 2875 1953 2942 sub
2004 2899 2122 2943 suo
2163 2876 2520 2941 iuramento
2566 2876 2693 2940 sint
2751 2875 3019 2941 astricti.
3084 2871 3215 2940 Sed

358 2985 429 3041 et
488 2973 698 3041 solum
746 2974 917 3041 hunc
966 2976 1331 3061 nominent,
1390 2978 1500 3065 qui
1560 2976 1751 3064 plura
1804 2974 2037 3042 habuit
2090 2986 2247 3044 vota
2301 2976 2777 3061 magistrorum.
2864 2974 3216 3042 Convictus

359 3085 587 3142 autem
625 3074 705 3140 de
747 3077 1047 3163 opposito
1090 3076 1262 3143 ultra
1306 3086 1556 3143 reatum
1598 3076 1889 3163 periurii,
1931 3075 2102 3166 quod
2128 3076 2404 3142 incurrit
2439 3076 2586 3162 ipso
2628 3074 2820 3161 facto,
2863 3098 2905 3142 a
2947 3070 3213 3142 consilio

360 3173 699 3243 facultatis
740 3198 859 3264 per
897 3174 1229 3244 biennium
1272 3178 1357 3244 sit
1400 3199 1768 3265 suspensus.

1387 3334 1458 3394 4..
1488 3346 1581 3393 ΒΕ
1624 3342 2198 3394 ΒιεΡΕΝεΑΤιοΕΕ.
3232 3334 3300 3392 25

537 3461 698 3528 Item
752 3461 838 3527 ad
899 3462 1255 3529 sedandum
1311 3460 1763 3529 oblocuciones
1812 3469 1879 3527 et
1927 3459 2506 3546 interpretaciones
2577 3458 2893 3547 quasdam
2957 3458 3218 3525 odiosas

369 3562 588 3627 omnis
629 3562 941 3628 autoritas
985 3559 1409 3650 dispensandi
1452 3583 1571 3648 pro
1615 3558 2068 3627 examinandis
2113 3568 2447 3624 remaneat
2485 3558 2662 3645 apud
2703 3557 3092 3625 facultatem.

937 3737 994 3797 5.
1036 3747 1131 3795 ΒΕ
1171 3745 1558 3795 sunr'rmus
1605 3746 1790 3794 ANTE
1831 3744 2118 3793 EXAMEN
2160 3744 2252 3792 ΕΤ
2292 3743 2735 3792 rammam.

524 3861 737 3945 Item,
798 3872 869 3926 ut
930 3861 1210 3927 facilitas
1267 3861 1591 3927 inutilium
1646 3858 1906 3926 tollatur
1956 3881 2424 3948 expensarum,
2482 3855 2728 3946 placet,
2778 3870 2852 3925 ut
2902 3860 3048 3947 ipso
3091 3859 3215 3946 die,

374 3982 502 4048 quo
567 3961 856 4047 aperitur
917 3983 1190 4027 examen
1251 3960 1354 4027 vel
1416 3968 1811 4048 temptamen
1826 4009 1845 4044 ,
1908 3982 2028 4047 per
2088 3957 2556 4024 examinandos
2621 3959 2759 4025 sive
2810 3961 3219 4048 temptandos
3235 3971 3303 4028 30

377 4068 647 4147 propter
699 4061 1159 4127 invitacionem
1219 4063 1679 4148 magistrorum
1718 4062 1855 4134 sive
1910 4060 2396 4150 suppositorum
2441 4069 2591 4124 ante
2635 4059 2968 4126 introitum
3009 4059 3225 4126 nullae

372 4159 535 4225 fiant
577 4181 919 4247 expensae.
1001 4161 1131 4227 Pro
1177 4160 1496 4228 conductu
1533 4168 1806 4248 possunt
1846 4168 2064 4225 tamen
2105 4158 2540 4242 examinandi,
2589 4159 2645 4225 si
2682 4158 3031 4246 placuerit,
3077 4183 3222 4226 con-

371 4259 627 4325 ventori
668 4281 813 4324 cum
838 4258 1217 4342 ,bursalibus
1254 4259 1760 4327 conducentibus
1786 4258 2059 4347 quilibet
2089 4282 2357 4346 scopam
2380 4259 2716 4343 cervisiae,
2753 4282 2884 4327 non
2926 4259 3222 4351 amplius,

372 4359 745 4446 propinare,
787 4359 905 4425 sub
928 4383 1140 4448 poena
1159 4362 1348 4426 unius
1380 4358 1628 4444 floreni,
1673 4382 1866 4448 quam
1888 4381 2166 4446 poenam
2209 4358 2492 4426 decanus
2534 4381 2577 4425 a
2611 4359 3220 4428 contrafacientibus

375 4459 638 4546 exigere
682 4459 921 4546 poterit
963 4482 1110 4525 cum
1152 4460 1403 4526 effectu.

554 4615 613 4678 6.
654 4626 750 4676 nr.
793 4626 1113 4677 rnornns
1153 4629 1247 4677 ΕΤ
1290 4625 2032 4678 snomssmmussstm
2076 4627 2387 4677 anunm
2430 4629 2521 4676 ΕΤ
2564 4627 3035 4678 Taurunum.

536 4760 703 4825 Item
717 4808 736 4842 ‚
801 4761 955 4849 quia
997 4783 1225 4849 preces
1265 4763 1582 4828 instantes
1624 4769 1690 4830 et
1729 4760 2143 4848 importtmae
2182 4783 2638 4851 nonnunquam
2681 4763 2888 4828 eciam
2928 4761 3219 4828 iusticiae

378 4859 691 4926 zelatores
749 4882 791 4924 a
841 4862 1095 4926 tramite
1156 4860 1561 4928 rectitudinis
1624 4869 1867 4946 cogunt
1907 4858 2381 4946 quodammodo
2425 4860 2782 4944 declinare,
2846 4862 3090 4949 placet,
3153 4874 3224 4928 ut

376 4959 584 5025 nullus
608 4960 1193 5045 promovendorum
1218 4960 1500 5048 aliquam
1540 4961 1738 5025 faciat
1779 4961 2128 5047 propinam
2172 4961 2308 5025 sive
2349 4962 2840 5048 promissionem
2888 4963 3215 5027 examina-

376 5058 625 5125 toribus
669 5056 788 5124 sub
842 5061 1137 5124 examine
1195 5061 1297 5126 vel
1348 5060 1766 5147 temptamine
1781 5109 1800 5142 ,
1856 5081 1979 5124 nec
2023 5061 2230 5124 eciam
2273 5058 2553 5148 aliquem
2594 5061 3050 5147 magistrorum
3108 5070 3301 5127 aut40

379 5158 712 5224 doctorum
772 5156 878 5223 vel
930 5157 1125 5226 alium
1170 5182 1615 5249 quemcunque
1668 5158 1969 5225 sollicitet
2005 5160 2233 5246 gracia
2272 5157 2444 5225 illius
2456 5207 2476 5242 ,
2539 5170 2609 5225 ut
2647 5161 2860 5247 ipsum
2914 5159 3219 5247 precibus

379 5256 812 5324 mediantibus
857 5259 1413 5329 examinatoribus
1454 5259 1950 5328 recommendet.
2421 5257 2427 5264 ’
