<?xml version="1.0" encoding="UTF-8"?>
<!DOCTYPE html PUBLIC "-//W3C//DTD XHTML 1.0 Transitional//EN"
    "http://www.w3.org/TR/xhtml1/DTD/xhtml1-transitional.dtd">
<html xmlns="http://www.w3.org/1999/xhtml" xml:lang="en" lang="en">
 <head>
  <title>
</title>
<meta http-equiv="Content-Type" content="text/html;charset=utf-8" />
  <meta name='ocr-system' content='tesseract 3.04.00' />
  <meta name='ocr-capabilities' content='ocr_page ocr_carea ocr_par ocr_line ocrx_word'/>
</head>
<body>
  <div class='ocr_page' id='page_1' title='image "./diestatutenbche02leipgoog_0144.png"; bbox 0 0 4038 6358; ppageno 0'>
   <div class='ocr_carea' id='block_1_1' title="bbox 783 576 2664 641">
    <p class='ocr_par' dir='ltr' id='par_1_1' title="bbox 783 576 2664 641">
     <span class='ocr_line' id='line_1_1' title="bbox 783 576 2664 641; baseline -0.006 0"><span class='ocrx_word' id='word_1_1' title='bbox 783 576 899 641; x_wconf 83' lang='lat'>128</span> <span class='ocrx_word' id='word_1_2' title='bbox 1687 579 1799 629; x_wconf 84' lang='lat' dir='ltr'>Des</span> <span class='ocrx_word' id='word_1_3' title='bbox 1835 578 2103 630; x_wconf 82' lang='lat' dir='ltr'>Iohannes</span> <span class='ocrx_word' id='word_1_4' title='bbox 2139 579 2296 631; x_wconf 82' lang='lat' dir='ltr'>Fabri</span> <span class='ocrx_word' id='word_1_5' title='bbox 2334 582 2401 630; x_wconf 80' lang='lat' dir='ltr'>de</span> <span class='ocrx_word' id='word_1_6' title='bbox 2435 579 2664 631; x_wconf 86' lang='lat' dir='ltr'>Werdea</span> 
     </span>
    </p>
   </div>
   <div class='ocr_carea' id='block_1_2' title="bbox 702 754 3616 2040">
    <p class='ocr_par' dir='ltr' id='par_1_2' title="bbox 776 754 3614 1149">
     <span class='ocr_line' id='line_1_2' title="bbox 776 754 3610 849; baseline 0.001 -28"><span class='ocrx_word' id='word_1_7' title='bbox 776 756 1116 845; x_wconf 88' lang='lat' dir='ltr'>perhibere</span> <span class='ocrx_word' id='word_1_8' title='bbox 1157 754 1455 842; x_wconf 88' lang='lat' dir='ltr'>veritati,</span> <span class='ocrx_word' id='word_1_9' title='bbox 1512 768 1733 826; x_wconf 88' lang='lat' dir='ltr'>tenore</span> <span class='ocrx_word' id='word_1_10' title='bbox 1775 762 2217 849; x_wconf 75' lang='lat' dir='ltr'><strong>praesentim</strong></span> <span class='ocrx_word' id='word_1_11' title='bbox 2257 760 2515 849; x_wconf 88' lang='lat' dir='ltr'>publice</span> <span class='ocrx_word' id='word_1_12' title='bbox 2553 770 2776 826; x_wconf 91' lang='lat' dir='ltr'>notum</span> <span class='ocrx_word' id='word_1_13' title='bbox 2816 760 3092 826; x_wconf 83' lang='lat' dir='ltr'>facimus</span> <span class='ocrx_word' id='word_1_14' title='bbox 3129 770 3266 825; x_wconf 89' lang='lat' dir='ltr'>tam</span> <span class='ocrx_word' id='word_1_15' title='bbox 3307 780 3610 846; x_wconf 86' lang='lat' dir='ltr'>praesen·</span> 
     </span>
     <span class='ocr_line' id='line_1_3' title="bbox 776 851 3611 947; baseline 0.001 -26"><span class='ocrx_word' id='word_1_16' title='bbox 776 855 949 922; x_wconf 85' lang='lat' dir='ltr'>tibus</span> <span class='ocrx_word' id='word_1_17' title='bbox 992 879 1186 944; x_wconf 90' lang='lat' dir='ltr'>quam</span> <span class='ocrx_word' id='word_1_18' title='bbox 1228 857 1489 942; x_wconf 84' lang='lat' dir='ltr'>futuris,</span> <span class='ocrx_word' id='word_1_19' title='bbox 1534 859 1709 946; x_wconf 89' lang='lat' dir='ltr'>quod</span> <span class='ocrx_word' id='word_1_20' title='bbox 1751 861 2083 947; x_wconf 88' lang='lat' dir='ltr'>praefatus</span> <span class='ocrx_word' id='word_1_21' title='bbox 2127 862 2439 947; x_wconf 90' lang='lat' dir='ltr'>magister</span> <span class='ocrx_word' id='word_1_22' title='bbox 2484 861 2578 925; x_wconf 89' lang='lat' dir='ltr'>.N.</span> <span class='ocrx_word' id='word_1_23' title='bbox 2624 851 2792 925; x_wconf 86' lang='lat' dir='ltr'>anno</span> <span class='ocrx_word' id='word_1_24' title='bbox 2847 859 3092 926; x_wconf 89' lang='lat' dir='ltr'>domini</span> <span class='ocrx_word' id='word_1_25' title='bbox 3138 868 3254 925; x_wconf 86' lang='lat' dir='ltr'>etc.</span> <span class='ocrx_word' id='word_1_26' title='bbox 3304 858 3410 924; x_wconf 88' lang='lat' dir='ltr'>die</span> <span class='ocrx_word' id='word_1_27' title='bbox 3455 881 3611 924; x_wconf 86' lang='lat' dir='ltr'>vero</span> 
     </span>
     <span class='ocr_line' id='line_1_4' title="bbox 779 957 3614 1046; baseline 0.001 -28"><span class='ocrx_word' id='word_1_28' title='bbox 779 980 857 1021; x_wconf 87' lang='lat' dir='ltr'>.n.</span> <span class='ocrx_word' id='word_1_29' title='bbox 874 1006 891 1039; x_wconf 96' lang='lat'>,</span> <span class='ocrx_word' id='word_1_30' title='bbox 939 957 1254 1043; x_wconf 90' lang='lat' dir='ltr'>rigorosis</span> <span class='ocrx_word' id='word_1_31' title='bbox 1305 959 1724 1046; x_wconf 88' lang='lat' dir='ltr'>temptamine</span> <span class='ocrx_word' id='word_1_32' title='bbox 1777 969 1840 1024; x_wconf 92' lang='lat' dir='ltr'>et</span> <span class='ocrx_word' id='word_1_33' title='bbox 1892 961 2190 1025; x_wconf 79' lang='lat' dir='ltr'><strong>examine</strong></span> <span class='ocrx_word' id='word_1_34' title='bbox 2247 959 2602 1026; x_wconf 88' lang='lat' dir='ltr'>secundum</span> <span class='ocrx_word' id='word_1_35' title='bbox 2659 982 2907 1026; x_wconf 90' lang='lat' dir='ltr'>morem</span> <span class='ocrx_word' id='word_1_36' title='bbox 2965 970 3030 1027; x_wconf 90' lang='lat' dir='ltr'>et</span> <span class='ocrx_word' id='word_1_37' title='bbox 3087 958 3614 1026; x_wconf 82' lang='lat' dir='ltr'>consuetudinem</span> 
     </span>
     <span class='ocr_line' id='line_1_5' title="bbox 776 1056 3612 1149; baseline 0.001 -29"><span class='ocrx_word' id='word_1_38' title='bbox 776 1056 1140 1121; x_wconf 79' lang='lat' dir='ltr'>antedictae</span> <span class='ocrx_word' id='word_1_39' title='bbox 1180 1066 1443 1123; x_wconf 89' lang='lat' dir='ltr'>nostrae</span> <span class='ocrx_word' id='word_1_40' title='bbox 1484 1058 1810 1123; x_wconf 79' lang='lat' dir='ltr'><strong>facultatis</strong></span> <span class='ocrx_word' id='word_1_41' title='bbox 1852 1058 2196 1146; x_wconf 85' lang='lat' dir='ltr'>diligenter</span> <span class='ocrx_word' id='word_1_42' title='bbox 2238 1059 2640 1147; x_wconf 78' lang='lat' dir='ltr'>praehabitis</span> <span class='ocrx_word' id='word_1_43' title='bbox 2682 1059 3069 1149; x_wconf 82' lang='lat' dir='ltr'>licentiaque</span> <span class='ocrx_word' id='word_1_44' title='bbox 3112 1069 3409 1146; x_wconf 87' lang='lat' dir='ltr'>recepta,</span> <span class='ocrx_word' id='word_1_45' title='bbox 3468 1080 3612 1143; x_wconf 89' lang='lat' dir='ltr'>gra-</span> 
     </span>
    </p>

    <p class='ocr_par' dir='ltr' id='par_1_3' title="bbox 728 1154 3615 1644">
     <span class='ocr_line' id='line_1_6' title="bbox 728 1154 3614 1245; baseline 0 -25"><span class='ocrx_word' id='word_1_46' title='bbox 728 1165 761 1219; x_wconf 82' lang='lat'>5</span> <span class='ocrx_word' id='word_1_47' title='bbox 782 1154 936 1221; x_wconf 90' lang='lat' dir='ltr'>dum</span> <span class='ocrx_word' id='word_1_48' title='bbox 977 1157 1334 1242; x_wconf 81' lang='lat' dir='ltr'>magisterii</span> <span class='ocrx_word' id='word_1_49' title='bbox 1376 1159 1444 1221; x_wconf 90' lang='lat' dir='ltr'>in</span> <span class='ocrx_word' id='word_1_50' title='bbox 1483 1156 1732 1223; x_wconf 90' lang='lat' dir='ltr'>artibus</span> <span class='ocrx_word' id='word_1_51' title='bbox 1780 1156 2206 1242; x_wconf 90' lang='lat' dir='ltr'>sollemniter,</span> <span class='ocrx_word' id='word_1_52' title='bbox 2251 1160 2374 1224; x_wconf 90' lang='lat' dir='ltr'>rite</span> <span class='ocrx_word' id='word_1_53' title='bbox 2414 1182 2491 1224; x_wconf 88' lang='lat' dir='ltr'>ac</span> <span class='ocrx_word' id='word_1_54' title='bbox 2529 1159 2816 1245; x_wconf 85' lang='lat' dir='ltr'>legitime</span> <span class='ocrx_word' id='word_1_55' title='bbox 2862 1168 3193 1225; x_wconf 90' lang='lat' dir='ltr'>assecutus</span> <span class='ocrx_word' id='word_1_56' title='bbox 3237 1168 3300 1224; x_wconf 90' lang='lat' dir='ltr'>et</span> <span class='ocrx_word' id='word_1_57' title='bbox 3343 1156 3614 1244; x_wconf 83' lang='lat' dir='ltr'>adeptus</span> 
     </span>
     <span class='ocr_line' id='line_1_7' title="bbox 778 1255 3615 1345; baseline 0 -25"><span class='ocrx_word' id='word_1_58' title='bbox 778 1266 891 1320; x_wconf 79' lang='lat' dir='ltr'>est.</span> <span class='ocrx_word' id='word_1_59' title='bbox 978 1255 1393 1342; x_wconf 82' lang='lat' dir='ltr'>Quapropter</span> <span class='ocrx_word' id='word_1_60' title='bbox 1433 1268 2014 1343; x_wconf 89' lang='lat' dir='ltr'>praememoratum</span> <span class='ocrx_word' id='word_1_61' title='bbox 2064 1259 2161 1323; x_wconf 89' lang='lat' dir='ltr'>.N.</span> <span class='ocrx_word' id='word_1_62' title='bbox 2177 1308 2195 1342; x_wconf 89' lang='lat'>,</span> <span class='ocrx_word' id='word_1_63' title='bbox 2250 1260 2319 1323; x_wconf 92' lang='lat' dir='ltr'>in</span> <span class='ocrx_word' id='word_1_64' title='bbox 2361 1258 2609 1324; x_wconf 85' lang='lat' dir='ltr'>artibus</span> <span class='ocrx_word' id='word_1_65' title='bbox 2652 1260 3067 1345; x_wconf 88' lang='lat' dir='ltr'>magistrum,</span> <span class='ocrx_word' id='word_1_66' title='bbox 3121 1258 3514 1325; x_wconf 80' lang='lat' dir='ltr'>confratrem</span> <span class='ocrx_word' id='word_1_67' title='bbox 3552 1265 3615 1321; x_wconf 89' lang='lat' dir='ltr'>et</span> 
     </span>
     <span class='ocr_line' id='line_1_8' title="bbox 778 1355 3609 1447; baseline 0 -27"><span class='ocrx_word' id='word_1_68' title='bbox 778 1356 1054 1420; x_wconf 91' lang='lat' dir='ltr'>amicum</span> <span class='ocrx_word' id='word_1_69' title='bbox 1093 1364 1378 1421; x_wconf 89' lang='lat' dir='ltr'>nostrum</span> <span class='ocrx_word' id='word_1_70' title='bbox 1422 1356 1764 1439; x_wconf 88' lang='lat' dir='ltr'>dilectum,</span> <span class='ocrx_word' id='word_1_71' title='bbox 1828 1358 2125 1424; x_wconf 89' lang='lat' dir='ltr'>omnibus</span> <span class='ocrx_word' id='word_1_72' title='bbox 2185 1367 2249 1422; x_wconf 90' lang='lat' dir='ltr'>et</span> <span class='ocrx_word' id='word_1_73' title='bbox 2296 1355 2597 1444; x_wconf 86' lang='lat' dir='ltr'>singulis,</span> <span class='ocrx_word' id='word_1_74' title='bbox 2656 1357 2891 1447; x_wconf 89' lang='lat' dir='ltr'>quibus</span> <span class='ocrx_word' id='word_1_75' title='bbox 2934 1366 3311 1445; x_wconf 80' lang='lat' dir='ltr'>praesentes</span> <span class='ocrx_word' id='word_1_76' title='bbox 3351 1367 3609 1422; x_wconf 88' lang='lat' dir='ltr'>nostrae</span> 
     </span>
     <span class='ocr_line' id='line_1_9' title="bbox 776 1454 3608 1545; baseline 0 -26"><span class='ocrx_word' id='word_1_77' title='bbox 776 1455 1031 1519; x_wconf 86' lang='lat' dir='ltr'>litterae</span> <span class='ocrx_word' id='word_1_78' title='bbox 1070 1454 1400 1521; x_wconf 85' lang='lat' dir='ltr'>exhibitae</span> <span class='ocrx_word' id='word_1_79' title='bbox 1441 1466 1553 1521; x_wconf 91' lang='lat' dir='ltr'>aut</span> <span class='ocrx_word' id='word_1_80' title='bbox 1594 1466 2047 1545; x_wconf 89' lang='lat' dir='ltr'>praesentatae</span> <span class='ocrx_word' id='word_1_81' title='bbox 2088 1459 2359 1542; x_wconf 88' lang='lat' dir='ltr'>fuerint,</span> <span class='ocrx_word' id='word_1_82' title='bbox 2398 1456 2673 1523; x_wconf 89' lang='lat' dir='ltr'>fideliter</span> <span class='ocrx_word' id='word_1_83' title='bbox 2714 1456 3313 1523; x_wconf 83' lang='lat' dir='ltr'>recommendamus</span> <span class='ocrx_word' id='word_1_84' title='bbox 3328 1506 3349 1539; x_wconf 91' lang='lat'>,</span> <span class='ocrx_word' id='word_1_85' title='bbox 3410 1466 3608 1521; x_wconf 88' lang='lat' dir='ltr'>atten-</span> 
     </span>
     <span class='ocr_line' id='line_1_10' title="bbox 768 1548 3610 1644; baseline 0 -25"><span class='ocrx_word' id='word_1_86' title='bbox 768 1548 903 1619; x_wconf 60' lang='lat' dir='ltr'>&#39;tius</span> <span class='ocrx_word' id='word_1_87' title='bbox 945 1562 1280 1640; x_wconf 89' lang='lat' dir='ltr'>rogantes,</span> <span class='ocrx_word' id='word_1_88' title='bbox 1340 1564 1654 1642; x_wconf 90' lang='lat' dir='ltr'>quatenus</span> <span class='ocrx_word' id='word_1_89' title='bbox 1694 1556 1909 1642; x_wconf 88' lang='lat' dir='ltr'>ipsum</span> <span class='ocrx_word' id='word_1_90' title='bbox 1948 1566 2313 1622; x_wconf 86' lang='lat' dir='ltr'>nostrarum</span> <span class='ocrx_word' id='word_1_91' title='bbox 2360 1579 2625 1644; x_wconf 90' lang='lat' dir='ltr'>precum</span> <span class='ocrx_word' id='word_1_92' title='bbox 2669 1579 2748 1621; x_wconf 93' lang='lat' dir='ltr'>ac</span> <span class='ocrx_word' id='word_1_93' title='bbox 2790 1556 3003 1624; x_wconf 88' lang='lat' dir='ltr'>dictae</span> <span class='ocrx_word' id='word_1_94' title='bbox 3042 1566 3304 1622; x_wconf 87' lang='lat' dir='ltr'>nostrae</span> <span class='ocrx_word' id='word_1_95' title='bbox 3342 1553 3610 1621; x_wconf 84' lang='lat' dir='ltr'>faculta-</span> 
     </span>
    </p>

    <p class='ocr_par' dir='ltr' id='par_1_4' title="bbox 702 1653 3616 2040">
     <span class='ocr_line' id='line_1_11' title="bbox 702 1653 3607 1744; baseline -0.001 -25"><span class='ocrx_word' id='word_1_96' title='bbox 702 1663 765 1719; x_wconf 88' lang='grc'>10</span> <span class='ocrx_word' id='word_1_97' title='bbox 784 1656 868 1719; x_wconf 90' lang='lat' dir='ltr'>tis</span> <span class='ocrx_word' id='word_1_98' title='bbox 909 1654 1147 1717; x_wconf 80' lang='lat' dir='ltr'>intuitu</span> <span class='ocrx_word' id='word_1_99' title='bbox 1167 1653 1521 1737; x_wconf 85' lang='lat' dir='ltr'>favoribus,</span> <span class='ocrx_word' id='word_1_100' title='bbox 1559 1656 2073 1742; x_wconf 84' lang='lat' dir='ltr'>promotionibus</span> <span class='ocrx_word' id='word_1_101' title='bbox 2116 1666 2178 1722; x_wconf 89' lang='lat' dir='ltr'>et</span> <span class='ocrx_word' id='word_1_102' title='bbox 2220 1654 2505 1722; x_wconf 89' lang='lat' dir='ltr'>consiliis</span> <span class='ocrx_word' id='word_1_103' title='bbox 2545 1659 2850 1744; x_wconf 86' lang='lat' dir='ltr'>prosequi</span> <span class='ocrx_word' id='word_1_104' title='bbox 2890 1656 3234 1744; x_wconf 85' lang='lat' dir='ltr'>dignentur</span> <span class='ocrx_word' id='word_1_105' title='bbox 3266 1656 3607 1735; x_wconf 75' lang='lat' dir='ltr'>favor-osis,</span> 
     </span>
     <span class='ocr_line' id='line_1_12' title="bbox 777 1752 3612 1845; baseline 0 -28"><span class='ocrx_word' id='word_1_106' title='bbox 777 1774 894 1818; x_wconf 90' lang='lat' dir='ltr'>nos</span> <span class='ocrx_word' id='word_1_107' title='bbox 936 1775 1055 1840; x_wconf 90' lang='lat' dir='ltr'>per</span> <span class='ocrx_word' id='word_1_108' title='bbox 1096 1752 1219 1819; x_wconf 90' lang='lat' dir='ltr'>hoc</span> <span class='ocrx_word' id='word_1_109' title='bbox 1262 1752 1349 1818; x_wconf 88' lang='lat' dir='ltr'>ad</span> <span class='ocrx_word' id='word_1_110' title='bbox 1391 1754 1754 1819; x_wconf 86' lang='lat' dir='ltr'>consimilia</span> <span class='ocrx_word' id='word_1_111' title='bbox 1798 1767 1863 1821; x_wconf 91' lang='lat' dir='ltr'>et</span> <span class='ocrx_word' id='word_1_112' title='bbox 1900 1756 2272 1821; x_wconf 84' lang='lat' dir='ltr'>facultatem</span> <span class='ocrx_word' id='word_1_113' title='bbox 2314 1765 2602 1822; x_wconf 87' lang='lat' dir='ltr'>nostram</span> <span class='ocrx_word' id='word_1_114' title='bbox 2654 1754 2758 1842; x_wconf 82' lang='lat'>[42</span> <span class='ocrx_word' id='word_1_115' title='bbox 2770 1753 2823 1843; x_wconf 76' lang='lat'>¹²]</span> <span class='ocrx_word' id='word_1_116' title='bbox 2869 1755 3311 1845; x_wconf 88' lang='lat' dir='ltr'>saepedictam</span> <span class='ocrx_word' id='word_1_117' title='bbox 3353 1754 3440 1820; x_wconf 92' lang='lat' dir='ltr'>ad</span> <span class='ocrx_word' id='word_1_118' title='bbox 3480 1776 3612 1819; x_wconf 89' lang='lat' dir='ltr'>ma-</span> 
     </span>
     <span class='ocr_line' id='line_1_13' title="bbox 779 1851 3616 1943; baseline 0 -26"><span class='ocrx_word' id='word_1_119' title='bbox 779 1855 920 1919; x_wconf 90' lang='lat' dir='ltr'>iora</span> <span class='ocrx_word' id='word_1_120' title='bbox 955 1851 1507 1941; x_wconf 87' lang='lat' dir='ltr'>beneplacitorum</span> <span class='ocrx_word' id='word_1_121' title='bbox 1549 1874 1793 1940; x_wconf 86' lang='lat' dir='ltr'>genera</span> <span class='ocrx_word' id='word_1_122' title='bbox 1836 1857 2371 1942; x_wconf 88' lang='lat' dir='ltr'>constringentes.</span> <span class='ocrx_word' id='word_1_123' title='bbox 2455 1855 2531 1920; x_wconf 91' lang='lat' dir='ltr'>In</span> <span class='ocrx_word' id='word_1_124' title='bbox 2582 1877 2856 1943; x_wconf 90' lang='lat' dir='ltr'>quorum</span> <span class='ocrx_word' id='word_1_125' title='bbox 2897 1857 3183 1921; x_wconf 90' lang='lat' dir='ltr'>omnium</span> <span class='ocrx_word' id='word_1_126' title='bbox 3229 1864 3294 1920; x_wconf 92' lang='lat' dir='ltr'>et</span> <span class='ocrx_word' id='word_1_127' title='bbox 3335 1853 3616 1941; x_wconf 86' lang='lat' dir='ltr'>singulo·</span> 
     </span>
     <span class='ocr_line' id='line_1_14' title="bbox 782 1953 1870 2040; baseline 0.004 -24"><span class='ocrx_word' id='word_1_128' title='bbox 782 1975 928 2018; x_wconf 89' lang='lat' dir='ltr'>rum</span> <span class='ocrx_word' id='word_1_129' title='bbox 969 1954 1473 2040; x_wconf 89' lang='lat' dir='ltr'>praemissorum</span> <span class='ocrx_word' id='word_1_130' title='bbox 1513 1953 1709 2019; x_wconf 91' lang='lat' dir='ltr'>fidem</span> <span class='ocrx_word' id='word_1_131' title='bbox 1753 1965 1870 2020; x_wconf 90' lang='lat' dir='ltr'>etc.</span> 
     </span>
    </p>
   </div>
   <div class='ocr_carea' id='block_1_3' title="bbox 946 2091 2538 2170">
    <p class='ocr_par' dir='ltr' id='par_1_5' title="bbox 946 2091 2538 2170">
     <span class='ocr_line' id='line_1_15' title="bbox 946 2091 2538 2170; baseline 0.003 -22"><span class='ocrx_word' id='word_1_132' title='bbox 946 2091 1078 2150; x_wconf 79' lang='lat' dir='ltr'>Der</span> <span class='ocrx_word' id='word_1_133' title='bbox 1119 2091 1325 2167; x_wconf 72' lang='lat' dir='ltr'>tibriqe</span> <span class='ocrx_word' id='word_1_134' title='bbox 1374 2091 1545 2150; x_wconf 69' lang='lat' dir='ltr'>Theil</span> <span class='ocrx_word' id='word_1_135' title='bbox 1585 2093 1695 2151; x_wconf 82' lang='lat' dir='ltr'>der</span> <span class='ocrx_word' id='word_1_136' title='bbox 1736 2092 1894 2152; x_wconf 76' lang='lat' dir='ltr'>Seite</span> <span class='ocrx_word' id='word_1_137' title='bbox 1937 2092 2014 2150; x_wconf 73' lang='lat' dir='ltr'>ist</span> <span class='ocrx_word' id='word_1_138' title='bbox 2059 2093 2181 2151; x_wconf 84' lang='lat' dir='ltr'>leer</span> <span class='ocrx_word' id='word_1_139' title='bbox 2226 2092 2538 2170; x_wconf 72' lang='lat' dir='ltr'>qeblieben.</span> 
     </span>
    </p>
   </div>
   <div class='ocr_carea' id='block_1_4' title="bbox 696 2344 3408 2536">
    <p class='ocr_par' dir='ltr' id='par_1_6' title="bbox 696 2344 3408 2536">
     <span class='ocr_line' id='line_1_16' title="bbox 696 2344 3408 2456; baseline -0 -19"><span class='ocrx_word' id='word_1_140' title='bbox 696 2381 757 2437; x_wconf 90' lang='lat'>15</span> <span class='ocrx_word' id='word_1_141' title='bbox 965 2375 1064 2438; x_wconf 88' lang='grc'>90.</span> <span class='ocrx_word' id='word_1_142' title='bbox 1126 2366 1249 2456; x_wconf 88' lang='lat' dir='ltr'>[Bl.</span> <span class='ocrx_word' id='word_1_143' title='bbox 1295 2368 1436 2456; x_wconf 77' lang='lat'>43⁸]</span> <span class='ocrx_word' id='word_1_144' title='bbox 1496 2386 1732 2435; x_wconf 67' lang='lat' dir='ltr'>romu</span> <span class='ocrx_word' id='word_1_145' title='bbox 1773 2344 2333 2437; x_wconf 69' lang='lat' dir='ltr'>nscosmmoms</span> <span class='ocrx_word' id='word_1_146' title='bbox 2358 2386 2955 2437; x_wconf 73' lang='lat' dir='ltr'>cnmoeRAPnAms</span> <span class='ocrx_word' id='word_1_147' title='bbox 2997 2387 3135 2437; x_wconf 73' lang='lat' dir='ltr'>rso</span> <span class='ocrx_word' id='word_1_148' title='bbox 3182 2384 3408 2437; x_wconf 73' lang='lat' dir='ltr'>cmm</span> 
     </span>
     <span class='ocr_line' id='line_1_17' title="bbox 1819 2488 2558 2536; baseline 0 0"><span class='ocrx_word' id='word_1_149' title='bbox 1819 2488 2267 2536; x_wconf 69' lang='lat' dir='ltr'>pneumon</span> <span class='ocrx_word' id='word_1_150' title='bbox 2309 2488 2558 2536; x_wconf 70' lang='lat' dir='ltr'>sum.</span> 
     </span>
    </p>
   </div>
   <div class='ocr_carea' id='block_1_5' title="bbox 693 2602 3620 4286">
    <p class='ocr_par' dir='ltr' id='par_1_7' title="bbox 779 2602 3620 2890">
     <span class='ocr_line' id='line_1_18' title="bbox 939 2602 3615 2692; baseline 0 -25"><span class='ocrx_word' id='word_1_151' title='bbox 939 2603 1076 2667; x_wconf 90' lang='lat' dir='ltr'>Nos</span> <span class='ocrx_word' id='word_1_152' title='bbox 1117 2602 1212 2667; x_wconf 80' lang='lat' dir='ltr'>.N.</span> <span class='ocrx_word' id='word_1_153' title='bbox 1258 2611 1373 2667; x_wconf 90' lang='lat' dir='ltr'>etc.</span> <span class='ocrx_word' id='word_1_154' title='bbox 1417 2611 1629 2667; x_wconf 89' lang='lat' dir='ltr'>rector</span> <span class='ocrx_word' id='word_1_155' title='bbox 1671 2614 1892 2668; x_wconf 90' lang='lat' dir='ltr'>tenore</span> <span class='ocrx_word' id='word_1_156' title='bbox 1932 2606 2372 2691; x_wconf 89' lang='lat' dir='ltr'>praesentium</span> <span class='ocrx_word' id='word_1_157' title='bbox 2414 2602 2673 2691; x_wconf 90' lang='lat' dir='ltr'>publice</span> <span class='ocrx_word' id='word_1_158' title='bbox 2716 2602 3129 2691; x_wconf 89' lang='lat' dir='ltr'>profitemur,</span> <span class='ocrx_word' id='word_1_159' title='bbox 3194 2603 3369 2692; x_wconf 87' lang='lat' dir='ltr'>quod</span> <span class='ocrx_word' id='word_1_160' title='bbox 3412 2603 3615 2669; x_wconf 87' lang='lat' dir='ltr'>scien·</span> 
     </span>
     <span class='ocr_line' id='line_1_19' title="bbox 779 2702 3620 2786; baseline -0.001 -17"><span class='ocrx_word' id='word_1_161' title='bbox 779 2703 988 2769; x_wconf 90' lang='lat' dir='ltr'>tificus</span> <span class='ocrx_word' id='word_1_162' title='bbox 1033 2702 1151 2785; x_wconf 86' lang='lat' dir='ltr'>.N.‚</span> <span class='ocrx_word' id='word_1_163' title='bbox 1193 2703 1430 2767; x_wconf 86' lang='lat' dir='ltr'>artium</span> <span class='ocrx_word' id='word_1_164' title='bbox 1467 2702 1873 2768; x_wconf 83' lang='lat' dir='ltr'>baccalarius</span> <span class='ocrx_word' id='word_1_165' title='bbox 1887 2752 1905 2786; x_wconf 89' lang='lat'>,</span> <span class='ocrx_word' id='word_1_166' title='bbox 1949 2715 2212 2769; x_wconf 89' lang='lat' dir='ltr'>nostrae</span> <span class='ocrx_word' id='word_1_167' title='bbox 2251 2705 2695 2768; x_wconf 87' lang='lat' dir='ltr'>universitatis</span> <span class='ocrx_word' id='word_1_168' title='bbox 2738 2702 3104 2769; x_wconf 87' lang='lat' dir='ltr'>antedictae</span> <span class='ocrx_word' id='word_1_169' title='bbox 3148 2702 3509 2769; x_wconf 88' lang='lat' dir='ltr'>membrum</span> <span class='ocrx_word' id='word_1_170' title='bbox 3553 2711 3620 2766; x_wconf 87' lang='lat' dir='ltr'>et</span> 
     </span>
     <span class='ocr_line' id='line_1_20' title="bbox 783 2800 3616 2890; baseline -0.001 -21"><span class='ocrx_word' id='word_1_171' title='bbox 783 2802 1220 2890; x_wconf 88' lang='lat' dir='ltr'>suppositum,</span> <span class='ocrx_word' id='word_1_172' title='bbox 1262 2801 1520 2889; x_wconf 89' lang='lat' dir='ltr'>publice</span> <span class='ocrx_word' id='word_1_173' title='bbox 1564 2813 1920 2890; x_wconf 90' lang='lat' dir='ltr'>sponteque</span> <span class='ocrx_word' id='word_1_174' title='bbox 1964 2826 2181 2869; x_wconf 90' lang='lat' dir='ltr'>coram</span> <span class='ocrx_word' id='word_1_175' title='bbox 2223 2803 2412 2869; x_wconf 89' lang='lat' dir='ltr'>nobis</span> <span class='ocrx_word' id='word_1_176' title='bbox 2452 2805 2862 2889; x_wconf 83' lang='lat' dir='ltr'>recognovit,</span> <span class='ocrx_word' id='word_1_177' title='bbox 2912 2826 3066 2869; x_wconf 75' lang='lat' dir='ltr'>,sese</span> <span class='ocrx_word' id='word_1_178' title='bbox 3108 2800 3477 2870; x_wconf 89' lang='lat' dir='ltr'>honorabili</span> <span class='ocrx_word' id='word_1_179' title='bbox 3520 2804 3616 2866; x_wconf 92' lang='lat' dir='ltr'>vi-</span> 
     </span>
    </p>

    <p class='ocr_par' dir='ltr' id='par_1_8' title="bbox 700 2901 3619 3389">
     <span class='ocr_line' id='line_1_21' title="bbox 700 2901 3617 2990; baseline -0.002 -20"><span class='ocrx_word' id='word_1_180' title='bbox 700 2913 886 2985; x_wconf 84' lang='lat' dir='ltr'>20ro,</span> <span class='ocrx_word' id='word_1_181' title='bbox 932 2901 1188 2967; x_wconf 91' lang='lat' dir='ltr'>domino</span> <span class='ocrx_word' id='word_1_182' title='bbox 1234 2902 1354 2984; x_wconf 83' lang='lat' dir='ltr'>.N.,</span> <span class='ocrx_word' id='word_1_183' title='bbox 1398 2904 1807 2989; x_wconf 87' lang='lat' dir='ltr'>praeceptori</span> <span class='ocrx_word' id='word_1_184' title='bbox 1846 2926 1963 2969; x_wconf 89' lang='lat' dir='ltr'>suo</span> <span class='ocrx_word' id='word_1_185' title='bbox 2014 2902 2303 2986; x_wconf 82' lang='lat' dir='ltr'>colend0,</span> <span class='ocrx_word' id='word_1_186' title='bbox 2348 2925 2467 2990; x_wconf 89' lang='lat' dir='ltr'>pro</span> <span class='ocrx_word' id='word_1_187' title='bbox 2509 2904 2817 2989; x_wconf 82' lang='lat' dir='ltr'>expensis</span> <span class='ocrx_word' id='word_1_188' title='bbox 2861 2925 2940 2969; x_wconf 87' lang='lat' dir='ltr'>ac</span> <span class='ocrx_word' id='word_1_189' title='bbox 2984 2902 3131 2968; x_wconf 90' lang='lat' dir='ltr'>aliis</span> <span class='ocrx_word' id='word_1_190' title='bbox 3175 2902 3617 2969; x_wconf 87' lang='lat' dir='ltr'>accomodatis</span> 
     </span>
     <span class='ocr_line' id='line_1_22' title="bbox 779 3000 3618 3090; baseline -0.001 -21"><span class='ocrx_word' id='word_1_191' title='bbox 779 3002 1053 3088; x_wconf 87' lang='lat' dir='ltr'>obligari</span> <span class='ocrx_word' id='word_1_192' title='bbox 1110 3024 1187 3066; x_wconf 90' lang='lat' dir='ltr'>.n.</span> <span class='ocrx_word' id='word_1_193' title='bbox 1235 3000 1372 3066; x_wconf 86' lang='lat' dir='ltr'>flor.</span> <span class='ocrx_word' id='word_1_194' title='bbox 1426 3003 1495 3065; x_wconf 89' lang='lat' dir='ltr'>in</span> <span class='ocrx_word' id='word_1_195' title='bbox 1553 3025 1709 3067; x_wconf 91' lang='lat' dir='ltr'>auro</span> <span class='ocrx_word' id='word_1_196' title='bbox 1762 3002 1950 3067; x_wconf 88' lang='lat' dir='ltr'>iuxta</span> <span class='ocrx_word' id='word_1_197' title='bbox 2007 3002 2428 3090; x_wconf 89' lang='lat' dir='ltr'>chirographi</span> <span class='ocrx_word' id='word_1_198' title='bbox 2487 3005 2584 3068; x_wconf 91' lang='lat' dir='ltr'>sui</span> <span class='ocrx_word' id='word_1_199' title='bbox 2638 3001 2915 3089; x_wconf 88' lang='lat' dir='ltr'>desuper</span> <span class='ocrx_word' id='word_1_200' title='bbox 2957 3002 3095 3068; x_wconf 89' lang='lat' dir='ltr'>dati</span> <span class='ocrx_word' id='word_1_201' title='bbox 3136 3004 3618 3082; x_wconf 87' lang='lat' dir='ltr'>continentiam,</span> 
     </span>
     <span class='ocr_line' id='line_1_23' title="bbox 780 3100 3619 3191; baseline 0 -25"><span class='ocrx_word' id='word_1_202' title='bbox 780 3124 1048 3191; x_wconf 86' lang='lat' dir='ltr'>quorum</span> <span class='ocrx_word' id='word_1_203' title='bbox 1092 3100 1352 3187; x_wconf 88' lang='lat' dir='ltr'>quidem</span> <span class='ocrx_word' id='word_1_204' title='bbox 1393 3124 1469 3165; x_wconf 90' lang='lat' dir='ltr'>.n.</span> <span class='ocrx_word' id='word_1_205' title='bbox 1514 3101 1900 3166; x_wconf 88' lang='lat' dir='ltr'>florenorum</span> <span class='ocrx_word' id='word_1_206' title='bbox 1951 3101 2363 3167; x_wconf 89' lang='lat' dir='ltr'>medietatem</span> <span class='ocrx_word' id='word_1_207' title='bbox 2419 3102 2504 3168; x_wconf 90' lang='lat' dir='ltr'>ad</span> <span class='ocrx_word' id='word_1_208' title='bbox 2554 3102 2787 3167; x_wconf 88' lang='lat' dir='ltr'>festum</span> <span class='ocrx_word' id='word_1_209' title='bbox 2835 3102 3163 3188; x_wconf 87' lang='lat' dir='ltr'>Paschae,</span> <span class='ocrx_word' id='word_1_210' title='bbox 3220 3102 3416 3168; x_wconf 90' lang='lat' dir='ltr'>aliam</span> <span class='ocrx_word' id='word_1_211' title='bbox 3460 3122 3619 3166; x_wconf 86' lang='lat' dir='ltr'>vero</span> 
     </span>
     <span class='ocr_line' id='line_1_24' title="bbox 782 3198 3615 3289; baseline -0 -22"><span class='ocrx_word' id='word_1_212' title='bbox 782 3211 1130 3267; x_wconf 89' lang='lat' dir='ltr'>restantem</span> <span class='ocrx_word' id='word_1_213' title='bbox 1173 3198 1581 3266; x_wconf 81' lang='lat' dir='ltr'>medietatem</span> <span class='ocrx_word' id='word_1_214' title='bbox 1626 3201 1712 3267; x_wconf 87' lang='lat' dir='ltr'>ad</span> <span class='ocrx_word' id='word_1_215' title='bbox 1756 3200 1929 3266; x_wconf 89' lang='lat' dir='ltr'>diem</span> <span class='ocrx_word' id='word_1_216' title='bbox 1969 3204 2180 3267; x_wconf 90' lang='lat' dir='ltr'>sancti</span> <span class='ocrx_word' id='word_1_217' title='bbox 2221 3202 2559 3267; x_wconf 89' lang='lat' dir='ltr'>Michaelis</span> <span class='ocrx_word' id='word_1_218' title='bbox 2603 3204 2900 3289; x_wconf 81' lang='lat' dir='ltr'>proxime</span> <span class='ocrx_word' id='word_1_219' title='bbox 2941 3203 3262 3287; x_wconf 83' lang='lat' dir='ltr'>futurum,</span> <span class='ocrx_word' id='word_1_220' title='bbox 3310 3213 3375 3268; x_wconf 89' lang='lat' dir='ltr'>et</span> <span class='ocrx_word' id='word_1_221' title='bbox 3416 3224 3459 3266; x_wconf 97' lang='lat' dir='ltr'>a</span> <span class='ocrx_word' id='word_1_222' title='bbox 3501 3200 3615 3266; x_wconf 90' lang='lat' dir='ltr'>da-</span> 
     </span>
     <span class='ocr_line' id='line_1_25' title="bbox 777 3299 3617 3389; baseline -0.001 -21"><span class='ocrx_word' id='word_1_223' title='bbox 777 3304 860 3368; x_wconf 89' lang='lat' dir='ltr'>tis</span> <span class='ocrx_word' id='word_1_224' title='bbox 904 3300 1353 3389; x_wconf 90' lang='lat' dir='ltr'>praesentibus</span> <span class='ocrx_word' id='word_1_225' title='bbox 1400 3299 1902 3387; x_wconf 88' lang='lat' dir='ltr'>computandum</span> <span class='ocrx_word' id='word_1_226' title='bbox 1922 3350 1941 3385; x_wconf 95' lang='lat'>,</span> <span class='ocrx_word' id='word_1_227' title='bbox 1986 3301 2340 3389; x_wconf 88' lang='lat' dir='ltr'>spopondit</span> <span class='ocrx_word' id='word_1_228' title='bbox 2381 3313 2763 3389; x_wconf 89' lang='lat' dir='ltr'>maturaque</span> <span class='ocrx_word' id='word_1_229' title='bbox 2807 3302 3272 3369; x_wconf 87' lang='lat' dir='ltr'>deliberatione</span> <span class='ocrx_word' id='word_1_230' title='bbox 3315 3313 3379 3368; x_wconf 89' lang='lat' dir='ltr'>et</span> <span class='ocrx_word' id='word_1_231' title='bbox 3424 3323 3617 3389; x_wconf 88' lang='lat' dir='ltr'>spon-</span> 
     </span>
    </p>

    <p class='ocr_par' dir='ltr' id='par_1_9' title="bbox 693 3399 3618 3690">
     <span class='ocr_line' id='line_1_26' title="bbox 693 3399 3618 3490; baseline -0.001 -21"><span class='ocrx_word' id='word_1_232' title='bbox 693 3412 760 3469; x_wconf 83' lang='lat'>25</span> <span class='ocrx_word' id='word_1_233' title='bbox 778 3412 969 3468; x_wconf 88' lang='lat' dir='ltr'>tanea</span> <span class='ocrx_word' id='word_1_234' title='bbox 1020 3400 1349 3466; x_wconf 88' lang='lat' dir='ltr'>voluntate</span> <span class='ocrx_word' id='word_1_235' title='bbox 1407 3399 1729 3489; x_wconf 87' lang='lat' dir='ltr'>pollicitus</span> <span class='ocrx_word' id='word_1_236' title='bbox 1785 3412 1884 3466; x_wconf 89' lang='lat' dir='ltr'>est</span> <span class='ocrx_word' id='word_1_237' title='bbox 1954 3403 2246 3489; x_wconf 88' lang='lat' dir='ltr'>praefato</span> <span class='ocrx_word' id='word_1_238' title='bbox 2301 3404 2614 3488; x_wconf 87' lang='lat' dir='ltr'>magistro</span> <span class='ocrx_word' id='word_1_239' title='bbox 2669 3402 2765 3466; x_wconf 89' lang='lat' dir='ltr'>.N.</span> <span class='ocrx_word' id='word_1_240' title='bbox 2829 3402 3221 3469; x_wconf 90' lang='lat' dir='ltr'>sollemniter</span> <span class='ocrx_word' id='word_1_241' title='bbox 3278 3400 3618 3490; x_wconf 88' lang='lat' dir='ltr'>stipulanti</span> 
     </span>
     <span class='ocr_line' id='line_1_27' title="bbox 780 3499 3615 3590; baseline -0.001 -22"><span class='ocrx_word' id='word_1_242' title='bbox 780 3504 917 3568; x_wconf 89' lang='lat' dir='ltr'>sine</span> <span class='ocrx_word' id='word_1_243' title='bbox 976 3499 1284 3566; x_wconf 88' lang='lat' dir='ltr'>dilatione</span> <span class='ocrx_word' id='word_1_244' title='bbox 1352 3523 1495 3566; x_wconf 89' lang='lat' dir='ltr'>cum</span> <span class='ocrx_word' id='word_1_245' title='bbox 1553 3502 1914 3586; x_wconf 87' lang='lat' dir='ltr'>gratiarum</span> <span class='ocrx_word' id='word_1_246' title='bbox 1971 3503 2224 3566; x_wconf 86' lang='lat' dir='ltr'>actione</span> <span class='ocrx_word' id='word_1_247' title='bbox 2282 3500 2579 3566; x_wconf 89' lang='lat' dir='ltr'>benivole</span> <span class='ocrx_word' id='word_1_248' title='bbox 2628 3500 2795 3566; x_wconf 89' lang='lat' dir='ltr'>velle</span> <span class='ocrx_word' id='word_1_249' title='bbox 2848 3502 3250 3590; x_wconf 85' lang='lat' dir='ltr'>persolvere,</span> <span class='ocrx_word' id='word_1_250' title='bbox 3311 3501 3615 3588; x_wconf 90' lang='lat' dir='ltr'>nulloque</span> 
     </span>
     <span class='ocr_line' id='line_1_28' title="bbox 778 3598 3615 3690; baseline -0.001 -23"><span class='ocrx_word' id='word_1_251' title='bbox 778 3600 1118 3690; x_wconf 89' lang='lat' dir='ltr'>privilegio</span> <span class='ocrx_word' id='word_1_252' title='bbox 1131 3649 1150 3683; x_wconf 92' lang='lat'>,</span> <span class='ocrx_word' id='word_1_253' title='bbox 1205 3599 1446 3664; x_wconf 84' lang='lat' dir='ltr'>auxilio</span> <span class='ocrx_word' id='word_1_254' title='bbox 1492 3598 1597 3664; x_wconf 89' lang='lat' dir='ltr'>vel</span> <span class='ocrx_word' id='word_1_255' title='bbox 1651 3599 1964 3666; x_wconf 89' lang='lat' dir='ltr'>beneficio</span> <span class='ocrx_word' id='word_1_256' title='bbox 2017 3602 2351 3687; x_wconf 85' lang='lat' dir='ltr'>utriusque</span> <span class='ocrx_word' id='word_1_257' title='bbox 2406 3603 2566 3665; x_wconf 91' lang='lat' dir='ltr'>iuris</span> <span class='ocrx_word' id='word_1_258' title='bbox 2618 3610 2750 3665; x_wconf 89' lang='lat' dir='ltr'>tam</span> <span class='ocrx_word' id='word_1_259' title='bbox 2810 3603 3105 3668; x_wconf 90' lang='lat' dir='ltr'>canonici</span> <span class='ocrx_word' id='word_1_260' title='bbox 3156 3625 3350 3689; x_wconf 90' lang='lat' dir='ltr'>quam</span> <span class='ocrx_word' id='word_1_261' title='bbox 3405 3601 3615 3666; x_wconf 88' lang='lat' dir='ltr'>civilis</span> 
     </span>
    </p>

    <p class='ocr_par' dir='ltr' id='par_1_10' title="bbox 721 3699 3618 3889">
     <span class='ocr_line' id='line_1_29' title="bbox 721 3699 3618 3789; baseline -0.001 -22"><span class='ocrx_word' id='word_1_262' title='bbox 721 3719 732 3724; x_wconf 88' lang='grc'><em>·</em></span> <span class='ocrx_word' id='word_1_263' title='bbox 780 3710 1002 3768; x_wconf 89' lang='lat' dir='ltr'>contra</span> <span class='ocrx_word' id='word_1_264' title='bbox 1043 3711 1335 3764; x_wconf 88' lang='lat' dir='ltr'>tenorem</span> <span class='ocrx_word' id='word_1_265' title='bbox 1377 3700 1815 3786; x_wconf 89' lang='lat' dir='ltr'>praesentium</span> <span class='ocrx_word' id='word_1_266' title='bbox 1857 3709 2232 3765; x_wconf 87' lang='lat' dir='ltr'>nostrarum</span> <span class='ocrx_word' id='word_1_267' title='bbox 2270 3699 2631 3765; x_wconf 87' lang='lat' dir='ltr'>litterarum</span> <span class='ocrx_word' id='word_1_268' title='bbox 2674 3699 2996 3787; x_wconf 89' lang='lat' dir='ltr'>gaudere,</span> <span class='ocrx_word' id='word_1_269' title='bbox 3056 3724 3177 3766; x_wconf 88' lang='lat' dir='ltr'>nec</span> <span class='ocrx_word' id='word_1_270' title='bbox 3230 3725 3349 3789; x_wconf 91' lang='lat' dir='ltr'>per</span> <span class='ocrx_word' id='word_1_271' title='bbox 3392 3724 3462 3767; x_wconf 89' lang='lat' dir='ltr'>se</span> <span class='ocrx_word' id='word_1_272' title='bbox 3505 3709 3618 3765; x_wconf 91' lang='lat' dir='ltr'>aut</span> 
     </span>
     <span class='ocr_line' id='line_1_30' title="bbox 778 3797 3613 3889; baseline -0 -23"><span class='ocrx_word' id='word_1_273' title='bbox 778 3823 897 3889; x_wconf 88' lang='lat' dir='ltr'>per</span> <span class='ocrx_word' id='word_1_274' title='bbox 953 3800 1147 3864; x_wconf 88' lang='lat' dir='ltr'>alium</span> <span class='ocrx_word' id='word_1_275' title='bbox 1206 3797 1425 3885; x_wconf 85' lang='lat' dir='ltr'>aliqua</span> <span class='ocrx_word' id='word_1_276' title='bbox 1482 3799 1859 3887; x_wconf 86' lang='lat' dir='ltr'>exceptione</span> <span class='ocrx_word' id='word_1_277' title='bbox 1915 3799 2021 3864; x_wconf 88' lang='lat' dir='ltr'>vel</span> <span class='ocrx_word' id='word_1_278' title='bbox 2077 3802 2481 3887; x_wconf 90' lang='lat' dir='ltr'>exemptione</span> <span class='ocrx_word' id='word_1_279' title='bbox 2536 3802 3020 3885; x_wconf 88' lang='lat' dir='ltr'>contravenire,</span> <span class='ocrx_word' id='word_1_280' title='bbox 3079 3802 3195 3867; x_wconf 91' lang='lat' dir='ltr'>sed</span> <span class='ocrx_word' id='word_1_281' title='bbox 3245 3800 3613 3867; x_wconf 88' lang='lat' dir='ltr'>huiusmodi</span> 
     </span>
    </p>

    <p class='ocr_par' dir='ltr' id='par_1_11' title="bbox 696 3897 3614 4286">
     <span class='ocr_line' id='line_1_31' title="bbox 696 3897 3613 3987; baseline -0.001 -19"><span class='ocrx_word' id='word_1_282' title='bbox 696 3913 764 3968; x_wconf 89' lang='grc'>30</span> <span class='ocrx_word' id='word_1_283' title='bbox 782 3924 966 3967; x_wconf 91' lang='lat' dir='ltr'>suum</span> <span class='ocrx_word' id='word_1_284' title='bbox 1011 3899 1399 3986; x_wconf 89' lang='lat' dir='ltr'>promissum</span> <span class='ocrx_word' id='word_1_285' title='bbox 1438 3897 1711 3963; x_wconf 89' lang='lat' dir='ltr'>fideliter</span> <span class='ocrx_word' id='word_1_286' title='bbox 1756 3897 2127 3986; x_wconf 88' lang='lat' dir='ltr'>adimplere.</span> <span class='ocrx_word' id='word_1_287' title='bbox 2217 3898 2351 3964; x_wconf 88' lang='lat' dir='ltr'>Sub</span> <span class='ocrx_word' id='word_1_288' title='bbox 2407 3921 2622 3987; x_wconf 89' lang='lat' dir='ltr'>poena</span> <span class='ocrx_word' id='word_1_289' title='bbox 2662 3901 2935 3986; x_wconf 88' lang='lat' dir='ltr'>periurii</span> <span class='ocrx_word' id='word_1_290' title='bbox 2976 3910 3089 3966; x_wconf 89' lang='lat' dir='ltr'>aut</span> <span class='ocrx_word' id='word_1_291' title='bbox 3127 3924 3169 3966; x_wconf 88' lang='lat' dir='ltr'>a</span> <span class='ocrx_word' id='word_1_292' title='bbox 3208 3909 3433 3966; x_wconf 89' lang='lat' dir='ltr'>nostra</span> <span class='ocrx_word' id='word_1_293' title='bbox 3477 3902 3613 3965; x_wconf 89' lang='lat' dir='ltr'>uni·</span> 
     </span>
     <span class='ocr_line' id='line_1_32' title="bbox 777 3998 3614 4087; baseline -0 -22"><span class='ocrx_word' id='word_1_294' title='bbox 777 4002 1083 4066; x_wconf 87' lang='lat' dir='ltr'>versitate</span> <span class='ocrx_word' id='word_1_295' title='bbox 1134 3998 1543 4064; x_wconf 89' lang='lat' dir='ltr'>exclusionis.</span> <span class='ocrx_word' id='word_1_296' title='bbox 1625 3999 1701 4063; x_wconf 90' lang='lat' dir='ltr'>In</span> <span class='ocrx_word' id='word_1_297' title='bbox 1758 4000 1941 4066; x_wconf 90' lang='lat' dir='ltr'>cuius</span> <span class='ocrx_word' id='word_1_298' title='bbox 1998 4000 2097 4063; x_wconf 88' lang='lat' dir='ltr'>rei</span> <span class='ocrx_word' id='word_1_299' title='bbox 2150 4000 2616 4081; x_wconf 88' lang='lat' dir='ltr'>testimonium,</span> <span class='ocrx_word' id='word_1_300' title='bbox 2685 3998 2771 4063; x_wconf 88' lang='lat' dir='ltr'>ad</span> <span class='ocrx_word' id='word_1_301' title='bbox 2843 4001 3228 4087; x_wconf 88' lang='lat' dir='ltr'>peticionem</span> <span class='ocrx_word' id='word_1_302' title='bbox 3280 4001 3614 4087; x_wconf 88' lang='lat' dir='ltr'>utriusque</span> 
     </span>
     <span class='ocr_line' id='line_1_33' title="bbox 779 4097 3613 4189; baseline -0.001 -23"><span class='ocrx_word' id='word_1_303' title='bbox 779 4102 983 4189; x_wconf 88' lang='lat' dir='ltr'>partis</span> <span class='ocrx_word' id='word_1_304' title='bbox 1020 4106 1606 4186; x_wconf 89' lang='lat' dir='ltr'>praememoratae,</span> <span class='ocrx_word' id='word_1_305' title='bbox 1666 4099 1871 4164; x_wconf 90' lang='lat' dir='ltr'>nostri</span> <span class='ocrx_word' id='word_1_306' title='bbox 1926 4107 2288 4164; x_wconf 88' lang='lat' dir='ltr'>rectoratus</span> <span class='ocrx_word' id='word_1_307' title='bbox 2339 4097 2625 4185; x_wconf 88' lang='lat' dir='ltr'>sigillum</span> <span class='ocrx_word' id='word_1_308' title='bbox 2666 4101 2996 4185; x_wconf 89' lang='lat' dir='ltr'>praesenti</span> <span class='ocrx_word' id='word_1_309' title='bbox 3035 4101 3465 4187; x_wconf 89' lang='lat' dir='ltr'>recognitioni</span> <span class='ocrx_word' id='word_1_310' title='bbox 3502 4123 3613 4165; x_wconf 90' lang='lat' dir='ltr'>no-</span> 
     </span>
     <span class='ocr_line' id='line_1_34' title="bbox 779 4197 2259 4286; baseline -0.002 -21"><span class='ocrx_word' id='word_1_311' title='bbox 779 4210 952 4266; x_wconf 89' lang='lat' dir='ltr'>strae</span> <span class='ocrx_word' id='word_1_312' title='bbox 995 4197 1583 4286; x_wconf 86' lang='lat' dir='ltr'>subimpressimus.</span> <span class='ocrx_word' id='word_1_313' title='bbox 1665 4197 1884 4263; x_wconf 89' lang='lat' dir='ltr'>Datae</span> <span class='ocrx_word' id='word_1_314' title='bbox 1925 4219 2096 4263; x_wconf 91' lang='lat' dir='ltr'>anno</span> <span class='ocrx_word' id='word_1_315' title='bbox 2141 4206 2259 4262; x_wconf 89' lang='lat' dir='ltr'>etc.</span> 
     </span>
    </p>
   </div>
   <div class='ocr_carea' id='block_1_6' title="bbox 995 4412 3387 4503">
    <p class='ocr_par' dir='ltr' id='par_1_12' title="bbox 995 4412 3387 4503">
     <span class='ocr_line' id='line_1_35' title="bbox 995 4412 3387 4503; baseline -0.001 -19"><span class='ocrx_word' id='word_1_316' title='bbox 995 4422 1095 4484; x_wconf 88' lang='grc'>91.</span> <span class='ocrx_word' id='word_1_317' title='bbox 1140 4412 1261 4503; x_wconf 90' lang='lat' dir='ltr'>[Bl.</span> <span class='ocrx_word' id='word_1_318' title='bbox 1291 4412 1432 4502; x_wconf 71' lang='lat'>43¹¹]</span> <span class='ocrx_word' id='word_1_319' title='bbox 1491 4430 1695 4479; x_wconf 75' lang='lat' dir='ltr'>com</span> <span class='ocrx_word' id='word_1_320' title='bbox 1736 4417 2189 4480; x_wconf 55' lang='lat' dir='ltr'>armannum</span> <span class='ocrx_word' id='word_1_321' title='bbox 2229 4431 2798 4480; x_wconf 66' lang='lat' dir='ltr'>cnunsurmmu</span> <span class='ocrx_word' id='word_1_322' title='bbox 2835 4431 2930 4480; x_wconf 79' lang='lat' dir='ltr'>AD</span> <span class='ocrx_word' id='word_1_323' title='bbox 2974 4432 3387 4482; x_wconf 76' lang='lat' dir='ltr'>Erlscortm.</span> 
     </span>
    </p>
   </div>
   <div class='ocr_carea' id='block_1_7' title="bbox 695 4546 3681 5336">
    <p class='ocr_par' dir='ltr' id='par_1_13' title="bbox 695 4546 3681 5036">
     <span class='ocr_line' id='line_1_36' title="bbox 695 4546 3681 4637; baseline -0.002 -19"><span class='ocrx_word' id='word_1_324' title='bbox 695 4561 761 4618; x_wconf 86' lang='lat'>35</span> <span class='ocrx_word' id='word_1_325' title='bbox 942 4547 1320 4615; x_wconf 88' lang='lat' dir='ltr'>Reverende</span> <span class='ocrx_word' id='word_1_326' title='bbox 1364 4549 1432 4612; x_wconf 93' lang='lat' dir='ltr'>in</span> <span class='ocrx_word' id='word_1_327' title='bbox 1476 4546 1735 4614; x_wconf 87' lang='lat' dir='ltr'>Christo</span> <span class='ocrx_word' id='word_1_328' title='bbox 1783 4557 1971 4635; x_wconf 89' lang='lat' dir='ltr'>pater</span> <span class='ocrx_word' id='word_1_329' title='bbox 2025 4570 2105 4613; x_wconf 90' lang='lat' dir='ltr'>ac</span> <span class='ocrx_word' id='word_1_330' title='bbox 2144 4547 2399 4615; x_wconf 90' lang='lat' dir='ltr'>domine</span> <span class='ocrx_word' id='word_1_331' title='bbox 2439 4548 2755 4635; x_wconf 83' lang='lat' dir='ltr'>gratiose!</span> <span class='ocrx_word' id='word_1_332' title='bbox 2839 4548 2916 4612; x_wconf 93' lang='lat' dir='ltr'>In</span> <span class='ocrx_word' id='word_1_333' title='bbox 2954 4548 3430 4637; x_wconf 87' lang='lat' dir='ltr'>emergentibus</span> <span class='ocrx_word' id='word_1_334' title='bbox 3472 4550 3615 4633; x_wconf 88' lang='lat' dir='ltr'>qui·</span> <span class='ocrx_word' id='word_1_335' title='bbox 3674 4559 3681 4572; x_wconf 83' lang='grc'><em>“</em></span> 
     </span>
     <span class='ocr_line' id='line_1_37' title="bbox 777 4645 3613 4728; baseline -0.002 -11"><span class='ocrx_word' id='word_1_336' title='bbox 777 4650 1054 4717; x_wconf 89' lang='lat' dir='ltr'>busdam</span> <span class='ocrx_word' id='word_1_337' title='bbox 1113 4647 1336 4713; x_wconf 87' lang='lat' dir='ltr'>arduis</span> <span class='ocrx_word' id='word_1_338' title='bbox 1392 4649 1604 4712; x_wconf 89' lang='lat' dir='ltr'>causis</span> <span class='ocrx_word' id='word_1_339' title='bbox 1659 4659 1921 4713; x_wconf 87' lang='lat' dir='ltr'>nostrae</span> <span class='ocrx_word' id='word_1_340' title='bbox 1977 4649 2417 4713; x_wconf 89' lang='lat' dir='ltr'>universitatis</span> <span class='ocrx_word' id='word_1_341' title='bbox 2470 4647 2604 4728; x_wconf 92' lang='lat' dir='ltr'>(vel</span> <span class='ocrx_word' id='word_1_342' title='bbox 2644 4645 3001 4728; x_wconf 84' lang='lat' dir='ltr'>facultatis)</span> <span class='ocrx_word' id='word_1_343' title='bbox 3050 4659 3286 4714; x_wconf 89' lang='lat' dir='ltr'>statum</span> <span class='ocrx_word' id='word_1_344' title='bbox 3328 4656 3474 4726; x_wconf 86' lang='lat' dir='ltr'>(seu</span> <span class='ocrx_word' id='word_1_345' title='bbox 3518 4649 3613 4711; x_wconf 88' lang='lat' dir='ltr'>in-</span> 
     </span>
     <span class='ocr_line' id='line_1_38' title="bbox 780 4745 3613 4836; baseline -0.001 -20"><span class='ocrx_word' id='word_1_346' title='bbox 780 4746 1198 4836; x_wconf 87' lang='lat' dir='ltr'>crementum)</span> <span class='ocrx_word' id='word_1_347' title='bbox 1240 4746 1737 4834; x_wconf 90' lang='lat' dir='ltr'>respicientibus</span> <span class='ocrx_word' id='word_1_348' title='bbox 1781 4745 2141 4813; x_wconf 88' lang='lat' dir='ltr'>honorabili</span> <span class='ocrx_word' id='word_1_349' title='bbox 2181 4749 2323 4812; x_wconf 88' lang='lat' dir='ltr'>viro</span> <span class='ocrx_word' id='word_1_350' title='bbox 2362 4748 2453 4813; x_wconf 91' lang='lat' dir='ltr'>.N.</span> <span class='ocrx_word' id='word_1_351' title='bbox 2478 4797 2496 4831; x_wconf 89' lang='lat'>,</span> <span class='ocrx_word' id='word_1_352' title='bbox 2541 4748 2780 4812; x_wconf 88' lang='lat' dir='ltr'>artium</span> <span class='ocrx_word' id='word_1_353' title='bbox 2818 4750 3166 4835; x_wconf 87' lang='lat' dir='ltr'>magistro,</span> <span class='ocrx_word' id='word_1_354' title='bbox 3223 4748 3470 4835; x_wconf 90' lang='lat' dir='ltr'>aliquot</span> <span class='ocrx_word' id='word_1_355' title='bbox 3510 4770 3613 4813; x_wconf 84' lang='lat' dir='ltr'>ar·</span> 
     </span>
     <span class='ocr_line' id='line_1_39' title="bbox 781 4846 3614 4934; baseline -0.001 -18"><span class='ocrx_word' id='word_1_356' title='bbox 781 4850 1013 4916; x_wconf 91' lang='lat' dir='ltr'>ticulos</span> <span class='ocrx_word' id='word_1_357' title='bbox 1051 4847 1449 4913; x_wconf 85' lang='lat' dir='ltr'>reverendae</span> <span class='ocrx_word' id='word_1_358' title='bbox 1488 4848 1861 4934; x_wconf 83' lang='lat' dir='ltr'>paternitati</span> <span class='ocrx_word' id='word_1_359' title='bbox 1901 4856 2159 4912; x_wconf 89' lang='lat' dir='ltr'>vestrae</span> <span class='ocrx_word' id='word_1_360' title='bbox 2200 4846 2570 4913; x_wconf 89' lang='lat' dir='ltr'>referendos</span> <span class='ocrx_word' id='word_1_361' title='bbox 2615 4848 3048 4914; x_wconf 86' lang='lat' dir='ltr'>commisimus</span> <span class='ocrx_word' id='word_1_362' title='bbox 3066 4897 3085 4932; x_wconf 93' lang='lat'>,</span> <span class='ocrx_word' id='word_1_363' title='bbox 3144 4850 3245 4914; x_wconf 87' lang='lat' dir='ltr'>cui</span> <span class='ocrx_word' id='word_1_364' title='bbox 3303 4847 3390 4913; x_wconf 89' lang='lat' dir='ltr'>ad</span> <span class='ocrx_word' id='word_1_365' title='bbox 3429 4870 3614 4933; x_wconf 82' lang='lat' dir='ltr'>prae·</span> 
     </span>
     <span class='ocr_line' id='line_1_40' title="bbox 785 4945 3615 5036; baseline -0.001 -22"><span class='ocrx_word' id='word_1_366' title='bbox 785 4972 930 5015; x_wconf 88' lang='lat' dir='ltr'>sens</span> <span class='ocrx_word' id='word_1_367' title='bbox 972 4959 1297 5035; x_wconf 89' lang='lat' dir='ltr'>tamquam</span> <span class='ocrx_word' id='word_1_368' title='bbox 1341 4949 1407 5012; x_wconf 89' lang='lat' dir='ltr'>in</span> <span class='ocrx_word' id='word_1_369' title='bbox 1436 4947 1561 5012; x_wconf 90' lang='lat' dir='ltr'>hiis</span> <span class='ocrx_word' id='word_1_370' title='bbox 1591 4945 1677 5012; x_wconf 89' lang='lat' dir='ltr'>ad</span> <span class='ocrx_word' id='word_1_371' title='bbox 1703 4946 1965 5035; x_wconf 88' lang='lat' dir='ltr'>plenum</span> <span class='ocrx_word' id='word_1_372' title='bbox 1993 4948 2339 5013; x_wconf 88' lang='lat' dir='ltr'>informato</span> <span class='ocrx_word' id='word_1_373' title='bbox 2367 4946 2560 5011; x_wconf 89' lang='lat' dir='ltr'>fidem</span> <span class='ocrx_word' id='word_1_374' title='bbox 2592 4946 2888 5013; x_wconf 90' lang='lat' dir='ltr'>adhiberi</span> <span class='ocrx_word' id='word_1_375' title='bbox 2915 4949 3193 5036; x_wconf 88' lang='lat' dir='ltr'>petimus</span> <span class='ocrx_word' id='word_1_376' title='bbox 3233 4947 3615 5013; x_wconf 83' lang='lat' dir='ltr'>creditivam</span> 
     </span>
    </p>

    <p class='ocr_par' dir='ltr' id='par_1_14' title="bbox 701 5046 3616 5336">
     <span class='ocr_line' id='line_1_41' title="bbox 701 5046 3616 5135; baseline -0.001 -20"><span class='ocrx_word' id='word_1_377' title='bbox 701 5060 768 5115; x_wconf 87' lang='lat'>40</span> <span class='ocrx_word' id='word_1_378' title='bbox 787 5072 864 5113; x_wconf 91' lang='lat' dir='ltr'>ac</span> <span class='ocrx_word' id='word_1_379' title='bbox 920 5049 975 5112; x_wconf 92' lang='lat' dir='ltr'>si</span> <span class='ocrx_word' id='word_1_380' title='bbox 1023 5070 1141 5112; x_wconf 89' lang='lat' dir='ltr'>nos</span> <span class='ocrx_word' id='word_1_381' title='bbox 1197 5069 1419 5114; x_wconf 85' lang='lat' dir='ltr'>omnes</span> <span class='ocrx_word' id='word_1_382' title='bbox 1477 5068 1694 5112; x_wconf 89' lang='lat' dir='ltr'>coram</span> <span class='ocrx_word' id='word_1_383' title='bbox 1733 5046 2131 5112; x_wconf 87' lang='lat' dir='ltr'>reverendae</span> <span class='ocrx_word' id='word_1_384' title='bbox 2175 5048 2549 5133; x_wconf 89' lang='lat' dir='ltr'>paternitati</span> <span class='ocrx_word' id='word_1_385' title='bbox 2590 5058 2847 5112; x_wconf 89' lang='lat' dir='ltr'>vestrae</span> <span class='ocrx_word' id='word_1_386' title='bbox 2891 5048 3149 5113; x_wconf 91' lang='lat' dir='ltr'>eosdem</span> <span class='ocrx_word' id='word_1_387' title='bbox 3188 5047 3616 5135; x_wconf 85' lang='lat' dir='ltr'>personaliter</span> 
     </span>
     <span class='ocr_line' id='line_1_42' title="bbox 783 5146 3613 5234; baseline 0 -22"><span class='ocrx_word' id='word_1_388' title='bbox 783 5169 1259 5212; x_wconf 87' lang='lat' dir='ltr'>recenseremus</span> <span class='ocrx_word' id='word_1_389' title='bbox 1269 5196 1289 5230; x_wconf 92' lang='lat'>,</span> <span class='ocrx_word' id='word_1_390' title='bbox 1343 5147 1751 5211; x_wconf 85' lang='lat' dir='ltr'>affectuosius</span> <span class='ocrx_word' id='word_1_391' title='bbox 1809 5156 2113 5232; x_wconf 87' lang='lat' dir='ltr'>rogantes</span> <span class='ocrx_word' id='word_1_392' title='bbox 2131 5195 2149 5229; x_wconf 89' lang='lat'>,</span> <span class='ocrx_word' id='word_1_393' title='bbox 2204 5146 2564 5211; x_wconf 89' lang='lat' dir='ltr'>reverenda</span> <span class='ocrx_word' id='word_1_394' title='bbox 2623 5158 2753 5234; x_wconf 88' lang='lat' dir='ltr'>pat.</span> <span class='ocrx_word' id='word_1_395' title='bbox 2800 5172 2858 5213; x_wconf 87' lang='lat' dir='ltr'>v.</span> <span class='ocrx_word' id='word_1_396' title='bbox 2898 5147 3086 5213; x_wconf 88' lang='lat' dir='ltr'>nobis</span> <span class='ocrx_word' id='word_1_397' title='bbox 3128 5170 3208 5212; x_wconf 90' lang='lat' dir='ltr'>ac</span> <span class='ocrx_word' id='word_1_398' title='bbox 3248 5147 3461 5212; x_wconf 89' lang='lat' dir='ltr'>dictae</span> <span class='ocrx_word' id='word_1_399' title='bbox 3502 5168 3613 5212; x_wconf 92' lang='lat' dir='ltr'>no·</span> 
     </span>
     <span class='ocr_line' id='line_1_43' title="bbox 791 5243 3614 5336; baseline -0.001 -24"><span class='ocrx_word' id='word_1_400' title='bbox 791 5258 965 5313; x_wconf 85' lang='lat' dir='ltr'>strae</span> <span class='ocrx_word' id='word_1_401' title='bbox 1003 5248 1404 5312; x_wconf 88' lang='lat' dir='ltr'>universitati</span> <span class='ocrx_word' id='word_1_402' title='bbox 1450 5243 1581 5332; x_wconf 88' lang='lat' dir='ltr'>(vel</span> <span class='ocrx_word' id='word_1_403' title='bbox 1623 5244 1942 5331; x_wconf 86' lang='lat' dir='ltr'>facultati)</span> <span class='ocrx_word' id='word_1_404' title='bbox 1987 5246 2069 5310; x_wconf 90' lang='lat' dir='ltr'>de</span> <span class='ocrx_word' id='word_1_405' title='bbox 2113 5256 2175 5310; x_wconf 89' lang='lat' dir='ltr'>et</span> <span class='ocrx_word' id='word_1_406' title='bbox 2200 5268 2396 5331; x_wconf 87' lang='lat' dir='ltr'>super</span> <span class='ocrx_word' id='word_1_407' title='bbox 2426 5245 2796 5313; x_wconf 88' lang='lat' dir='ltr'>huiusmodi</span> <span class='ocrx_word' id='word_1_408' title='bbox 2824 5251 3081 5336; x_wconf 88' lang='lat' dir='ltr'>punctis</span> <span class='ocrx_word' id='word_1_409' title='bbox 3107 5249 3270 5326; x_wconf 87' lang='lat' dir='ltr'>(sive</span> <span class='ocrx_word' id='word_1_410' title='bbox 3301 5245 3614 5324; x_wconf 86' lang='lat' dir='ltr'>articulis)</span> 
     </span>
    </p>
   </div>
   <div class='ocr_carea' id='block_1_8' title="bbox 4002 1 4008 2334">
    <p class='ocr_par' dir='ltr' id='par_1_15' title="bbox 4002 1 4008 2334">
     <span class='ocr_line' id='line_1_44' title="bbox 4002 1 4008 2334; baseline 0 0"><span class='ocrx_word' id='word_1_411' title='bbox 4002 1 4008 2334; x_wconf 95' lang='lat' dir='ltr'> </span> 
     </span>
    </p>
   </div>
   <div class='ocr_carea' id='block_1_9' title="bbox 4003 4210 4007 4857">
    <p class='ocr_par' dir='ltr' id='par_1_16' title="bbox 4003 4210 4007 4857">
     <span class='ocr_line' id='line_1_45' title="bbox 4003 4210 4007 4857; baseline 0 0"><span class='ocrx_word' id='word_1_412' title='bbox 4003 4210 4007 4857; x_wconf 95' lang='lat' dir='ltr'> </span> 
     </span>
    </p>
   </div>
   <div class='ocr_carea' id='block_1_10' title="bbox 4004 5190 4006 5827">
    <p class='ocr_par' dir='ltr' id='par_1_17' title="bbox 4004 5190 4006 5827">
     <span class='ocr_line' id='line_1_46' title="bbox 4004 5190 4006 5827; baseline 0 0"><span class='ocrx_word' id='word_1_413' title='bbox 4004 5190 4006 5827; x_wconf 95' lang='lat' dir='ltr'> </span> 
     </span>
    </p>
   </div>
   <div class='ocr_carea' id='block_1_11' title="bbox 4003 5190 4007 6019">
    <p class='ocr_par' dir='ltr' id='par_1_18' title="bbox 4003 5190 4007 6019">
     <span class='ocr_line' id='line_1_47' title="bbox 4003 5190 4007 6019; baseline 0 0"><span class='ocrx_word' id='word_1_414' title='bbox 4003 5190 4007 6019; x_wconf 95' lang='lat' dir='ltr'> </span> 
     </span>
    </p>
   </div>
  </div>
 </body>
</html>
