4038 6358
1219 684 1484 741 Entwiirfe
1515 703 1612 740 aus
1647 691 1750 741 den
1785 684 1992 744 Jahren
2033 689 2378 745 1443—1446.
3114 691 3237 758 869

256 873 548 931 certam
639 867 986 936 cedulam
1034 869 1457 938 articulorum
1513 879 1838 939 certorum
1889 880 2278 942 statutorum
2291 922 2311 957 ,
2364 872 2559 941 nobis
2612 895 2734 961 pro
2784 883 2975 961 parte
3013 857 3235 941 vestra

258 987 398 1053 per
449 963 862 1034 decanum
902 968 1111 1035 sancti
1153 969 1327 1038 Sixti
1363 969 1926 1058 Merseburgensis
1968 982 2531 1060 praesentaturum
2549 1022 2568 1057 ,
2624 982 2876 1040 mature
2922 973 3233 1040 consultis

262 1063 630 1152 pluribus
717 1067 1116 1137 doctoribus
1196 1069 1411 1136 dictae
1496 1069 1707 1138 almae
1785 1071 2232 1138 universitatis
2304 1072 2385 1138 de
2457 1072 2730 1159 singulis
2793 1072 3231 1152 facultatibus,

259 1166 885 1254 masticavimus,
941 1179 1006 1236 et
1058 1169 1249 1236 dictis
1304 1169 1582 1238 dominis
1636 1169 2008 1238 doctoribus
2066 1181 2131 1236 et
2180 1171 2369 1237 nobis
2418 1171 2784 1260 apparebat
2840 1171 3231 1238 sufficienter

267 1269 678 1354 provisum
735 1269 832 1335 de
853 1271 1210 1336 remotione
1231 1271 1396 1336 tanti
1434 1269 1752 1358 impulsus
1792 1271 1877 1336 ad
1922 1270 2170 1358 gradus
2211 1281 2329 1337 etc.
2373 1294 2492 1358 per
2534 1272 2751 1359 pri-ma
2787 1274 2917 1337 tria
2959 1280 3220 1354 statuta,
3282 1281 3315 1335 5

269 1368 736 1454 provisione
787 1368 1098 1436 videlicet
1137 1379 1202 1435 et
1243 1368 1551 1436 electione
1596 1367 1826 1438 decani
1846 1393 1927 1437 ac
1956 1369 2268 1438 electione
2291 1373 2813 1438 examinatorum
2840 1393 2958 1458 per
2990 1381 3231 1437 sortem

278 1477 350 1530 et
393 1489 664 1554 pauca
719 1468 866 1535 alia
910 1469 1281 1559 sequentia,
1337 1468 1638 1559 quodque
1679 1470 1868 1537 nobis
1911 1479 1984 1552 et⁴
2016 1473 2179 1558 ipsis
2220 1468 2597 1538 doctoribus
2642 1471 2837 1536 certis
2882 1470 2964 1536 de
3018 1471 3231 1536 causis

282 1575 354 1632 et
447 1568 782 1634 motivis
846 1569 1195 1635 videbatur
1245 1578 1310 1636 et
1373 1567 1664 1654 videtur,
1741 1570 1970 1636 ultima
2043 1569 2168 1636 duo
2245 1579 2524 1655 statuta,
2602 1571 2673 1634 in
2741 1569 2917 1634 dicta
3002 1566 3233 1636 cedula

286 1677 684 1754 contenta,
758 1669 1038 1736 omnino-
1061 1667 1381 1752 tollenda,
1441 1678 1507 1734 et
1563 1668 1738 1756 quod
1785 1671 1855 1734 in
1895 1667 2023 1735 hiis
2070 1668 2319 1736 duobus
2362 1671 2621 1736 statutis
2662 1677 2960 1736 teneatur
3000 1667 3232 1735 modus

293 1777 606 1835 actenus
665 1771 1085 1858 practicatus
1127 1778 1322 1858 atque
1363 1768 1696 1856 hucusque
1739 1767 2215 1835 rationabiliter
2257 1771 2689 1854 continuatus,
2728 1791 2941 1857 quous
2951 1790 3074 1858 que
3103 1789 3223 1855 per
3248 1775 3316 1834 10

293 1879 636 1934 vestram
689 1868 1074 1935 facultatem
1119 1869 1202 1934 de
1245 1876 1426 1934 certa
1468 1869 1752 1936 sciencia
1792 1877 2017 1933 nostra
2057 1890 2172 1933 seu
2212 1869 2446 1955 quibus
2488 1869 2862 1937 huiusmodi
2890 1870 3233 1955 negocium

302 1969 775 2035 committere
812 1968 1239 2052 decrevimus,
1292 1966 1481 2033 aliter
1521 1967 1718 2033 fuerit
1771 1967 2129 2056 provisum.
2168 1968 2307 2034 Nec
2347 1967 2643 2036 volumus
2664 2019 2683 2054 ,
2736 1969 2941 2036 variis
2986 1966 3073 2033 ad
3110 1965 3234 2032 hoc

305 2067 670 2134 adhibitis
721 2067 1137 2157 respectibus
1153 2117 1171 2150 ,
1233 2065 1420 2132 aliter
1461 2089 1757 2154 pronunc
1794 2066 1940 2132 fieri
1990 2065 2229 2132 debere
2273 2069 2731 2156 quovismod03
2791 2079 2855 2136 et
2872 2119 2891 2154 ,
2958 2068 3015 2134 si
3076 2063 3232 2155 quid

313 2168 670 2234 contrarii
725 2168 922 2234 fuerit
960 2176 1432 2255 attemptatum,
1475 2167 1650 2254 quod
1692 2158 1884 2250 absit,
1930 2165 2306 2232 curabimus
2347 2166 2575 2234 videre
2615 2169 2697 2235 de
2737 2167 2932 2236 modo
2972 2187 3227 2254 compe-

313 2267 567 2332 scendi
630 2278 1185 2355 txansgressores.
1267 2265 1461 2334 Unde
1515 2265 1889 2333 affectamus
1951 2274 2016 2331 et
2071 2283 2382 2352 rogamus
2426 2269 2745 2335 attencius
2800 2291 2879 2334 ac
2923 2268 3231 2333 seriosius
3251 2273 3312 2330 15

323 2363 852 2451 desideramus,
917 2375 1232 2453 quatenus
1281 2388 1404 2454 pro
1458 2386 1622 2453 pace
1661 2373 1728 2430 et
1765 2364 2234 2450 tranquillitate
2274 2367 2489 2434 dictae
2532 2367 2743 2433 almae
2784 2366 3228 2433 universitatis

321 2487 452 2530 vos
517 2467 769 2533 velitis
826 2468 896 2532 in
951 2465 1076 2532 hac
1133 2475 1320 2553 parte
1374 2465 1893 2532 condescendere
1952 2485 2033 2529 ac
2083 2465 2273 2532 nobis
2330 2468 2623 2554 ipsisque
2667 2466 3039 2533 doctoribus
3084 2487 3229 2532 esse

332 2565 761 2651 conformes,
802 2565 873 2632 in
915 2589 991 2633 eo
1031 2566 1236 2633 nobis
1277 2565 1822 2654 complacenciam
1863 2563 2264 2632 exhibentes.
2327 2565 2575 2632 Datum
2601 2565 2799 2632 Mers.
2840 2566 3006 2633 feria
3042 2574 3231 2634 sexta

331 2674 496 2751 post
539 2665 945 2854 Νζοῗωθᾱὶε
984 2673 1210 2734 nostro
1255 2665 1376 2734 sub
1418 2664 1654 2753 sigillo.
1735 2663 1927 2732 Anno
1971 2673 2092 2731 etc.
2148 2664 2271 2732 XL
2316 2666 2539 2756 quinto
2584 2671 2777 2747 (1445
2819 2669 3075 2749 Freitaq
3116 2671 3229 2730 den

336 2768 395 2828 4.
438 2768 610 2828 Jum·
649 2814 671 2832 .
3244 2771 3315 2830 20

607 2863 1124 2932 venerabilibus
1165 2865 1324 2931 viris
1339 2916 1358 2951 ,
1411 2862 1656 2932 decano
1701 2875 1764 2932 et
1807 2867 2137 2954 magistris
2178 2865 2507 2934 facultatis
2550 2867 2800 2933 arcium
2839 2864 3050 2934 almae
3091 2865 3229 2931 uni-

428 2965 786 3032 versitatis
831 2963 1028 3033 studii
1069 2963 1463 3054 Liptzensis,
1509 2965 1740 3032 amicis
1781 2968 2022 3032 nostris
2068 2967 2406 3033 sinceriter
2451 2963 2727 3033 dilectis.
2780 3025 2787 3031 .

1149 3105 1209 3168 3.
1246 3099 1537 3165 Forma
1577 3097 1882 3166 literae
1923 3099 2445 3170 credenciae.

520 3214 1104 3285 Reverendissimo
1145 3217 1216 3283 in
1260 3216 1520 3285 Christo
1571 3216 1746 3304 patri
1787 3238 1868 3283 ac
1909 3216 2202 3301 domino,
2258 3216 2519 3289 domino
2560 3216 2836 3285 Iohanni
2854 3264 2874 3300 ‚
2916 3220 3227 3307 episcopo

353 3310 915 3403 Merseburgensi,
959 3313 1169 3383 almae
1211 3316 1655 3383 universitatis
1698 3315 1894 3383 studii
1931 3315 2308 3406 Liptzensis
2351 3316 2737 3385 cancellario
2780 3318 2992 3400 unico,
3036 3318 3225 3384 deca·
3242 3326 3309 3385 26

355 3434 478 3479 nus
519 3423 798 3503 totaque
836 3416 1113 3507 facultas
1155 3415 1352 3483 studii
1395 3414 1716 3503 praedicti
1760 3419 2206 3482 reverenciam
2249 3426 2315 3482 et
2362 3416 2811 3510 obedienciam
2866 3419 3219 3485 orationes—

359 3532 482 3598 que
523 3514 824 3581 devotas.
903 3512 1463 3584 Reverendissime
1517 3525 1705 3602 pater
1745 3537 1826 3582 ac
1867 3515 2129 3583 domine
2170 3517 2499 3601 graciose!
2564 3516 2732 3585 Cum
2780 3538 2900 3604 pro
2958 3517 3219 3603 quibus-

361 3610 514 3679 dam
553 3616 854 3702 negociis
895 3614 1206 3681 honorem
1264 3625 1330 3682 et
1381 3614 1624 3683 bonum
1680 3614 2008 3681 facultatis
2062 3626 2325 3682 nostrae
2362 3615 2897 3686 concernentibus
2940 3617 3026 3683 ad
3068 3639 3121 3684 e.
3162 3640 3223 3704 p.

363 3734 421 3777 v.
463 3737 560 3780 rv.
605 3716 1109 3782 transmittimus
1149 3714 1562 3783 honorabiles
1601 3724 1667 3781 et
1705 3716 2214 3802 circumspectos
2256 3716 2437 3781 viros
2451 3764 2471 3799 ,
2516 3715 2809 3783 dominos
2826 3714 3221 3785 stanislaum

365 3811 444 3877 de
481 3814 694 3883 Auris
735 3824 802 3881 et
841 3814 1194 3883 Iohannem
1236 3814 1441 3899 Wise,
1484 3813 1860 3902 praedictae
1899 3826 2167 3883 nostrae
2206 3814 2537 3884 facultatis
2577 3817 2925 3902 magistros
2968 3838 3223 3883 sacrae-
3239 3824 3309 3883 m

367 3932 488 3997 que
527 3914 898 4001 theologiae
948 3914 1358 3983 baccalarios
1369 3963 1389 3998 ,
1446 3914 1722 4001 ideoque
1762 3915 2116 3998 instancia,
2165 3937 2297 4002 qua
2334 3936 2679 4001 possumus
2695 3964 2715 3998 ‚
2760 3914 3227 4003 supplicamus,

372 4022 692 4098 quatenus
733 4014 981 4083 eisdem
1021 4016 1109 4097 ad
1145 4036 1458 4103 praesens
1506 4012 1769 4101 plenam
1813 4012 1896 4079 de
1939 4013 2384 4103 proponendis
2424 4013 2618 4079 fidem
2661 4013 2975 4083 adhibere
3011 4014 3229 4083 velitis

374 4111 754 4181 creditivam
815 4115 1107 4204 ipsisque
1161 4124 1298 4183 tam
1351 4114 1724 4200 graciosum
1777 4134 1971 4199 quam
2030 4123 2320 4201 optatum
2378 4113 2536 4180 dare
2596 4136 2983 4202 responsum
3036 4113 3227 4181 nobis

373 4212 776 4281 referendum
791 4263 809 4299 ,
868 4238 988 4303 pro
1033 4237 1159 4303 quo
1219 4214 1434 4283 dictae
1471 4221 1732 4281 vestrae
1774 4213 2151 4299 paternitati
2188 4212 2625 4301 obligabimur
2678 4213 3004 4301 obsequiis
3046 4214 3224 4285 inde·

376 4310 572 4379 fessis.
633 4314 710 4379 In
755 4314 936 4381 cuius
979 4315 1488 4401 recognitionem
1531 4311 1876 4380 clariorem
1913 4322 2179 4381 nostrae
2216 4312 2545 4381 facultatis
2588 4312 2877 4401 sigillum
2914 4336 3221 4401 praesen·
3236 4322 3305 4385 35

375 4408 539 4479 tibus
595 4412 899 4483 duximus
942 4412 1461 4501 imprimendum.
1563 4410 1700 4480 Sub
1765 4434 1936 4479 anno
1985 4413 2234 4479 domini
2270 4412 2485 4482 mille⁰
2530 4412 2863 4499 ccccxlv0,
2918 4414 3027 4481 die
3065 4436 3223 4483 vero

381 4510 713 4582 undecima
749 4514 990 4581 mensis
1030 4513 1201 4581 Iunii
1243 4509 1437 4603 (1445
1479 4516 1537 4577 d.
1581 4518 1679 4578 11.
1713 4512 1911 4595 June).

531 4647 858 4715 Dominus
901 4647 1245 4735 episcopus
1301 4644 1684 4711 duodecima
1720 4644 1961 4710 mensis
2005 4644 2175 4711 Iunii
2216 4654 2475 4731 gratum
2518 4644 2699 4712 dedit
2732 4666 3115 4733 responsum
3153 4645 3223 4710 in

387 4754 583 4814 castro
607 4748 860 4815 Lutzen
888 4746 1245 4835 praedictis
1289 4744 1541 4812 duobus
1580 4744 1933 4830 magistris,
1976 4742 2151 4830 quod
2188 4766 2307 4830 pro
2355 4746 2686 4831 praesenti
2728 4743 3058 4812 tolleraret
3096 4744 3223 4811 hoc

389 4854 678 4914 statutum
695 4897 714 4931 ,
773 4848 869 4913 sic
921 4856 1141 4912 tamen
1197 4845 1370 4935 quod
1423 4867 1508 4911 ex
1562 4853 1713 4931 post
1751 4866 1870 4932 per
1908 4842 2283 4909 facultatem
2322 4842 2580 4932 absque
2609 4866 2831 4911 morae
2873 4842 3218 4933 dispendio
3235 4854 3303 4910 40

388 4942 460 5010 de
498 4958 676 5014 certa
718 4948 1002 5013 sciencia
1047 4969 1164 5013 sua
1202 4968 1325 5035 pro
1367 4945 1763 5013 incremento
1804 4944 2247 5009 universitatis
2291 4942 2478 5009 aliter
2519 4944 2998 5031 provideretur.
3019 4945 3046 4987 ²

532 5139 558 5190 1
604 5130 754 5189 Oder.
784 5130 1014 5201 Freitag
1059 5129 1168 5185 den
1222 5132 1302 5185 17.
1335 5124 1662 5198 September
1676 5125 1708 5181 ⁴?
1759 5123 1912 5181 Aber
1959 5124 2075 5196 vgl.
2125 5123 2228 5181 das
2260 5124 2473 5181 Datum
2506 5125 2605 5183 des
2650 5125 2951 5198 folgenden
2982 5123 3217 5183 Briefes.

533 5223 566 5275 2
586 5217 771 5275 -Diese
803 5214 1125 5286 Ena‘hlung
1171 5212 1248 5269 ist
1299 5228 1410 5267 von
1456 5210 1564 5267 Ios.
1597 5209 1799 5281 wyse,
1851 5208 1951 5264 der
1982 5209 2136 5265 einer
2168 5208 2267 5265 der
2300 5208 2637 5281 Deputirten
2665 5227 2781 5267 war
2819 5211 2937 5267 und
2968 5210 3093 5267 dem
3126 5210 3221 5267 die
3280 5240 3286 5248 ·

392 5312 544 5367 ganne
598 5299 961 5356 Handschrift
991 5298 1224 5371 gehiirte
1239 5337 1255 5367 ,
1300 5312 1402 5352 aus
1433 5294 1532 5353 der
1561 5293 1712 5351 diese
1745 5291 2177 5365 Mittheilungen
2225 5298 2433 5349 entnon
2468 5294 2607 5352 sind.
2676 5296 2735 5354 S.
2772 5295 2933 5353 oben.

505 5402 939 5441 sraoeurnfflnon
972 5404 1090 5441 mut
1123 5402 1272 5441 URIV.
1304 5399 1546 5438 murno.
2799 5389 2882 5453 24
