4038 6358
830 592 947 657 182
1958 585 2068 636 Dan
2102 599 2291 650 grosse
2330 585 2537 654 Colleg.

854 776 952 838 36.
992 789 1086 836 DE
1133 787 1365 836 Pomm
1404 785 1774 836 INTRANTIS
1816 783 2223 835 comAEenm
2264 786 2569 835 Amnum:
2612 783 2749 833 mm
2791 785 2928 832 PER
2968 785 3252 835 Portum
3298 781 3699 834 conmmn.

992 905 1071 970 In
1114 904 1575 992 praepositura
1615 902 1703 968 M.
1744 900 2078 968 Helmoldi
2120 901 2203 968 de
2245 900 2589 969 Soltwedel
2633 906 3010 980 (1423—24)
3059 900 3467 984 conclusum,
3535 896 3738 986 quod

825 1004 1040 1071 nullus
1082 1005 1279 1069 intret
1321 1003 1658 1089 collegium
1700 1002 1805 1067 vel
1848 1011 2041 1067 exeat
2084 1001 2213 1067 nisi
2269 1024 2388 1090 per
2430 1000 2688 1067 valvam
2744 1000 3003 1088 collegii
3051 999 3155 1066 vel
3207 1009 3483 1088 portam
3548 999 3738 1063 eius·

827 1105 995 1187 dem,
1043 1103 1163 1169 sub
1209 1126 1420 1193 poena
1460 1102 1853 1169 exclusionis
1893 1124 1934 1167 a
1974 1101 2248 1189 collegio
2291 1099 2398 1166 vel
2434 1099 2685 1185 floreni,
2726 1100 3148 1168 effectualiter
3190 1124 3310 1188 pro
3355 1105 3740 1167 structura

744 1216 776 1269 5
829 1204 1087 1290 collegii
1131 1202 1605 1269 convertendi.¹

1158 1374 1255 1438 37.
1300 1387 1395 1434 DE
1440 1383 1947 1433 mammemns
1990 1384 2136 1434 Non
2179 1384 2746 1456 meronucmqms
2787 1386 2861 1434 m
2900 1384 3326 1434 coLLEGmM.

988 1505 1152 1569 Item
1197 1502 1371 1592 quod
1412 1501 1629 1567 nullus
1685 1500 1772 1567 ad
1829 1500 2174 1586 collegium
2224 1501 2598 1568 introducat
2637 1502 2741 1567 vel
2799 1503 2868 1567 in
2909 1523 2985 1567 eo
3028 1502 3307 1589 recipiat
3365 1500 3457 1566 ad
3533 1522 3728 1564 com·

825 1603 1085 1674 modum
1141 1626 1325 1670 suum
1378 1604 1780 1668 meretricem
1840 1601 1945 1666 vel
1998 1609 2220 1666 actum
2271 1623 2620 1667 venereum
2675 1601 2840 1668 inibi
2897 1611 3230 1685 exerceat,
3289 1600 3411 1666 sub
3481 1622 3731 1687 poena

827 1713 1181 1792 perpetuae
1231 1702 1626 1780 exclusionis
1669 1724 1710 1767 a
1751 1700 2024 1788 collegio
2067 1700 2171 1767 vel
2228 1700 2506 1767 duarum
2562 1724 3040 1789 sexagenarum
3096 1723 3513 1789 grossorum,
3591 1721 3729 1786 pro

753 1815 816 1870 10
839 1811 1162 1869 structura
1200 1801 1455 1890 collegii
1496 1801 1977 1867 solvendarum.

1721 1973 1821 2037 38.
1863 1985 1958 2034 ns
2003 1983 2362 2033 cLAusmzA
2406 1982 2757 2034 comazon.

992 2102 1159 2168 Item
1205 2101 1475 2187 quilibet
1529 2100 1945 2189 praepositus
1993 2108 2250 2165 tenetur
2301 2098 2644 2187 collegium
2698 2101 2915 2168 facere
2972 2100 3190 2167 claudi
3237 2101 3475 2189 hyeme
3539 2099 3727 2165 hora

826 2224 1019 2284 nona,
1075 2203 1144 2267 in
1187 2211 1433 2267 aestate
1480 2201 1644 2266 hora
1696 2200 1969 2282 decima,
2023 2210 2086 2266 et
2127 2209 2277 2287 post
2325 2199 2696 2266 huiusmodi
2748 2200 3117 2267 clausuram
3159 2201 3372 2267 nullus
3429 2201 3724 2267 omnino

829 2302 914 2368 ad
970 2301 1310 2389 collegium
1355 2302 1824 2368 intromittatur
1864 2301 1992 2366 nisi
2037 2299 2119 2365 de
2175 2300 2444 2387 speciali
2498 2322 2816 2366 consensu
2870 2303 3229 2388 praepositi
3278 2310 3345 2366 et
3399 2300 3721 2388 superio-

750 2412 811 2469 15
828 2425 973 2467 rum
1016 2401 1439 2468 aedituorum.

1291 2554 1387 2617 39.
1429 2567 1525 2615 m:
1570 2565 2154 2618 commonens
2191 2568 2284 2616 Etr
2333 2565 2676 2617 rsomsso
2719 2568 3135 2618 BURSALmu.

994 2683 1159 2749 Item
1217 2682 1490 2771 quilibet
1552 2694 1904 2749 conventor
1968 2694 2264 2771 tempore
2317 2684 2763 2750 conventionis
2816 2683 3060 2750 bursae
3113 2694 3368 2770 tenetur
3421 2682 3714 2771 promit·

827 2793 985 2864 tere,
1044 2782 1216 2868 quod
1266 2781 1510 2846 nullum
1551 2782 1637 2847 ad
1683 2782 1950 2848 bursam
1990 2783 2149 2848 velit
2186 2781 2552 2867 admittere,
2605 2784 2733 2848 nisi
2777 2784 3134 2871 promittat,
3191 2783 3385 2869 quod,
3442 2785 3501 2848 si
3550 2805 3711 2847 eum

828 2893 1057 2949 contra
1098 2890 1342 2948 statuta
1380 2881 1699 2948 excedere
1743 2884 2104 2969 contingat,
2161 2904 2439 2969 poenam
2491 2883 2562 2948 in
2610 2883 2857 2949 eisdem
2912 2905 3294 2971 expressam
3352 2893 3598 2971 sponte
3645 2890 3713 2947 et

745 2992 812 3049 20
831 2982 1196 3049 voluntarie
1239 2981 1399 3046 velit
1452 2980 1723 3067 solvere,
1784 2992 1847 3047 et
1902 2980 2077 3070 quod
2118 2983 2185 3047 in
2241 2981 2388 3047 aliis
2432 2981 2811 3048 excessibus
2864 2984 2932 3048 in
2977 2982 3249 3069 collegio
3291 2982 3708 3070 perpetratis

826 3083 897 3147 in
940 3080 1286 3147 dictamine
1329 3077 1585 3170 collegii
1626 3080 1782 3146 velit
1824 3090 2015 3146 stare.

827 3257 929 3319 40.
988 3267 1083 3315 m:
1125 3266 1522 3317 somnomz
1564 3265 1907 3315 PECUNIAE
1953 3265 2091 3315 ruo
2137 3263 2548 3325 STRUCTURA
2592 3266 2859 3316 srunAE
2904 3267 3235 3317 BURSAms
3277 3267 3702 3318 EXPOSITAE.

993 3382 1159 3449 Item
1202 3383 1377 3471 quod
1431 3383 1711 3468 pecunia
1764 3404 1882 3469 per
1924 3383 2278 3468 magistros
2325 3380 2693 3447 contributa
2732 3405 2854 3469 pro
2898 3392 3227 3449 structura
3267 3382 3500 3449 stubae
3540 3381 3701 3448 bur-

830 3481 985 3549 salis
1031 3481 1197 3548 solvi
1243 3481 1480 3548 debeat
1524 3482 1605 3547 de
1647 3483 1927 3568 pecunia
1970 3504 2094 3569 pro
2134 3480 2297 3547 locis
2339 3479 2810 3568 graduatorum
2849 3483 3246 3571 recipienda.
3329 3483 3423 3548 Et
3476 3483 3534 3548 si
3577 3480 3698 3546 ali-

744 3589 812 3647 25
834 3582 978 3671 quis
1021 3581 1501 3668 magistrorum,
1539 3583 1648 3670 qui
1693 3580 2045 3647 contribuit
2072 3589 2348 3668 quatuor
2391 3580 2672 3647 florenos
2715 3604 2836 3668 pro
2878 3581 3057 3647 dicta
3097 3592 3444 3666 structura,
3483 3583 3700 3647 exiret

827 3680 932 3745 vel
978 3679 1395 3763 discederet,²
1439 3691 1786 3769 antequam
1830 3680 2005 3745 dicta
2046 3679 2417 3746 distributio
2444 3682 2562 3769 qo³
2606 3680 2733 3747 sibi
2770 3681 3104 3769 persoluta
3143 3684 3214 3747 in
3252 3693 3446 3770 parte
3476 3682 3588 3749 vel
3630 3682 3696 3746 in

830 3789 1035 3846 totum
1075 3781 1407 3867 continget
1445 3781 1746 3861 existere,
1792 3802 2129 3846 successor
2157 3781 2226 3845 in
2267 3779 2480 3845 locum
2523 3803 2710 3847 suum
2751 3781 3124 3868 ingrediens
3166 3782 3495 3851 tenebitur
3523 3782 3700 3846 infra

830 3879 1113 3966 primum
1154 3901 1438 3945 mensem
1483 3901 1641 3944 suae
1683 3879 2143 3966 collegiaturae
2184 3879 2438 3946 solvere
2481 3888 2683 3947 totam
2733 3883 3113 3947 restantiam
3157 3882 3331 3948 dicto
3373 3883 3692 3968 magistro

831 3980 1094 4044 exeunti
1165 3987 1278 4043 aut
1344 3978 1701 4047 discedenti
1759 3979 1866 4044 vel
1924 4002 2041 4045 suo
2095 3981 2508 4067 procuratori
2561 3978 2681 4045 sub
2726 4003 2937 4067 poena
2991 3984 3319 4049 carentiae
3372 3982 3696 4069 portionis

746 4087 816 4143 30
837 4101 1014 4160 suae,
1060 4100 1392 4166 quousque
1433 4077 1675 4143 dictam
1715 4081 2100 4146 restantiam
2139 4080 2208 4143 in
2245 4087 2381 4144 toto
2425 4078 2774 4165 persolvat.
2838 4079 2929 4145 Et
2969 4080 3120 4145 talis
3162 4103 3500 4147 successor
3539 4079 3694 4145 alte-

834 4178 970 4242 rius
1028 4175 1297 4245 habebit
1358 4177 1460 4241 ius
1525 4178 1881 4266 recipiendi
1943 4189 2158 4243 ratam
2223 4200 2408 4243 suam
2462 4177 2542 4243 de
2602 4177 2766 4244 locis
2822 4180 3431 4267 promovendorum,
3485 4180 3698 4246 donec

842 4278 1137 4364 pecunia,
1183 4298 1378 4362 quam
1419 4277 1513 4345 sic
1551 4279 1856 4364 exposuit
1900 4300 2014 4344 suo
2063 4278 2478 4363 antecessori,
2518 4277 2811 4365 plenarie
2854 4280 2977 4344 erit
3018 4279 3372 4369 persoluta.

1000 4485 1142 4552 Ab⁴
1184 4511 1354 4554 anno
1402 4494 1558 4557 1425
1614 4511 1790 4578 seqq.
1843 4491 2188 4578 reperitur,
2244 4493 2419 4579 quod
2468 4492 2753 4558 decanus
2814 4491 3143 4558 facultatis
3199 4493 3694 4581 philosophicae

830 4587 1206 4674 praeposito
1251 4611 1373 4676 pro
1413 4588 1572 4655 locis
1615 4590 1682 4654 in
1725 4588 1915 4655 stuba
1956 4589 2206 4658 bursali
2252 4593 2538 4659 omnium
2582 4591 3098 4675 candidatorum,
3139 4616 3258 4661 seu
3300 4595 3693 4681 magistran-

749 4695 817 4751 35
836 4686 1069 4751 dorum
1112 4709 1226 4753 seu
1270 4687 1953 4773 baccalareandorum,
1999 4689 2265 4756 solverit
2306 4714 2427 4779 pro
2473 4690 2761 4777 quolibet
2802 4692 3151 4758 candidato
3194 4693 3360 4758 duos
3405 4715 3695 4780 grossos.

1002 4925 1026 4977 1
1064 4920 1224 4978 Ganz
1247 4920 1570 4977 undeutlich
1593 4923 1871 4993 qvorib‘d,·
1906 4921 2000 4978 fi‘u·
2025 4924 2280 4980 solvendi
2303 4924 2431 4996 (vgl.
2454 4929 2565 4994 182,
2587 4924 2670 4999 10)
2691 4926 2845 4981 kann
2867 4940 2927 4981 es
2950 4924 3270 4981 schwerlich
3287 4931 3536 4985 vel-lesen
3557 4926 3693 4984 sein.

1001 5010 1031 5059 2
1067 5004 1440 5063 Geschrieben
1473 5005 1623 5063 steht
1655 5007 1805 5063 exire
1838 5009 1925 5063 vel
1956 5009 2254 5066 discedere.
3353 4998 3356 5009 Α

997 5094 1028 5143 3
1062 5107 1133 5160 qo
1167 5089 1317 5145 steht
1347 5089 1721 5163 geschrieben,
1754 5090 2034 5147 vielleicht
2065 5094 2309 5149 verlesen
2342 5092 2435 5147 fiir
2459 5094 2768 5165 pecuniae?
2805 5094 2941 5149 aber
2972 5094 3063 5150 die
3087 5092 3257 5153 Stelle
3295 5094 3511 5152 scheint
3545 5096 3694 5153 noch

831 5171 986 5230 mehr
1021 5172 1220 5228 Fehler
1253 5192 1322 5228 zu
1360 5174 1660 5245 enthalten‚
1693 5175 1910 5231 obwohl
1947 5174 2039 5231 ihr
2075 5175 2210 5232 Sinn
2245 5177 2618 5233 verst’a'ndlich
2652 5177 2742 5234 ist.

1019 5261 1053 5312 4
1089 5257 1287 5314 Dieser
1320 5258 1531 5314 Absatz
1566 5259 1781 5316 scheint
1815 5260 1938 5316 eine
1972 5260 2142 5316 Notiz
2175 5261 2381 5335 Vogels
2414 5280 2485 5318 zu
2520 5263 2652 5319 sein.
