4038 6358
907 601 1028 666 296
1991 600 2104 649 Das
2156 598 2400 648 Pauliner
2452 595 2659 659 colleg.

1153 855 1376 906 LEGES
1417 856 1510 905 AD
1552 855 1960 906 DISCIPULOS
2000 855 2592 905 CONTUBERNALES
2633 855 2932 906 PROPRIE
2975 853 3508 906 PERTINEHTES.

2204 1009 2348 1058 Lex
2383 1008 2428 1057 1.

1072 1122 1462 1210 Quicunque
1500 1122 1568 1186 in
1608 1121 2025 1188 contubernio
2066 1120 2302 1208 degere
2342 1122 2609 1209 pascive
2645 1122 2939 1206 voluerit,
2983 1123 3039 1187 is
3081 1123 3361 1209 cogitor,
3413 1142 3574 1186 cum
3615 1121 3769 1186 reci·

905 1223 1137 1310 pietur,
1185 1222 1594 1310 promittere:

823 1331 855 1386 5
1133 1323 1186 1387 Ι.
1232 1320 1317 1386 Se
1357 1319 1611 1408 legibus
1654 1319 2221 1386 contubernalibus
2265 1344 2498 1409 parere
2538 1320 2726 1386 velle.

1102 1421 1187 1487 Π.
1233 1420 1397 1487 Cum
1439 1420 1652 1505 quiete
1693 1429 1759 1486 et
1800 1420 2051 1507 pudore
2094 1423 2332 1489 vivere.

1069 1520 1185 1585 ΠΙ.
1226 1519 1561 1606 Magistris
1602 1522 1735 1585 suis
1773 1521 2167 1606 morigerum
2209 1544 2370 1587 esse.

1074 1620 1190 1687 IV.
1232 1618 1493 1685 Nullum
1533 1618 1838 1685 damnum
1881 1619 2301 1685 contubernio
2345 1620 2494 1687 dolo
2537 1620 2709 1689 malo
2749 1621 2908 1687 dare
2945 1631 3029 1704 et,
3068 1621 3518 1711 undecunque
3543 1620 3762 1687 datum

910 1722 993 1787 iri
1033 1720 1371 1786 resciverit
1408 1728 1520 1784 aut
1560 1720 1888 1803 metuerit,
1944 1719 2011 1784 in
2052 1741 2196 1785 eam
2244 1730 2495 1807 partem
2552 1744 2674 1809 pro
2716 1720 2967 1788 viribus
3026 1743 3095 1787 se
3146 1743 3512 1811 opponere.
3598 1719 3760 1787 Ante

834 1831 897 1887 10
915 1822 1131 1886 omnia
1195 1829 1409 1885 autem
1471 1820 1757 1884 universi
1827 1817 2079 1884 incolae
2136 1818 2390 1907 collegii
2452 1820 2643 1887 deum
2698 1829 2874 1887 caste
2932 1843 3012 1886 ac
3077 1823 3187 1909 pie
3251 1821 3480 1888 colent
3537 1843 3758 1887 conve·

910 1921 1125 1986 niente
1167 1920 1418 1985 ratione
1463 1918 1965 1984 christianorum
2015 1920 2258 1985 rituum
2300 1942 2380 1985 ac
2422 1922 2954 1987 ceremoniarum.
3034 1922 3120 1986 Ni
3173 1921 3486 2005 fecerint,
3545 1932 3751 1988 contu·

911 2019 1135 2090 bernio
1178 2020 1536 2086 eiiciantur.

2194 2141 2241 2189 L
2254 2153 2284 2189 e
2297 2155 2334 2190 x
2369 2141 2443 2191 11.

1077 2253 1175 2319 Ne
1216 2251 1359 2342 quis
1398 2254 1593 2319 iussis
1633 2254 2092 2340 magistrorum
2130 2252 2466 2340 legittimis
2507 2254 2829 2342 refragari
2865 2276 3031 2321 neve
3072 2255 3516 2343 obiurgationi
3557 2253 3748 2322 recla-

837 2363 897 2419 15
914 2375 1094 2419 mare
1132 2374 1297 2419 neve
1339 2354 1747 2439 castigationi
1790 2354 1983 2419 reniti
2035 2352 2291 2420 audeat.
2377 2352 2507 2434 Qui
2546 2355 2792 2440 fecerit,
2833 2354 3192 2444 quadrante
3233 2354 3452 2422 florini
3495 2354 3745 2421 mulcte·

912 2463 1048 2536 ταῖς
1106 2453 1162 2518 si
1216 2453 1723 2542 protervitatem,
1777 2453 2218 2536 contumeliae,
2264 2452 2611 2521 maledicta
2662 2457 3026 2542 usurparit,
3081 2454 3326 2521 mulcta
3367 2465 3504 2521 tum
3547 2453 3740 2542 dupli·

916 2563 1114 2620 cetur.

2179 2658 2318 2707 Lex
2353 2656 2469 2708 111.

1082 2770 1472 2838 Cubiculum
1515 2793 1700 2836 suum
1742 2791 2024 2859 suasque
2065 2769 2321 2837 arculas
2355 2771 2794 2860 unusquisque
2830 2771 3309 2858 inquilinorum,
3354 2794 3396 2839 a
3417 2773 3740 2861 magistro,

836 2878 905 2938 20
923 2872 1104 2937 cuius
1147 2872 1271 2937 erit
1309 2871 1559 2936 curatio
1605 2871 1743 2936 eius
1785 2872 2011 2958 partis,
2063 2871 2132 2936 in
2186 2892 2316 2959 qua
2357 2871 2485 2958 ipsi
2529 2869 2844 2938 habitatio
2889 2875 3222 2960 assignata
3264 2872 3488 2956 fuerit,
3538 2874 3737 2938 iussus

919 2993 992 3036 re
1051 2971 1416 3059 postulante
1473 2971 1749 3057 aperire,
1810 2971 1950 3035 sine
2006 2971 2413 3036 recusatione
2472 2970 2595 3037 hoc
2652 2972 2871 3037 facere
2924 2971 3134 3040 debet.
3211 2971 3476 3038 Nolenti
3515 2971 3738 3038 mulcta

924 3068 1245 3136 indicetur
1282 3069 1499 3137 florini
1537 3067 1878 3135 dimidiati.

2198 3225 2244 3273 1.
2258 3239 2337 3274 ex
2373 3220 2473 3276 IV.

1087 3339 1366 3406 Lumina
1406 3340 1476 3405 in
1519 3337 1830 3405 cubiculis
1863 3338 2155 3405 universi
2194 3340 2547 3406 attentione
2588 3348 2652 3405 et
2694 3339 3124 3407 sollicitudine
3167 3364 3421 3407 summa
3459 3347 3738 3421 tractem,

841 3449 907 3507 25
925 3464 1007 3509 ne
1050 3438 1469 3506 scintillantes
1526 3439 1842 3505 funiculos
1884 3440 2258 3526 pavimento
2318 3438 2534 3526 ligneo
2589 3439 2921 3525 infligant3
2980 3439 3274 3507 similiter
3314 3452 3380 3507 et
3427 3440 3614 3528 lignis
3661 3437 3742 3504 ad

926 3538 1363 3608 calefacienda
1402 3536 1738 3605 conclavia
1780 3548 2041 3604 utantur
2095 3539 2286 3625 fissis,
2343 3562 2474 3605 non
2532 3540 2893 3622 sarmentis,
2950 3549 3143 3629 atque
3199 3543 3268 3607 in
3326 3537 3742 3608 calefaciendo

927 3649 1115 3709 caute
1158 3664 1227 3707 se
1267 3647 1527 3726 gerant3
1569 3639 1638 3703 in
1679 3661 1804 3725 quo
1848 3640 1958 3727 qui
2000 3637 2360 3727 deliquerit,
2400 3638 2705 3705 mulctam
2752 3637 2959 3733 soluto
2996 3663 3374 3727 grossorum
3413 3643 3615 3707 trium.

2219 3809 2359 3859 Lex
2394 3808 2462 3861 V.

1091 3918 1451 4011 Discipulis
1506 3921 2092 4006 contubernalibus,
2152 3923 2289 3990 sive
2343 3925 2413 3989 in
2466 3923 2884 3991 contubernio
2939 3925 3077 3990 sive
3133 3932 3323 3991 extra
3373 3924 3497 3990 hoc
3541 3921 3742 3989 cibum

847 4037 916 4094 30
933 4026 1218 4113 capiant,
1262 4033 1646 4111 pernoctare
1687 4023 1845 4088 foris
1886 4045 2017 4089 non
2054 4022 2224 4105 licet,
2269 4023 2396 4088 nisi
2435 4021 2561 4089 hoc
2599 4033 2778 4090 certa
2819 4023 2900 4090 de
2943 4046 3143 4090 causa
3183 4035 3257 4091 ut
3298 4024 3518 4091 liceret
3553 4046 3589 4088 a
3625 4041 3746 4087 suo

931 4127 1202 4215 quisque
1263 4124 1576 4210 magistro
1640 4123 2104 4210 impetraverit.
2182 4121 2725 4207 Delinquentibus
2788 4124 2857 4188 in
2913 4124 3038 4191 hoc
3095 4123 3338 4190 mulcta
3398 4126 3746 4212 imponatur

930 4226 1141 4315 grossi
1182 4224 1390 4307 unius,
1442 4224 1570 4289 nisi
1620 4223 1903 4289 ministri
1938 4222 2203 4288 fuerint.
2282 4222 2360 4286 In
2414 4221 2532 4288 hos
2577 4223 2748 4289 enim
2801 4221 2884 4289 ob
2939 4223 3064 4290 hoc
3118 4223 3423 4290 delictum
3466 4218 3742 4290 animad-

930 4325 1142 4392 versio
1184 4332 1459 4413 quatuor
1504 4324 1961 4410 magistrorum
2003 4320 2352 4391 arbitraria
2389 4322 2530 4389 erit.

2211 4492 2348 4541 Lex
2383 4490 2486 4544 VI.

848 4620 915 4677 35
1094 4607 1413 4672 Rixarum
1423 4655 1441 4689 ,
1498 4605 2050 4688 criminationum,
2107 4603 2595 4672 maledictorum
2649 4608 2815 4672 inter
2869 4606 3224 4694 discipulos
3275 4604 3743 4674 oonmbemnles

929 4707 1171 4775 mulcta
1225 4715 1361 4773 esto
1417 4727 1789 4793 grossorum
1842 4703 2148 4788 duorum,
2207 4704 2322 4771 sed
2365 4705 2916 4789 contumeliarum,
2957 4707 3415 4790 infamationis,
3457 4705 3741 4794 pulsatio-

932 4831 1087 4875 num
1140 4806 1432 4873 facinora
1486 4803 1777 4893 praesidi
1819 4804 2131 4892 primario
2172 4806 2471 4893 primum,
2513 4805 2764 4891 deinde,
2825 4808 2882 4873 si
2933 4828 3196 4873 necesse
3251 4807 3476 4890 fuerit,
3527 4804 3743 4871 rectori

934 4907 1376 4974 universitatis
1416 4914 1678 4971 nostrae
1715 4903 2103 4971 indicantor.

2193 5058 2333 5108 Lex
2364 5058 2504 5110 VII.

857 5186 924 5243 40
1107 5171 1415 5257 Studiosi,
1466 5172 1785 5239 bonarum
1824 5173 2064 5239 artium
2117 5193 2316 5239 causa
2354 5173 2749 5260 congregati,
2807 5171 2895 5240 ad
2940 5171 3203 5238 diversa
3243 5195 3387 5239 sese
3435 5170 3744 5262 applicare

938 5297 1069 5342 non
1113 5273 1368 5358 debent,
1424 5294 1569 5339 cum
1607 5272 1927 5360 imperitis
1981 5271 2235 5358 harum,
2283 5271 2632 5358 dissolutis,
2686 5272 3028 5360 flagitiosis
3077 5294 3161 5339 ne
3213 5274 3743 5355 commisceantur,
