4038 6358
809 662 930 728 534
1790 655 1891 709 Die
1935 658 2379 722 philosophische
2414 657 2671 709 Faculffit.

805 845 1017 931 primo
1066 843 1360 908 semestri
1399 842 1920 927 frequentaretur
1963 840 2261 905 doctrina
2302 838 2564 928 publica
2606 838 3075 926 grammaticae
3117 860 3404 924 graecae
3446 849 3515 905 et
3571 838 3669 905 la-

802 947 978 1009 tinae
1009 947 1047 1027 ¹,
1092 942 1478 1011 dialecticae
1500 950 1565 1007 et
1603 942 1917 1028 poeticae,
1958 939 2242 1006 secundo
2286 942 2583 1005 semestri
2621 961 2879 1003 rursum
2910 939 3385 1025 grammaticae
3426 940 3672 1005 utrius-

810 1067 934 1132 que
953 1046 999 1124 ἵ,
1043 1042 1429 1108 dialecticae
1471 1047 1534 1106 et
1579 1038 1804 1106 simulr
1828 1040 2158 1105 betoricae
2190 1048 2563 1126 praecepta,
2591 1040 2784 1104 tertio
2812 1061 3071 1104 rursum
3100 1039 3399 1125 poeticae
3432 1048 3498 1104 et
3521 1038 3669 1104 rhe-

802 1145 1068 1226 toricae,
1113 1152 1177 1207 et
1219 1151 1559 1230 praeterea
1598 1139 1911 1226 physicae
1951 1148 2015 1203 et
2055 1139 2518 1203 mathematum
2543 1138 2859 1203 elementa
2883 1136 3283 1202 audirentur.
3327 1137 3520 1203 Haec
3544 1141 3669 1225 igi-

720 1253 753 1308 5
809 1252 914 1308 tur
941 1244 1036 1307 ita
1069 1243 1414 1308 constituta
1449 1236 1579 1327 [43]
1609 1260 1829 1304 omnes
1863 1227 2193 1325 sequenda
2236 1238 2460 1320 scient,
2504 1238 2618 1325 qui
2662 1237 2787 1302 hac
2824 1238 2894 1301 in
2934 1244 3129 1324 parte
3158 1234 3517 1323 aliquando
3559 1259 3673 1325 pe·

801 1345 1025 1408 titores
1064 1350 1212 1406 sunt
1252 1341 1464 1405 futuri.
1552 1338 1883 1424 Iidemque
1927 1335 2156 1402 diebus
2205 1337 2555 1419 caniculae,
2597 1336 2831 1421 quibus
2889 1335 3223 1401 ordinaria
3281 1345 3347 1401 et
3390 1334 3669 1423 publica

802 1440 1098 1507 doctrina
1131 1440 1604 1521 intermittitur,
1645 1437 2032 1519 baculariis,
2098 1437 2304 1502 bonos
2365 1445 2625 1501 autores
2689 1433 3200 1522 explicantibus,
3275 1434 3665 1521 diligentem

803 1562 1072 1626 operam
1114 1538 1272 1604 dare
1315 1538 1658 1603 debebunt.

893 1747 949 1809 3.
1009 1756 1267 1806 CURSUS
1328 1755 1736 1805 STUDIORUM
1780 1753 2292 1803 CONFICIENDUS
2335 1752 2441 1819 118,
2482 1753 2602 1814 QUI
2649 1753 2981 1804 MAGISTRI
3024 1754 3213 1802 FIERI
3259 1754 3568 1802 VOLENT.

723 1902 785 1957 10
975 1888 1106 1971 Qui
1147 1889 1444 1973 magistri
1487 1886 1869 1973 dignitatem
1914 1886 2193 1974 adipisci
2233 1886 2424 1967 volet,
2482 1888 2537 1949 is
2582 1885 2941 1950 studiorum
2981 1886 3301 1951 rationem
3332 1896 3669 1974 sequetur,

801 2013 993 2078 quam
1034 1987 1462 2053 subiiciemuS.
1538 1987 1688 2052 Erit
1729 1997 1940 2051 autem
1983 1995 2154 2051 totus
2196 2008 2422 2049 cursus
2468 1983 2825 2049 studiorum
2886 1996 3034 2049 ante
3078 1986 3461 2071 petitionem
3506 1988 3665 2050 anni

805 2091 952 2154 duo.
1040 2086 1184 2168 Quo
1232 2085 1492 2173 quidem
1533 2095 1825 2172 tempore
1871 2087 2046 2150 omni
2087 2084 2352 2150 audient
2390 2084 2459 2148 hi
2503 2084 2935 2170 professorem
2980 2083 3437 2171 philosophiae
3477 2083 3664 2149 illum

802 2190 1108 2253 eximium
1131 2188 1175 2267 ³,
1217 2188 1499 2274 itemque
1539 2186 1975 2272 professorem
2018 2187 2354 2270 utriusque
2395 2183 2703 2269 linguae⁴
2770 2191 2835 2247 et
2875 2183 3070 2248 Fabii
3117 2182 3591 2270 explicatorem
3617 2188 3665 2266 ⁵,

803 2289 1012 2375 primo
1057 2295 1269 2350 autem
1311 2286 1604 2349 semestri
1647 2295 1711 2348 et
1754 2284 2038 2349 secundo
2082 2287 2346 2370 insuper
2375 2282 2653 2369 physica
2681 2291 2744 2346 et
2779 2282 2993 2347 ethica
3021 2282 3419 2366 Aristotelis,
3464 2285 3661 2349 tertio

725 2399 785 2455 15
807 2397 870 2453 et
913 2394 1140 2474 quarto
1184 2395 1442 2472 praeter
1484 2383 1646 2448 haec
1687 2384 1883 2448 etiam
1924 2383 2398 2448 mathematicis
2450 2381 2818 2469 disciplinis
2857 2382 3237 2469 diligentem
3293 2392 3359 2448 et
3401 2384 3664 2471 praeci·

803 2508 1002 2574 puam
1043 2506 1309 2571 operam
1352 2481 1618 2547 dabunt.

802 2695 859 2754 4.
905 2703 1000 2750 DE
1032 2699 1483 2749 ATTENTIONE
1526 2699 1599 2746 m
1636 2698 1988 2747 DISOENDO
2033 2700 2125 2747 ΕΤ
2164 2700 2238 2746 IN
2281 2697 2582 2746 AEDIBUS
2626 2696 3130 2746 COLLEGIORUM
3158 2655 3666 2749 HAnITATIONE.

963 2832 1327 2898 Audientur
1392 2841 1605 2896 autem
1669 2831 2074 2918 professores
2136 2829 2435 2917 publicae
2497 2829 2833 2896 doctrinae
2887 2809 3112 2897 sedulo
3168 2841 3232 2897 et
3286 2831 3659 2920 diligenter,

802 2957 932 3000 non
973 2934 1361 2997 necessitate
1401 2940 1654 2995 tantum
1700 2931 2232 2996 constitutionum
2279 2926 2411 3018 [44]
2456 2929 2689 2994 harum
2755 2929 2870 2995 sed
2930 2932 3146 2995 animo
3198 2941 3265 2995 et
3323 2932 3662 2998 voluntate

720 3046 787 3100 20
807 3032 1095 3100 liberalis
1160 3031 1547 3116 cognitionis
1611 3039 1674 3096 et
1727 3029 2081 3116 cupiditate
2141 3029 2477 3094 doctrinae
2529 3038 2724 3116 atque
2778 3029 3179 3095 eruditionis.
3263 3031 3341 3098 In
3381 3032 3662 3098 aedibus

803 3132 1056 3218 collegii
1100 3132 1410 3218 petitores
1453 3130 1702 3195 futuros
1744 3129 2063 3195 honorum
2119 3126 2649 3196 scholasticorum
2692 3128 3025 3212 habitare,
3085 3140 3256 3197 esset
3319 3134 3659 3220 optimum.

802 3233 872 3298 Si
917 3229 1074 3319 quid
1114 3240 1349 3311 tamen,
1394 3251 1517 3316 quo
1562 3231 1772 3294 minus
1814 3229 1938 3294 hoc
1971 3228 2174 3310 fieret,
2216 3227 2409 3293 alicui
2451 3230 2619 3295 forte
2651 3228 3000 3313 obstiterit,
3043 3230 3339 3297 volumus
3369 3243 3435 3296 et
3478 3233 3655 3298 iube—

799 3354 943 3397 mus
986 3328 1400 3394 nihilominus
1414 3378 1432 3410 ,
1497 3351 1643 3393 eum
1708 3328 1882 3416 apud
1942 3338 2309 3392 curatorem
2373 3351 2487 3393 seu
2549 3338 3007 3394 conventorem
3063 3330 3326 3396 aedium
3383 3331 3659 3397 alicuius

800 3429 1055 3514 collegii
1097 3437 1189 3506 (ut
1234 3429 1391 3510 eius,
1431 3428 1498 3491 in
1540 3450 1663 3513 quo
1707 3426 2106 3492 habitantem
2150 3428 2314 3492 forte
2340 3429 2725 3514 magistrum
2747 3429 3146 3515 peculiarem
3169 3429 3464 3509 habebit)
3507 3455 3659 3520 pro·

718 3541 782 3596 25
802 3530 970 3594 fiteri
1010 3549 1242 3593 nomen
1288 3550 1476 3591 suum
1518 3535 1582 3591 et
1622 3525 1709 3591 ad
1767 3528 2267 3591 exercitationes
2324 3526 2836 3614 disputationum
2890 3531 3166 3594 usitatas
3223 3534 3491 3618 vesperi
3547 3554 3657 3596 ve·

801 3631 942 3693 nire
981 3636 1047 3692 et
1085 3626 1232 3691 aliis
1269 3626 1488 3709 rebus,
1551 3625 1787 3712 quibus
1831 3625 2089 3690 decebit
2110 3674 2127 3706 ,
2191 3624 2445 3711 collegii
2511 3626 2684 3693 illius
2743 3630 3031 3694 actiones
3086 3628 3403 3695 adiuvare
3446 3640 3515 3694 et
3555 3653 3659 3696 or-

801 3750 980 3793 nare.
1063 3726 1270 3814 quue
1312 3734 1614 3812 tempore
1659 3726 1993 3812 petitionis
2037 3726 2474 3811 unusquisque
2527 3729 2893 3793 testimonio
2949 3730 3268 3794 curatoris
3334 3753 3450 3794 seu
3506 3752 3658 3795 con·

800 3828 1086 3893 ventoris
1131 3847 1173 3890 a
1213 3847 1284 3889 se
1325 3846 1469 3889 esse
1511 3834 1862 3906 servatum,
1905 3823 2176 3911 planum
2214 3825 2433 3890 facere
2477 3825 2755 3891 debebit.

1929 4012 1983 4070 5.
2029 4023 2122 4069 DE
2167 4023 2529 4073 EXTERNIS.

719 4155 788 4211 30
971 4140 1336 4207 Iudicatum
1382 4149 1496 4220 est,
1539 4140 1822 4225 spatium
1867 4136 1952 4202 ad
1995 4140 2371 4224 petitionem
2415 4161 2657 4222 eorum,
2703 4142 2814 4227 qui
2840 4141 3154 4207 bacularii
3189 4141 3331 4207 fieri
3375 4146 3658 4231 cupiant,

802 4265 945 4309 esse
990 4240 1397 4328 sesquiannix,
1440 4258 1681 4323 eorum,
1727 4238 1837 4324 qui
1879 4238 2199 4322 magistri,
2244 4261 2560 4303 annorum
2607 4238 2825 4305 duum.
2884 4241 3077 4323 Quod
3111 4243 3170 4306 si
3209 4245 3320 4331 qui
3364 4244 3532 4309 forte
3574 4266 3657 4309 ex

802 4343 947 4408 aliis
990 4338 1339 4405 academiis
1385 4338 1695 4424 petitores
1740 4335 2125 4400 advenerint
2167 4347 2229 4402 et
2272 4336 2716 4421 affirmabunt,
2760 4363 2829 4405 se
2858 4342 2996 4406 eius
3033 4344 3350 4429 temporis
3376 4365 3652 4425 cursum,

801 4465 926 4528 quo
970 4440 1077 4505 hic
1117 4437 1471 4503 secundum
1518 4445 1758 4501 statuta
1812 4437 2066 4499 versari
2123 4435 2538 4520 debuissent,
2634 4437 2791 4502 alibi
2850 4440 3205 4505 confecisse
3261 4450 3326 4505 et
3381 4441 3656 4508 coluisse

802 4540 913 4605 illa
957 4537 1192 4621 studia,
1237 4536 1471 4624 quibus
1511 4545 1584 4601 ut
1627 4535 1814 4600 detur
1859 4557 2062 4622 opera
2106 4537 2600 4622 praescribitur,
2666 4539 2715 4602 ii
2757 4539 3016 4625 publico
3060 4550 3172 4603 aut
3213 4551 3389 4606 certe
3411 4564 3653 4624 eorum,

717 4651 783 4706 35
806 4639 1041 4728 quibus
1084 4635 1618 4724 praeceptoribus
1658 4635 1760 4700 usi
1805 4645 1972 4717 sunt,
2016 4636 2410 4719 testimonio,
2455 4636 2579 4701 hoc
2621 4638 2714 4701 ita
2770 4660 2838 4703 se
2883 4639 3145 4722 habere,
3210 4639 3654 4707 demonstrare

976 4911 992 4958 l
1037 4900 1225 4959 Dafiir
1255 4902 1332 4957 ist
1363 4902 1548 4971 spater
1579 4899 1938 4972 geschrieben
1977 4902 2513 4973 linquamus-iusque.

962 4994 993 5044 2
1029 4986 1214 5043 Dafiir
1245 4989 1432 5057 spater
1465 4985 1746 5055 amu-sque
1778 4984 2014 5055 linquae.

966 5077 996 5128 3
1035 5070 1220 5125 Dafiir
1253 5070 1327 5125 ist
1361 5072 1547 5138 spater
1583 5066 1943 5137 geschrieben
1974 5074 2358 5140 professorem
2390 5073 2604 5138 oryani.

967 5162 999 5211 4
1045 5155 1335 5223 Utriusque
1370 5152 1589 5221 linquae
1623 5150 1838 5206 scheint
1873 5152 1976 5207 auf
2004 5153 2190 5207 Rasur
2227 5171 2296 5207 zu
2335 5152 2542 5213 stehen.
2612 5156 2778 5211 Auch
2812 5156 2934 5212 hier
2969 5174 3084 5211 war
3118 5156 3369 5228 anfangs
3380 5157 3527 5212 wohl
3557 5174 3653 5230 ge·

797 5237 1083 5295 schrieben
1114 5237 1507 5309 yrammaticae
1542 5236 1836 5305 utriusque.

967 5328 997 5380 5
1032 5320 1215 5376 Dafiir
1248 5320 1322 5375 ist
1356 5322 1543 5392 spater
1577 5317 1935 5390 geschrieben
1970 5329 2023 5375 et
2055 5323 2198 5379 artis
2229 5322 2552 5380 rhetoricae.
