4038 6358
1296 628 1402 671 von
1437 614 1656 678 Herzog
1691 613 1883 664 Moritz
1921 614 2186 678 bestitigt.
3102 621 3182 685 87

306 795 411 875 sit,
457 800 877 882 praesertim
919 798 1207 865 studioso
1252 795 1568 863 bonarum
1608 796 1865 876 artium,
1913 796 2060 884 quis
2102 816 2232 861 non
2274 795 2621 883 intelligit?
2707 795 2927 885 Quare
2968 801 3184 867 visum

306 903 408 959 est
459 898 917 980 constituere,
986 897 1348 986 quicunque
1404 896 1473 961 in
1523 893 1812 961 tabernis
1866 896 2138 962 vinariis
2198 895 2361 961 tales
2422 907 2652 962 contra
2707 920 2919 963 mores
2976 898 3183 964 bonos

305 991 505 1063 ludos
573 998 962 1064 exercuisse
1020 995 1353 1063 convictus
1404 1003 1604 1077 esset,
1659 1005 1731 1061 ut
1782 997 2000 1061 statim
2054 995 2398 1062 mulctetur
2451 996 2684 1063 florino
2727 1020 2887 1080 un03
2959 999 3013 1062 si
3069 1000 3183 1063 ite-

303 1116 475 1178 rum,
521 1095 827 1179 duobus3
873 1098 931 1163 si
972 1097 1183 1179 tertio,
1226 1093 1455 1160 tribus.
1519 1093 1770 1175 Quodsi
1811 1096 2004 1159 etiam
2050 1094 2283 1161 deinde
2324 1096 2394 1161 in
2436 1095 2684 1182 flagitio
2727 1119 3182 1184 perseverave-

305 1195 426 1278 rit,
492 1203 650 1262 tum
697 1218 920 1263 coram
962 1195 1402 1261 universitatis
1443 1203 1707 1259 nostrae
1747 1193 2016 1263 consilio
2063 1195 2360 1263 accusari
2402 1193 2680 1261 debebit.
2764 1195 3011 1277 Quodsi
3051 1219 3184 1263 non
3203 1207 3236 1263 5

307 1294 377 1359 in
423 1293 747 1362 tabernis
788 1296 1059 1363 vinariis
1074 1343 1093 1378 ,
1148 1293 1441 1389 similiter
1497 1303 1712 1360 tamen
1771 1291 2151 1361 scurrilibus
2206 1304 2270 1360 et
2323 1294 2648 1361 indecoris
2689 1294 2859 1361 ludis
2902 1295 3186 1379 vacabit,

317 1394 398 1460 de
440 1394 662 1463 huius
708 1394 943 1463 delicto
985 1404 1200 1461 rector
1241 1403 1492 1460 statuet.

1508 1597 1841 1648 statutum
1878 1596 1972 1650 XI.

989 1750 1082 1798 DE
1128 1744 1794 1800 CONSPIRATIONIBUS
1835 1748 1927 1796 ET
1969 1746 2543 1796 OONVENTICULIS.

482 1862 672 1930 Cum
714 1865 876 1930 nihil
918 1888 1120 1952 aeque
1160 1866 1651 1932 communitates
1693 1884 1984 1954 quasque
2028 1863 2413 1951 perturbare
2457 1863 2662 1929 soleat
2717 1887 2911 1953 quam
2968 1866 3025 1930 si
3079 1865 3271 1932 vello

314 1972 600 2030 exortae
645 1963 999 2031 seditiones
1038 1964 1145 2031 vel
1184 1988 1315 2031 non
1354 1966 1573 2031 statim
1618 1986 1973 2052 oppressae
2015 1964 2275 2045 fuerint,
2318 1962 2465 2030 ideo
2510 1963 2934 2031 saluberrimo
2984 1986 3186 2030 reme-

316 2061 427 2128 dio
487 2086 850 2131 occurrere
905 2073 1086 2132 tanto
1137 2065 1310 2133 malo
1377 2066 1768 2133 universitas
1812 2064 2081 2151 cupiens
2135 2062 2545 2151 praeclarum
2589 2073 2897 2131 statutum
2940 2065 3067 2130 hac
3107 2064 3189 2131 de

318 2185 392 2229 re
438 2165 826 2251 proposuit,
867 2176 938 2232 ut
982 2167 1302 2255 sequitur:

488 2261 894 2353 Quicunque
932 2264 1247 2332 adversus
1289 2274 1699 2353 praesentem
1723 2263 2165 2330 universitatis
2194 2260 2621 2328 scholasticae
2644 2272 2755 2331 aut
2791 2264 3190 2352 reipublicae

326 2372 576 2428 statum
628 2386 1019 2451 quocunque
1059 2366 1129 2430 in
1171 2366 1312 2433 loco
1356 2388 1501 2431 cum
1543 2364 1688 2430 'aliis
1733 2364 2126 2445 convenerit,
2171 2362 2591 2450 conspirarit,
2635 2365 3036 2430 consenserit
3077 2374 3190 2430 aut
3211 2375 3270 2431 15

323 2472 808 2548 conventuum,
870 2466 1450 2552 conspirationum,
1510 2465 2001 2531 consensionum
2058 2461 2429 2529 huiusmodi
2483 2464 2696 2528 autori
2737 2464 3188 2550 inceptorum¹

327 2572 438 2629 aut
480 2586 683 2628 suum
728 2587 963 2630 nomen
1004 2564 1089 2630 ad
1129 2564 1255 2631 hoc
1297 2564 1629 2652 professus
1668 2563 1864 2629 flierit
1903 2572 2016 2627 aut
2062 2561 2258 2645 alios,
2320 2571 2391 2627 ut
2435 2562 2725 2628 similiter
2768 2564 3031 2629 nomina
3072 2587 3191 2631 sua

327 2663 563 2728 darent
578 2712 598 2746 ,
643 2661 1011 2747 induxerit3
1062 2686 1183 2730 nec
1223 2686 1354 2730 non
1400 2664 1520 2751 qui·
1552 2663 1813 2729 chartas
1855 2661 2366 2749 conspiratorias
2413 2662 2747 2748 scripserit
2783 2662 2889 2728 vel
2931 2664 2999 2728 in
3036 2664 3189 2729 scri-

328 2761 542 2829 bendo
603 2785 922 2850 praesens
966 2772 1078 2829 aut
1121 2764 1494 2830 adiumento
1549 2763 1776 2847 fuerit,
1832 2759 2175 2848 publiceve
2217 2759 2367 2825 illas
2407 2763 2820 2848 proposuerit
2859 2772 2971 2828 aut
3018 2763 3189 2829 clan-

332 2861 546 2929 culum
617 2863 1039 2950 disperserit3
1104 2865 1258 2930 item
1311 2864 1421 2949 qui
1474 2861 1749 2928 alterum
1821 2868 2047 2926 contra
2103 2860 2731 2926 animadversionem
2783 2861 3068 2928 debitam
3125 2874 3189 2928 et
3207 2872 3275 2929 20

334 2983 791 3049 quamcunque
832 2985 1128 3050 poenam,
1171 2986 1367 3052 quam
1407 2961 1512 3029 vel
1552 2970 1766 3029 rector
1809 2959 1914 3026 vel
1957 2960 2166 3047 ipsius
2209 2960 2313 3026 vel
2355 2960 2801 3028 universitatis
2846 2961 3187 3027 consilium

332 3062 736 3149 irrogaverit
795 3071 907 3127 aut
956 3063 1253 3149 irrogare
1295 3060 1593 3146 voluerit,
1639 3059 1985 3126 defendere
2030 3069 2142 3125 aut
2185 3059 2527 3126 sublevare
2566 3083 2917 3148 aggressus
2961 3063 3189 3146 fuerit3

249 3197 264 3218 ι
336 3160 545 3251 quive,
588 3169 668 3228 ut
699 3162 878 3228 natio
900 3164 1241 3251 quaepiam
1283 3163 1352 3228 in
1391 3160 1506 3227 tali
1547 3162 1808 3251 negotio
1852 3157 2343 3245 admisceretur,
2386 3183 2767 3250 quocunque
2808 3161 3001 3229 modo
3045 3184 3188 3250 per·

335 3261 585 3327 fecerit:
637 3262 867 3328 horum
897 3263 1099 3348 igitur
1127 3264 1411 3329 omnium
1436 3259 1770 3350 quodlibet
1805 3260 1917 3348 qui
1948 3261 2351 3326 commisisse
2396 3262 2728 3327 confessus
2770 3263 3188 3328 convictusve

336 3361 544 3446 fuerit,
589 3364 652 3428 is
696 3372 768 3428 ut
808 3364 992 3450 pacis
1032 3372 1096 3429 et
1133 3362 1518 3430 concordiae
1560 3360 1856 3427 turbator
1899 3358 2327 3427 intolerabilis
2370 3382 2454 3427 ex
2498 3362 2921 3429 universitate
2959 3371 3189 3429 nostra
3206 3374 3272 3430 25

341 3459 740 3529 scholastica
785 3463 1164 3530 excluditor.

1527 3664 1566 3715 8
1583 3670 1862 3714 tatutum
1899 3661 2016 3716 ΧΠ.

1078 3816 1172 3863 ns
1215 3814 1332 3879 118,
1377 3815 1497 3875 qm
1536 3811 1909 3864 Asnss‘ruu
1951 3812 2456 3862 nussumsmr.
2522 3853 2529 3860 „

502 3931 660 4016 Qui,
705 3942 955 3999 arresto
998 3932 1320 4013 astrictus,
1366 3938 1688 3996 contemta
1728 3930 2152 4015 magistratus
2190 3930 2535 3995 autoritate
2560 3951 2725 3995 ausu
2747 3934 3015 4018 proprio
3058 3932 3186 3997 dis-

349 4034 638 4116 cesserit,
698 4042 797 4098 ter
842 4031 924 4097 de
963 4053 1142 4110 more
1184 4032 1413 4096 citetur
1457 4040 1520 4095 et
1565 4039 1935 4112 moneatur,
1991 4051 2073 4094 ac
2126 4028 2362 4095 deinde
2418 4028 2505 4096 ad
2558 4028 3023 4115 relegationem
3074 4031 3181 4098 vel
3201 4041 3274 4098 30

353 4131 532 4197 etiam
572 4132 1013 4199 exclusionem
1055 4151 1176 4217 pro
1223 4152 1296 4195 re
1336 4152 1414 4194 ac
1456 4150 1736 4217 persona
1777 4126 2189 4216 procedatur.

1515 4332 1838 4384 Statutum
1873 4330 2017 4383 xm.
2106 4341 2123 4356 ³

1253 4476 1267 4482 ’
1355 4482 1450 4529 DE
1492 4480 1809 4530 LIBELLIS
1853 4478 2165 4530 FAMOSIS.

500 4600 825 4666 Famosos
866 4598 1117 4666 libellos
1159 4600 1444 4665 omnium
1485 4614 1849 4684 temporum
1905 4596 2159 4683 legibus
2209 4597 2571 4684 prohibitos
2626 4610 2691 4664 et
2744 4619 2960 4686 poena
2997 4598 3189 4685 gravi

359 4708 597 4765 autores
643 4698 903 4765 illorum
946 4700 1210 4765 affectos
1254 4701 1516 4764 scimus.
1577 4699 1746 4764 Nam
1789 4696 2046 4763 occulta
2084 4696 2402 4763 malorum
2426 4699 2579 4765 odia
2600 4700 2668 4764 in
2688 4697 2892 4764 bonos
2912 4698 3179 4784 impune
3201 4706 3270 4763 3⁵

360 4800 632 4882 grassari
670 4799 848 4865 nullo
889 4809 1081 4888 pacto
1122 4798 1459 4865 ferendum
1506 4808 1634 4882 est3
1700 4798 1882 4886 prius
1926 4797 2097 4861 enim
2141 4797 2383 4862 famam
2426 4798 2587 4864 haec
2630 4799 2951 4885 impetunt
2994 4820 3189 4886 quam

361 4899 714 4983 praevideri
739 4899 1085 4987 potuerint,
1133 4909 1196 4965 et
1208 4901 1455 4965 'iniuria
1498 4922 1646 4964 cum
1688 4900 2042 4985 ignoretur,
2085 4897 2142 4962 is
2172 4899 2282 4982 qui
2309 4897 2523 4964 intulit
2544 4897 2915 4986 propulsari
2946 4900 3186 4985 nequit.

365 4995 564 5078 Quare
607 4998 1154 5067 consentientibus
1197 4999 1495 5065 omnibus
1539 4998 1934 5065 universitas
1975 5006 2201 5063 nostra
2244 4997 2634 5064 scholastica
2690 4998 2918 5066 statuit
2975 5007 3038 5063 et
3081 4998 3190 5063 de-

556 5305 580 5355 1
623 5298 701 5355 80
735 5298 885 5355 steht
913 5297 1287 5370 gesehrieben.
