<?xml version="1.0" encoding="UTF-8"?>
<!DOCTYPE html PUBLIC "-//W3C//DTD XHTML 1.0 Transitional//EN"
    "http://www.w3.org/TR/xhtml1/DTD/xhtml1-transitional.dtd">
<html xmlns="http://www.w3.org/1999/xhtml" xml:lang="en" lang="en">
 <head>
  <title>
</title>
<meta http-equiv="Content-Type" content="text/html;charset=utf-8" />
  <meta name='ocr-system' content='tesseract 3.04.00' />
  <meta name='ocr-capabilities' content='ocr_page ocr_carea ocr_par ocr_line ocrx_word'/>
</head>
<body>
  <div class='ocr_page' id='page_1' title='image "./diestatutenbche02leipgoog_0519.png"; bbox 0 0 4038 6358; ppageno 0'>
   <div class='ocr_carea' id='block_1_1' title="bbox 1228 582 3300 655">
    <p class='ocr_par' dir='ltr' id='par_1_1' title="bbox 1228 582 3300 655">
     <span class='ocr_line' id='line_1_1' title="bbox 1228 582 3300 655; baseline 0.004 -20"><span class='ocrx_word' id='word_1_1' title='bbox 1228 582 1414 635; x_wconf 72' lang='lat' dir='ltr'><strong>Fiinfte</strong></span> <span class='ocrx_word' id='word_1_2' title='bbox 1450 584 1979 647; x_wconf 72' lang='lat' dir='ltr'><strong>Statuoenredaction‚</strong></span> <span class='ocrx_word' id='word_1_3' title='bbox 2016 600 2142 636; x_wconf 82' lang='lat' dir='ltr'><strong>vom</strong></span> <span class='ocrx_word' id='word_1_4' title='bbox 2177 584 2344 637; x_wconf 61' lang='grc' dir='ltr'><strong>δεδι-ε</strong></span> <span class='ocrx_word' id='word_1_5' title='bbox 2381 584 2528 637; x_wconf 79' lang='grc'><strong>1507.</strong></span> <span class='ocrx_word' id='word_1_6' title='bbox 3178 589 3300 655; x_wconf 85' lang='grc'><strong>503</strong></span> 
     </span>
    </p>
   </div>
   <div class='ocr_carea' id='block_1_2' title="bbox 465 760 3396 1344">
    <p class='ocr_par' dir='ltr' id='par_1_2' title="bbox 465 760 3396 1344">
     <span class='ocr_line' id='line_1_2' title="bbox 466 760 3316 857; baseline 0.004 -32"><span class='ocrx_word' id='word_1_7' title='bbox 466 784 592 827; x_wconf 89' lang='lat' dir='ltr'><strong>non</strong></span> <span class='ocrx_word' id='word_1_8' title='bbox 624 760 829 827; x_wconf 88' lang='lat' dir='ltr'><strong>solum</strong></span> <span class='ocrx_word' id='word_1_9' title='bbox 866 762 1357 831; x_wconf 88' lang='lat' dir='ltr'><strong>baccalariandi</strong></span> <span class='ocrx_word' id='word_1_10' title='bbox 1400 788 1623 835; x_wconf 86' lang='lat' dir='ltr'><strong>verum</strong></span> <span class='ocrx_word' id='word_1_11' title='bbox 1662 768 1855 833; x_wconf 72' lang='lat' dir='ltr'><strong>etiam</strong></span> <span class='ocrx_word' id='word_1_12' title='bbox 1898 766 2011 833; x_wconf 83' lang='lat' dir='ltr'><strong>alii</strong></span> <span class='ocrx_word' id='word_1_13' title='bbox 2057 766 2482 855; x_wconf 85' lang='lat' dir='ltr'><strong>promovendi</strong></span> <span class='ocrx_word' id='word_1_14' title='bbox 2515 768 2680 835; x_wconf 91' lang='lat' dir='ltr'><strong>illud</strong></span> <span class='ocrx_word' id='word_1_15' title='bbox 2721 792 2841 857; x_wconf 89' lang='lat' dir='ltr'><strong>pro</strong></span> <span class='ocrx_word' id='word_1_16' title='bbox 2887 768 3316 857; x_wconf 79' lang='lat' dir='ltr'><strong>completione</strong></span> 
     </span>
     <span class='ocr_line' id='line_1_3' title="bbox 470 859 3312 958; baseline 0.004 -33"><span class='ocrx_word' id='word_1_17' title='bbox 470 859 555 925; x_wconf 86' lang='lat' dir='ltr'><strong>ab</strong></span> <span class='ocrx_word' id='word_1_18' title='bbox 600 860 827 927; x_wconf 88' lang='lat' dir='ltr'><strong>eodem</strong></span> <span class='ocrx_word' id='word_1_19' title='bbox 871 862 1119 930; x_wconf 89' lang='lat' dir='ltr'><strong>decano</strong></span> <span class='ocrx_word' id='word_1_20' title='bbox 1165 865 1395 931; x_wconf 88' lang='lat' dir='ltr'><strong>audire</strong></span> <span class='ocrx_word' id='word_1_21' title='bbox 1437 876 1759 953; x_wconf 87' lang='lat' dir='ltr'><strong>poterunt.</strong></span> <span class='ocrx_word' id='word_1_22' title='bbox 1842 866 2159 954; x_wconf 79' lang='lat' dir='ltr'>Magister</span> <span class='ocrx_word' id='word_1_23' title='bbox 2201 868 2396 932; x_wconf 86' lang='lat' dir='ltr'><strong>etiam</strong></span> <span class='ocrx_word' id='word_1_24' title='bbox 2413 917 2432 951; x_wconf 99' lang='lat'><strong>,</strong></span> <span class='ocrx_word' id='word_1_25' title='bbox 2476 868 2724 936; x_wconf 88' lang='lat' dir='ltr'><strong>habens</strong></span> <span class='ocrx_word' id='word_1_26' title='bbox 2766 868 3049 958; x_wconf 77' lang='lat' dir='ltr'><strong>aliquam</strong></span> <span class='ocrx_word' id='word_1_27' title='bbox 3089 868 3312 935; x_wconf 87' lang='lat' dir='ltr'><strong>lectio·</strong></span> 
     </span>
     <span class='ocr_line' id='line_1_4' title="bbox 466 960 3307 1053; baseline 0.004 -29"><span class='ocrx_word' id='word_1_28' title='bbox 466 981 613 1025; x_wconf 86' lang='lat' dir='ltr'><strong>nem</strong></span> <span class='ocrx_word' id='word_1_29' title='bbox 656 982 779 1047; x_wconf 92' lang='lat' dir='ltr'><strong>pro</strong></span> <span class='ocrx_word' id='word_1_30' title='bbox 821 962 1034 1048; x_wconf 79' lang='lat' dir='ltr'><strong>gradu</strong></span> <span class='ocrx_word' id='word_1_31' title='bbox 1045 1012 1064 1046; x_wconf 88' lang='lat'><em>‚</em></span> <span class='ocrx_word' id='word_1_32' title='bbox 1104 960 1193 1029; x_wconf 91' lang='lat' dir='ltr'><strong>ad</strong></span> <span class='ocrx_word' id='word_1_33' title='bbox 1234 964 1589 1030; x_wconf 84' lang='lat' dir='ltr'><strong>sedendum</strong></span> <span class='ocrx_word' id='word_1_34' title='bbox 1630 966 1699 1030; x_wconf 93' lang='lat' dir='ltr'><strong>in</strong></span> <span class='ocrx_word' id='word_1_35' title='bbox 1740 976 1913 1032; x_wconf 86' lang='lat' dir='ltr'><strong>sorte</strong></span> <span class='ocrx_word' id='word_1_36' title='bbox 1956 989 2074 1053; x_wconf 87' lang='lat' dir='ltr'><strong>pro</strong></span> <span class='ocrx_word' id='word_1_37' title='bbox 2114 966 2330 1053; x_wconf 88' lang='lat' dir='ltr'><strong>aliquo</strong></span> <span class='ocrx_word' id='word_1_38' title='bbox 2375 968 2695 1033; x_wconf 82' lang='lat' dir='ltr'><strong>exercicio</strong></span> <span class='ocrx_word' id='word_1_39' title='bbox 2737 991 2865 1036; x_wconf 90' lang='lat' dir='ltr'><strong>non</strong></span> <span class='ocrx_word' id='word_1_40' title='bbox 2909 967 3307 1034; x_wconf 78' lang='lat' dir='ltr'><strong>admittatur.</strong></span> 
     </span>
     <span class='ocr_line' id='line_1_5' title="bbox 466 1058 3314 1153; baseline 0.004 -30"><span class='ocrx_word' id='word_1_41' title='bbox 466 1058 553 1124; x_wconf 86' lang='lat' dir='ltr'><strong>Et</strong></span> <span class='ocrx_word' id='word_1_42' title='bbox 582 1058 707 1125; x_wconf 92' lang='lat' dir='ltr'><strong>hoc</strong></span> <span class='ocrx_word' id='word_1_43' title='bbox 740 1061 1109 1128; x_wconf 87' lang='lat' dir='ltr'><strong>conclusum</strong></span> <span class='ocrx_word' id='word_1_44' title='bbox 1138 1063 1417 1129; x_wconf 76' lang='lat' dir='ltr'><strong>facultas</strong></span> <span class='ocrx_word' id='word_1_45' title='bbox 1459 1064 1545 1129; x_wconf 90' lang='lat' dir='ltr'><strong>ad</strong></span> <span class='ocrx_word' id='word_1_46' title='bbox 1588 1065 1861 1151; x_wconf 86' lang='lat' dir='ltr'><strong>probam</strong></span> <span class='ocrx_word' id='word_1_47' title='bbox 1906 1076 2220 1153; x_wconf 87' lang='lat' dir='ltr'><strong>acceptat,</strong></span> <span class='ocrx_word' id='word_1_48' title='bbox 2266 1076 2333 1133; x_wconf 90' lang='lat' dir='ltr'><strong>et</strong></span> <span class='ocrx_word' id='word_1_49' title='bbox 2375 1067 2431 1131; x_wconf 89' lang='lat' dir='ltr'><strong>si</strong></span> <span class='ocrx_word' id='word_1_50' title='bbox 2472 1067 2668 1133; x_wconf 89' lang='lat' dir='ltr'><strong>fiscus</strong></span> <span class='ocrx_word' id='word_1_51' title='bbox 2705 1066 3030 1133; x_wconf 76' lang='lat' dir='ltr'><strong>facultatis</strong></span> <span class='ocrx_word' id='word_1_52' title='bbox 3075 1070 3314 1135; x_wconf 84' lang='lat' dir='ltr'><strong>artium</strong></span> 
     </span>
     <span class='ocr_line' id='line_1_6' title="bbox 474 1160 3396 1253; baseline 0.004 -29"><span class='ocrx_word' id='word_1_53' title='bbox 474 1160 795 1225; x_wconf 83' lang='lat' dir='ltr'><strong>sustinere</strong></span> <span class='ocrx_word' id='word_1_54' title='bbox 838 1163 1107 1247; x_wconf 89' lang='lat' dir='ltr'><strong>poterit,</strong></span> <span class='ocrx_word' id='word_1_55' title='bbox 1152 1172 1403 1229; x_wconf 82' lang='lat' dir='ltr'><strong>tantum</strong></span> <span class='ocrx_word' id='word_1_56' title='bbox 1459 1163 1853 1249; x_wconf 75' lang='lat' dir='ltr'><strong>stipendium</strong></span> <span class='ocrx_word' id='word_1_57' title='bbox 1898 1164 2216 1250; x_wconf 87' lang='lat' dir='ltr'><strong>solvetur,</strong></span> <span class='ocrx_word' id='word_1_58' title='bbox 2275 1176 2341 1230; x_wconf 91' lang='lat' dir='ltr'><strong>et</strong></span> <span class='ocrx_word' id='word_1_59' title='bbox 2397 1168 2453 1231; x_wconf 91' lang='lat' dir='ltr'><strong>si</strong></span> <span class='ocrx_word' id='word_1_60' title='bbox 2509 1166 2697 1232; x_wconf 86' lang='lat' dir='ltr'><strong>electi</strong></span> <span class='ocrx_word' id='word_1_61' title='bbox 2739 1188 2856 1253; x_wconf 90' lang='lat' dir='ltr'><strong>per</strong></span> <span class='ocrx_word' id='word_1_62' title='bbox 2895 1175 3129 1232; x_wconf 82' lang='lat' dir='ltr'><strong>sortem</strong></span> <span class='ocrx_word' id='word_1_63' title='bbox 3169 1166 3309 1233; x_wconf 77' lang='lat' dir='ltr'><strong>dili-</strong></span> <span class='ocrx_word' id='word_1_64' title='bbox 3361 1177 3396 1235; x_wconf 78' lang='lat'><strong>5</strong></span> 
     </span>
     <span class='ocr_line' id='line_1_7' title="bbox 465 1260 1647 1344; baseline 0.003 -22"><span class='ocrx_word' id='word_1_65' title='bbox 465 1260 753 1344; x_wconf 86' lang='lat' dir='ltr'><strong>gentiam</strong></span> <span class='ocrx_word' id='word_1_66' title='bbox 794 1261 1159 1329; x_wconf 83' lang='lat' dir='ltr'><strong>exercendo</strong></span> <span class='ocrx_word' id='word_1_67' title='bbox 1214 1262 1647 1328; x_wconf 84' lang='lat' dir='ltr'><strong>adhibuerint.</strong></span> 
     </span>
    </p>
   </div>
   <div class='ocr_carea' id='block_1_3' title="bbox 804 1465 2981 1631">
    <p class='ocr_par' dir='ltr' id='par_1_3' title="bbox 804 1465 2981 1631">
     <span class='ocr_line' id='line_1_8' title="bbox 804 1465 2981 1548; baseline 0.001 -23"><span class='ocrx_word' id='word_1_68' title='bbox 804 1465 897 1527; x_wconf 85' lang='lat'><strong>12.</strong></span> <span class='ocrx_word' id='word_1_69' title='bbox 940 1479 1035 1527; x_wconf 74' lang='lat' dir='ltr'><strong>nn</strong></span> <span class='ocrx_word' id='word_1_70' title='bbox 1076 1480 1464 1545; x_wconf 73' lang='lat' dir='ltr'><strong>uAffls‘rms,</strong></span> <span class='ocrx_word' id='word_1_71' title='bbox 1510 1480 1632 1539; x_wconf 74' lang='lat' dir='ltr'><strong>qm</strong></span> <span class='ocrx_word' id='word_1_72' title='bbox 1673 1478 1973 1528; x_wconf 67' lang='lat' dir='ltr'><strong>nonnum</strong></span> <span class='ocrx_word' id='word_1_73' title='bbox 2014 1480 2354 1531; x_wconf 64' lang='lat' dir='ltr'><strong>smmmm</strong></span> <span class='ocrx_word' id='word_1_74' title='bbox 2398 1482 2981 1548; x_wconf 68' lang='lat' dir='ltr'><strong>cournsvnmmr,</strong></span> 
     </span>
     <span class='ocr_line' id='line_1_9' title="bbox 1340 1577 2431 1631; baseline 0.003 -5"><span class='ocrx_word' id='word_1_75' title='bbox 1340 1580 1429 1627; x_wconf 73' lang='lat' dir='ltr'><strong>m·</strong></span> <span class='ocrx_word' id='word_1_76' title='bbox 1477 1580 1570 1627; x_wconf 80' lang='lat' dir='ltr'><strong>DE</strong></span> <span class='ocrx_word' id='word_1_77' title='bbox 1623 1580 1846 1629; x_wconf 75' lang='lat' dir='ltr'><strong>PAs‘ru</strong></span> <span class='ocrx_word' id='word_1_78' title='bbox 1888 1577 2431 1631; x_wconf 74' lang='lat' dir='ltr'><strong>Exnncmronnu.</strong></span> 
     </span>
    </p>
   </div>
   <div class='ocr_carea' id='block_1_4' title="bbox 458 1690 3394 3075">
    <p class='ocr_par' dir='ltr' id='par_1_4' title="bbox 458 1690 3394 3075">
     <span class='ocr_line' id='line_1_10' title="bbox 630 1690 3313 1783; baseline 0.002 -26"><span class='ocrx_word' id='word_1_79' title='bbox 630 1690 861 1758; x_wconf 85' lang='lat' dir='ltr'><strong>Placet</strong></span> <span class='ocrx_word' id='word_1_80' title='bbox 875 1742 893 1776; x_wconf 86' lang='lat'><strong>,</strong></span> <span class='ocrx_word' id='word_1_81' title='bbox 936 1694 1108 1779; x_wconf 91' lang='lat' dir='ltr'><strong>quod</strong></span> <span class='ocrx_word' id='word_1_82' title='bbox 1124 1742 1143 1776; x_wconf 85' lang='lat'><em>‚</em></span> <span class='ocrx_word' id='word_1_83' title='bbox 1188 1697 1244 1760; x_wconf 87' lang='lat' dir='ltr'><strong>si</strong></span> <span class='ocrx_word' id='word_1_84' title='bbox 1298 1697 1443 1781; x_wconf 87' lang='lat' dir='ltr'><strong>quis</strong></span> <span class='ocrx_word' id='word_1_85' title='bbox 1486 1697 1945 1781; x_wconf 89' lang='lat' dir='ltr'><strong>magistrorum</strong></span> <span class='ocrx_word' id='word_1_86' title='bbox 1996 1718 2182 1761; x_wconf 88' lang='lat' dir='ltr'><strong>suum</strong></span> <span class='ocrx_word' id='word_1_87' title='bbox 2237 1696 2566 1763; x_wconf 86' lang='lat' dir='ltr'><strong>biennium</strong></span> <span class='ocrx_word' id='word_1_88' title='bbox 2604 1719 2733 1762; x_wconf 91' lang='lat' dir='ltr'><strong>non</strong></span> <span class='ocrx_word' id='word_1_89' title='bbox 2778 1694 3199 1783; x_wconf 86' lang='lat' dir='ltr'><strong>compleverit</strong></span> <span class='ocrx_word' id='word_1_90' title='bbox 3247 1706 3313 1762; x_wconf 89' lang='lat' dir='ltr'><strong>et</strong></span> 
     </span>
     <span class='ocr_line' id='line_1_11' title="bbox 466 1790 3394 1881; baseline 0.003 -27"><span class='ocrx_word' id='word_1_91' title='bbox 466 1790 737 1879; x_wconf 85' lang='lat' dir='ltr'><strong>aliquod</strong></span> <span class='ocrx_word' id='word_1_92' title='bbox 777 1795 1167 1859; x_wconf 83' lang='lat' dir='ltr'><strong>exercicium</strong></span> <span class='ocrx_word' id='word_1_93' title='bbox 1230 1816 1349 1881; x_wconf 86' lang='lat' dir='ltr'><strong>per</strong></span> <span class='ocrx_word' id='word_1_94' title='bbox 1410 1804 1649 1861; x_wconf 88' lang='lat' dir='ltr'><strong>sortem</strong></span> <span class='ocrx_word' id='word_1_95' title='bbox 1712 1796 2056 1881; x_wconf 86' lang='lat' dir='ltr'><strong>acceperit,</strong></span> <span class='ocrx_word' id='word_1_96' title='bbox 2118 1797 2185 1860; x_wconf 91' lang='lat' dir='ltr'><strong>in</strong></span> <span class='ocrx_word' id='word_1_97' title='bbox 2243 1797 2455 1862; x_wconf 84' lang='lat' dir='ltr'><strong>tribus</strong></span> <span class='ocrx_word' id='word_1_98' title='bbox 2516 1797 2780 1861; x_wconf 89' lang='lat' dir='ltr'><strong>florenis</strong></span> <span class='ocrx_word' id='word_1_99' title='bbox 2823 1794 3015 1861; x_wconf 85' lang='lat' dir='ltr'><strong>debet</strong></span> <span class='ocrx_word' id='word_1_100' title='bbox 3055 1817 3181 1880; x_wconf 91' lang='lat' dir='ltr'><strong>quo</strong></span> <span class='ocrx_word' id='word_1_101' title='bbox 3223 1795 3311 1862; x_wconf 88' lang='lat' dir='ltr'><strong>ad</strong></span> <span class='ocrx_word' id='word_1_102' title='bbox 3331 1806 3394 1863; x_wconf 90' lang='grc'><strong>10</strong></span> 
     </span>
     <span class='ocr_line' id='line_1_12' title="bbox 466 1891 3306 1983; baseline 0.002 -28"><span class='ocrx_word' id='word_1_103' title='bbox 466 1891 835 1957; x_wconf 82' lang='lat' dir='ltr'><strong>mercedem</strong></span> <span class='ocrx_word' id='word_1_104' title='bbox 880 1916 1022 1959; x_wconf 86' lang='lat' dir='ltr'><strong>esse</strong></span> <span class='ocrx_word' id='word_1_105' title='bbox 1062 1902 1417 1977; x_wconf 82' lang='lat' dir='ltr'><strong>contentus,</strong></span> <span class='ocrx_word' id='word_1_106' title='bbox 1462 1893 1725 1981; x_wconf 89' lang='lat' dir='ltr'><strong>dempto</strong></span> <span class='ocrx_word' id='word_1_107' title='bbox 1768 1896 2090 1959; x_wconf 86' lang='lat' dir='ltr'><strong>exercicio</strong></span> <span class='ocrx_word' id='word_1_108' title='bbox 2133 1894 2548 1982; x_wconf 87' lang='lat' dir='ltr'><strong>phisicorum,</strong></span> <span class='ocrx_word' id='word_1_109' title='bbox 2591 1918 2711 1983; x_wconf 91' lang='lat' dir='ltr'><strong>pro</strong></span> <span class='ocrx_word' id='word_1_110' title='bbox 2753 1918 2878 1982; x_wconf 90' lang='lat' dir='ltr'><strong>quo</strong></span> <span class='ocrx_word' id='word_1_111' title='bbox 2922 1894 3157 1959; x_wconf 87' lang='lat' dir='ltr'><strong>dentur</strong></span> <span class='ocrx_word' id='word_1_112' title='bbox 3191 1895 3306 1961; x_wconf 88' lang='lat' dir='ltr'><strong>tali</strong></span> 
     </span>
     <span class='ocr_line' id='line_1_13' title="bbox 462 1992 3305 2083; baseline 0.003 -30"><span class='ocrx_word' id='word_1_113' title='bbox 462 1994 781 2076; x_wconf 82' lang='lat' dir='ltr'><strong>magistro</strong></span> <span class='ocrx_word' id='word_1_114' title='bbox 824 2002 957 2059; x_wconf 86' lang='lat' dir='ltr'><strong>tres</strong></span> <span class='ocrx_word' id='word_1_115' title='bbox 1004 2002 1067 2071; x_wconf 65' lang='lat' dir='ltr'><strong>lg</strong></span> <span class='ocrx_word' id='word_1_116' title='bbox 1110 2014 1255 2058; x_wconf 88' lang='lat' dir='ltr'><strong>cum</strong></span> <span class='ocrx_word' id='word_1_117' title='bbox 1321 1993 1543 2059; x_wconf 90' lang='lat' dir='ltr'><strong>decem</strong></span> <span class='ocrx_word' id='word_1_118' title='bbox 1612 1995 1879 2080; x_wconf 79' lang='lat' dir='ltr'><strong>grossis.</strong></span> <span class='ocrx_word' id='word_1_119' title='bbox 1986 1992 2178 2060; x_wconf 84' lang='lat' dir='ltr'><strong>Ratio</strong></span> <span class='ocrx_word' id='word_1_120' title='bbox 2221 1996 2391 2061; x_wconf 90' lang='lat' dir='ltr'><strong>enim</strong></span> <span class='ocrx_word' id='word_1_121' title='bbox 2434 1995 2637 2060; x_wconf 86' lang='lat' dir='ltr'><strong>dictat</strong></span> <span class='ocrx_word' id='word_1_122' title='bbox 2651 2044 2668 2076; x_wconf 90' lang='lat'>‚</span> <span class='ocrx_word' id='word_1_123' title='bbox 2713 1993 2889 2083; x_wconf 90' lang='lat' dir='ltr'><strong>quod</strong></span> <span class='ocrx_word' id='word_1_124' title='bbox 2941 1995 3155 2060; x_wconf 90' lang='lat' dir='ltr'><strong>minus</strong></span> <span class='ocrx_word' id='word_1_125' title='bbox 3197 1995 3305 2061; x_wconf 89' lang='lat' dir='ltr'><strong>ille</strong></span> 
     </span>
     <span class='ocr_line' id='line_1_14' title="bbox 466 2092 3308 2184; baseline 0.002 -31"><span class='ocrx_word' id='word_1_126' title='bbox 466 2093 782 2176; x_wconf 85' lang='lat' dir='ltr'><strong>magister</strong></span> <span class='ocrx_word' id='word_1_127' title='bbox 822 2114 1137 2159; x_wconf 83' lang='lat' dir='ltr'><strong>exercens</strong></span> <span class='ocrx_word' id='word_1_128' title='bbox 1176 2116 1297 2181; x_wconf 89' lang='lat' dir='ltr'><strong>pro</strong></span> <span class='ocrx_word' id='word_1_129' title='bbox 1337 2104 1629 2180; x_wconf 84' lang='lat' dir='ltr'><strong>tempore</strong></span> <span class='ocrx_word' id='word_1_130' title='bbox 1669 2093 1912 2160; x_wconf 85' lang='lat' dir='ltr'><strong>habere</strong></span> <span class='ocrx_word' id='word_1_131' title='bbox 1954 2092 2209 2177; x_wconf 86' lang='lat' dir='ltr'><strong>debeat,</strong></span> <span class='ocrx_word' id='word_1_132' title='bbox 2251 2095 2362 2184; x_wconf 89' lang='lat' dir='ltr'><strong>qui</strong></span> <span class='ocrx_word' id='word_1_133' title='bbox 2408 2094 2572 2160; x_wconf 84' lang='lat' dir='ltr'><strong>alias</strong></span> <span class='ocrx_word' id='word_1_134' title='bbox 2619 2092 2703 2159; x_wconf 85' lang='lat' dir='ltr'><strong>ad</strong></span> <span class='ocrx_word' id='word_1_135' title='bbox 2749 2115 2936 2158; x_wconf 90' lang='lat' dir='ltr'><strong>suum</strong></span> <span class='ocrx_word' id='word_1_136' title='bbox 2980 2092 3308 2159; x_wconf 88' lang='lat' dir='ltr'><strong>biennium</strong></span> 
     </span>
     <span class='ocr_line' id='line_1_15' title="bbox 468 2189 3310 2281; baseline 0.002 -28"><span class='ocrx_word' id='word_1_137' title='bbox 468 2189 919 2277; x_wconf 86' lang='lat' dir='ltr'><strong>complendum</strong></span> <span class='ocrx_word' id='word_1_138' title='bbox 976 2202 1227 2259; x_wconf 89' lang='lat' dir='ltr'><strong>tenetur</strong></span> <span class='ocrx_word' id='word_1_139' title='bbox 1278 2193 1463 2257; x_wconf 86' lang='lat' dir='ltr'><strong>iuxta</strong></span> <span class='ocrx_word' id='word_1_140' title='bbox 1522 2214 1705 2258; x_wconf 85' lang='lat' dir='ltr'><strong>suum</strong></span> <span class='ocrx_word' id='word_1_141' title='bbox 1758 2195 2144 2280; x_wconf 86' lang='lat' dir='ltr'><strong>praestitum</strong></span> <span class='ocrx_word' id='word_1_142' title='bbox 2195 2195 2623 2258; x_wconf 89' lang='lat' dir='ltr'><strong>iuramentum</strong></span> <span class='ocrx_word' id='word_1_143' title='bbox 2638 2242 2656 2276; x_wconf 92' lang='lat'><strong>,</strong></span> <span class='ocrx_word' id='word_1_144' title='bbox 2711 2214 2904 2278; x_wconf 90' lang='lat' dir='ltr'><strong>quam</strong></span> <span class='ocrx_word' id='word_1_145' title='bbox 2960 2189 3145 2273; x_wconf 84' lang='lat' dir='ltr'><strong>alter,</strong></span> <span class='ocrx_word' id='word_1_146' title='bbox 3197 2195 3310 2281; x_wconf 90' lang='lat' dir='ltr'><strong>qui</strong></span> 
     </span>
     <span class='ocr_line' id='line_1_16' title="bbox 478 2288 3392 2379; baseline 0.002 -27"><span class='ocrx_word' id='word_1_147' title='bbox 478 2310 671 2353; x_wconf 89' lang='lat' dir='ltr'><strong>suum</strong></span> <span class='ocrx_word' id='word_1_148' title='bbox 714 2288 1044 2357; x_wconf 90' lang='lat' dir='ltr'><strong>biennium</strong></span> <span class='ocrx_word' id='word_1_149' title='bbox 1086 2293 1337 2377; x_wconf 84' lang='lat' dir='ltr'><strong>integre</strong></span> <span class='ocrx_word' id='word_1_150' title='bbox 1380 2291 1741 2379; x_wconf 76' lang='lat' dir='ltr'><strong>complevit.</strong></span> <span class='ocrx_word' id='word_1_151' title='bbox 1847 2289 2142 2372; x_wconf 79' lang='lat' dir='ltr'><strong>Quilibet</strong></span> <span class='ocrx_word' id='word_1_152' title='bbox 2196 2313 2353 2357; x_wconf 86' lang='lat' dir='ltr'><strong>vero</strong></span> <span class='ocrx_word' id='word_1_153' title='bbox 2407 2294 2866 2379; x_wconf 87' lang='lat' dir='ltr'><strong>magistrorum</strong></span> <span class='ocrx_word' id='word_1_154' title='bbox 2883 2340 2901 2373; x_wconf 91' lang='lat'><strong>,</strong></span> <span class='ocrx_word' id='word_1_155' title='bbox 2959 2292 3069 2376; x_wconf 87' lang='lat' dir='ltr'><strong>qui</strong></span> <span class='ocrx_word' id='word_1_156' title='bbox 3127 2314 3307 2357; x_wconf 90' lang='lat' dir='ltr'><strong>suum</strong></span> <span class='ocrx_word' id='word_1_157' title='bbox 3331 2300 3392 2358; x_wconf 84' lang='grc'><strong>15</strong></span> 
     </span>
     <span class='ocr_line' id='line_1_17' title="bbox 466 2386 3310 2479; baseline 0.002 -28"><span class='ocrx_word' id='word_1_158' title='bbox 466 2386 797 2454; x_wconf 88' lang='lat' dir='ltr'><strong>biennium</strong></span> <span class='ocrx_word' id='word_1_159' title='bbox 862 2391 1283 2479; x_wconf 84' lang='lat' dir='ltr'><strong>compleverit</strong></span> <span class='ocrx_word' id='word_1_160' title='bbox 1300 2440 1318 2474; x_wconf 90' lang='lat'><strong>,</strong></span> <span class='ocrx_word' id='word_1_161' title='bbox 1378 2390 1647 2456; x_wconf 87' lang='lat' dir='ltr'><strong>habebit</strong></span> <span class='ocrx_word' id='word_1_162' title='bbox 1704 2400 2011 2479; x_wconf 87' lang='lat' dir='ltr'><strong>quattuor</strong></span> <span class='ocrx_word' id='word_1_163' title='bbox 2069 2397 2134 2467; x_wconf 58' lang='grc' dir='ltr'><em>Α</em></span> <span class='ocrx_word' id='word_1_164' title='bbox 2199 2414 2321 2479; x_wconf 91' lang='lat' dir='ltr'><strong>pro</strong></span> <span class='ocrx_word' id='word_1_165' title='bbox 2387 2390 2673 2477; x_wconf 88' lang='lat' dir='ltr'><strong>quolibet</strong></span> <span class='ocrx_word' id='word_1_166' title='bbox 2736 2388 2920 2455; x_wconf 86' lang='lat' dir='ltr'><strong>totali</strong></span> <span class='ocrx_word' id='word_1_167' title='bbox 2991 2391 3310 2457; x_wconf 85' lang='lat' dir='ltr'><strong>exercicio</strong></span> 
     </span>
     <span class='ocr_line' id='line_1_18' title="bbox 464 2487 3314 2579; baseline 0 -27"><span class='ocrx_word' id='word_1_168' title='bbox 464 2487 883 2575; x_wconf 88' lang='lat' dir='ltr'><strong>disputando,</strong></span> <span class='ocrx_word' id='word_1_169' title='bbox 928 2490 1191 2578; x_wconf 89' lang='lat' dir='ltr'><strong>dempto</strong></span> <span class='ocrx_word' id='word_1_170' title='bbox 1227 2491 1549 2557; x_wconf 80' lang='lat' dir='ltr'><strong>exercicio</strong></span> <span class='ocrx_word' id='word_1_171' title='bbox 1581 2488 2028 2577; x_wconf 78' lang='lat' dir='ltr'><strong>physicorum,</strong></span> <span class='ocrx_word' id='word_1_172' title='bbox 2071 2490 2248 2579; x_wconf 89' lang='lat' dir='ltr'><strong>quod</strong></span> <span class='ocrx_word' id='word_1_173' title='bbox 2289 2489 2496 2557; x_wconf 81' lang='lat' dir='ltr'><strong>solvet</strong></span> <span class='ocrx_word' id='word_1_174' title='bbox 2537 2492 2818 2578; x_wconf 88' lang='lat' dir='ltr'><strong>quinque</strong></span> <span class='ocrx_word' id='word_1_175' title='bbox 2860 2488 3158 2554; x_wconf 90' lang='lat' dir='ltr'><strong>florenos.</strong></span> <span class='ocrx_word' id='word_1_176' title='bbox 3224 2488 3314 2553; x_wconf 81' lang='lat' dir='ltr'><strong>Et</strong></span> 
     </span>
     <span class='ocr_line' id='line_1_19' title="bbox 462 2587 3307 2677; baseline 0.001 -26"><span class='ocrx_word' id='word_1_177' title='bbox 462 2609 584 2674; x_wconf 91' lang='lat' dir='ltr'><strong>pro</strong></span> <span class='ocrx_word' id='word_1_178' title='bbox 630 2590 1007 2675; x_wconf 85' lang='lat' dir='ltr'><strong>magisterio</strong></span> <span class='ocrx_word' id='word_1_179' title='bbox 1049 2592 1116 2655; x_wconf 92' lang='lat' dir='ltr'><strong>in</strong></span> <span class='ocrx_word' id='word_1_180' title='bbox 1158 2591 1367 2656; x_wconf 89' lang='lat' dir='ltr'><strong>hieme</strong></span> <span class='ocrx_word' id='word_1_181' title='bbox 1412 2589 1854 2677; x_wconf 88' lang='lat' dir='ltr'><strong>disputabitur</strong></span> <span class='ocrx_word' id='word_1_182' title='bbox 1895 2590 1977 2657; x_wconf 88' lang='lat' dir='ltr'><strong>de</strong></span> <span class='ocrx_word' id='word_1_183' title='bbox 2017 2592 2438 2676; x_wconf 85' lang='lat' dir='ltr'><strong>generatione</strong></span> <span class='ocrx_word' id='word_1_184' title='bbox 2497 2598 2560 2654; x_wconf 91' lang='lat' dir='ltr'><strong>et</strong></span> <span class='ocrx_word' id='word_1_185' title='bbox 2617 2610 2875 2675; x_wconf 87' lang='lat' dir='ltr'><strong>corrup.</strong></span> <span class='ocrx_word' id='word_1_186' title='bbox 2915 2587 3307 2671; x_wconf 85' lang='lat' dir='ltr'><strong>Aristotelis,</strong></span> 
     </span>
     <span class='ocr_line' id='line_1_20' title="bbox 458 2686 3309 2779; baseline 0.001 -30"><span class='ocrx_word' id='word_1_187' title='bbox 458 2687 530 2750; x_wconf 89' lang='lat' dir='ltr'><strong>in</strong></span> <span class='ocrx_word' id='word_1_188' title='bbox 572 2698 819 2753; x_wconf 86' lang='lat' dir='ltr'><strong>aestate</strong></span> <span class='ocrx_word' id='word_1_189' title='bbox 862 2690 1253 2755; x_wconf 80' lang='lat' dir='ltr'><strong>exercicium</strong></span> <span class='ocrx_word' id='word_1_190' title='bbox 1297 2712 1651 2779; x_wconf 80' lang='lat' dir='ltr'><strong>parvorum</strong></span> <span class='ocrx_word' id='word_1_191' title='bbox 1694 2690 2116 2773; x_wconf 88' lang='lat' dir='ltr'><strong>naturalium,</strong></span> <span class='ocrx_word' id='word_1_192' title='bbox 2160 2712 2281 2777; x_wconf 88' lang='lat' dir='ltr'><strong>pro</strong></span> <span class='ocrx_word' id='word_1_193' title='bbox 2326 2711 2602 2776; x_wconf 90' lang='lat' dir='ltr'><strong>quorum</strong></span> <span class='ocrx_word' id='word_1_194' title='bbox 2653 2686 2942 2777; x_wconf 88' lang='lat' dir='ltr'><strong>quolibet</strong></span> <span class='ocrx_word' id='word_1_195' title='bbox 2997 2706 3309 2755; x_wconf 86' lang='lat' dir='ltr'><strong>exercens</strong></span> 
     </span>
     <span class='ocr_line' id='line_1_21' title="bbox 468 2780 3393 2876; baseline -0.001 -23"><span class='ocrx_word' id='word_1_196' title='bbox 468 2780 575 2873; x_wconf 90' lang='grc'><strong>[40</strong></span> <span class='ocrx_word' id='word_1_197' title='bbox 592 2782 645 2873; x_wconf 73' lang='lat'><strong>¹³]</strong></span> <span class='ocrx_word' id='word_1_198' title='bbox 704 2786 974 2854; x_wconf 86' lang='lat' dir='ltr'><strong>habebit</strong></span> <span class='ocrx_word' id='word_1_199' title='bbox 1024 2800 1327 2876; x_wconf 89' lang='lat' dir='ltr'><strong>quattuor</strong></span> <span class='ocrx_word' id='word_1_200' title='bbox 1383 2789 1696 2873; x_wconf 84' lang='lat' dir='ltr'><strong>florenos3</strong></span> <span class='ocrx_word' id='word_1_201' title='bbox 1760 2798 1824 2856; x_wconf 88' lang='lat' dir='ltr'><strong>et</strong></span> <span class='ocrx_word' id='word_1_202' title='bbox 1873 2790 1928 2853; x_wconf 90' lang='lat' dir='ltr'><strong>si</strong></span> <span class='ocrx_word' id='word_1_203' title='bbox 1972 2789 2343 2855; x_wconf 87' lang='lat' dir='ltr'><strong>sallariatus</strong></span> <span class='ocrx_word' id='word_1_204' title='bbox 2388 2790 2705 2876; x_wconf 88' lang='lat' dir='ltr'><strong>principis</strong></span> <span class='ocrx_word' id='word_1_205' title='bbox 2725 2836 2743 2872; x_wconf 90' lang='lat'><strong>,</strong></span> <span class='ocrx_word' id='word_1_206' title='bbox 2790 2786 3016 2851; x_wconf 88' lang='lat' dir='ltr'><strong>saltem</strong></span> <span class='ocrx_word' id='word_1_207' title='bbox 3061 2785 3393 2851; x_wconf 69' lang='lat' dir='ltr'><strong>habensm</strong></span> 
     </span>
     <span class='ocr_line' id='line_1_22' title="bbox 462 2882 3309 2974; baseline -0 -24"><span class='ocrx_word' id='word_1_208' title='bbox 462 2906 703 2972; x_wconf 88' lang='lat' dir='ltr'><strong>corpus</strong></span> <span class='ocrx_word' id='word_1_209' title='bbox 742 2888 843 2951; x_wconf 87' lang='lat' dir='ltr'><strong>sui</strong></span> <span class='ocrx_word' id='word_1_210' title='bbox 882 2887 1139 2974; x_wconf 90' lang='lat' dir='ltr'><strong>collegii</strong></span> <span class='ocrx_word' id='word_1_211' title='bbox 1155 2938 1173 2971; x_wconf 91' lang='lat'><strong>,</strong></span> <span class='ocrx_word' id='word_1_212' title='bbox 1218 2888 1442 2954; x_wconf 89' lang='lat' dir='ltr'><strong>sedere</strong></span> <span class='ocrx_word' id='word_1_213' title='bbox 1484 2888 1763 2954; x_wconf 84' lang='lat' dir='ltr'><strong>voluerit</strong></span> <span class='ocrx_word' id='word_1_214' title='bbox 1819 2889 1888 2953; x_wconf 91' lang='lat' dir='ltr'><strong>in</strong></span> <span class='ocrx_word' id='word_1_215' title='bbox 1945 2898 2150 2971; x_wconf 90' lang='lat' dir='ltr'><strong>sorte,</strong></span> <span class='ocrx_word' id='word_1_216' title='bbox 2208 2910 2336 2953; x_wconf 91' lang='lat' dir='ltr'><strong>non</strong></span> <span class='ocrx_word' id='word_1_217' title='bbox 2397 2887 2590 2953; x_wconf 88' lang='lat' dir='ltr'><strong>debet</strong></span> <span class='ocrx_word' id='word_1_218' title='bbox 2647 2885 2979 2974; x_wconf 85' lang='lat' dir='ltr'><strong>prohiberi</strong></span> <span class='ocrx_word' id='word_1_219' title='bbox 2994 2933 3013 2967; x_wconf 91' lang='lat'><strong>,</strong></span> <span class='ocrx_word' id='word_1_220' title='bbox 3058 2884 3173 2949; x_wconf 89' lang='lat' dir='ltr'><strong>sed</strong></span> <span class='ocrx_word' id='word_1_221' title='bbox 3228 2882 3309 2949; x_wconf 91' lang='lat' dir='ltr'><strong>de</strong></span> 
     </span>
     <span class='ocr_line' id='line_1_23' title="bbox 462 2982 3314 3075; baseline 0 -27"><span class='ocrx_word' id='word_1_222' title='bbox 462 2983 729 3050; x_wconf 88' lang='lat' dir='ltr'><strong>sallario</strong></span> <span class='ocrx_word' id='word_1_223' title='bbox 791 2988 1108 3075; x_wconf 88' lang='lat' dir='ltr'><strong>principis</strong></span> <span class='ocrx_word' id='word_1_224' title='bbox 1162 2987 1355 3053; x_wconf 89' lang='lat' dir='ltr'><strong>debet</strong></span> <span class='ocrx_word' id='word_1_225' title='bbox 1408 3010 1553 3054; x_wconf 90' lang='lat' dir='ltr'><strong>esse</strong></span> <span class='ocrx_word' id='word_1_226' title='bbox 1610 2997 1947 3053; x_wconf 86' lang='lat' dir='ltr'><strong>contentus</strong></span> <span class='ocrx_word' id='word_1_227' title='bbox 1998 3009 2120 3053; x_wconf 90' lang='lat' dir='ltr'><strong>nec</strong></span> <span class='ocrx_word' id='word_1_228' title='bbox 2174 2986 2459 3073; x_wconf 87' lang='lat' dir='ltr'><strong>aliquam</strong></span> <span class='ocrx_word' id='word_1_229' title='bbox 2514 2984 2880 3052; x_wconf 86' lang='lat' dir='ltr'><strong>mercedem</strong></span> <span class='ocrx_word' id='word_1_230' title='bbox 2925 3007 2967 3054; x_wconf 83' lang='lat' dir='ltr'><strong>a</strong></span> <span class='ocrx_word' id='word_1_231' title='bbox 3007 2982 3314 3049; x_wconf 85' lang='lat' dir='ltr'><strong>facultate</strong></span> 
     </span>
    </p>
   </div>
   <div class='ocr_carea' id='block_1_5' title="bbox 463 3081 815 3169">
    <p class='ocr_par' dir='ltr' id='par_1_5' title="bbox 463 3081 815 3169">
     <span class='ocr_line' id='line_1_24' title="bbox 463 3081 815 3169; baseline 0 -20"><span class='ocrx_word' id='word_1_232' title='bbox 463 3081 815 3169; x_wconf 73' lang='lat' dir='ltr'><strong>posmlare.</strong></span> 
     </span>
    </p>
   </div>
   <div class='ocr_carea' id='block_1_6' title="bbox 1048 3259 2722 3321">
    <p class='ocr_par' dir='ltr' id='par_1_6' title="bbox 1048 3259 2722 3321">
     <span class='ocr_line' id='line_1_25' title="bbox 1048 3259 2722 3321; baseline -0.002 -3"><span class='ocrx_word' id='word_1_233' title='bbox 1048 3259 1141 3321; x_wconf 87' lang='grc'><strong>13.</strong></span> <span class='ocrx_word' id='word_1_234' title='bbox 1203 3271 1299 3318; x_wconf 73' lang='lat' dir='ltr'><strong>nn</strong></span> <span class='ocrx_word' id='word_1_235' title='bbox 1338 3271 1691 3320; x_wconf 64' lang='lat' dir='ltr'><strong>anrmmi:</strong></span> <span class='ocrx_word' id='word_1_236' title='bbox 1743 3273 1833 3319; x_wconf 79' lang='lat' dir='ltr'><strong>nr</strong></span> <span class='ocrx_word' id='word_1_237' title='bbox 1876 3269 2254 3320; x_wconf 67' lang='lat' dir='ltr'><strong>anselmo</strong></span> <span class='ocrx_word' id='word_1_238' title='bbox 2293 3268 2722 3318; x_wconf 76' lang='lat' dir='ltr'><strong>mmcomm.</strong></span> 
     </span>
    </p>
   </div>
   <div class='ocr_carea' id='block_1_7' title="bbox 456 3382 3388 3572">
    <p class='ocr_par' dir='ltr' id='par_1_7' title="bbox 456 3382 3388 3572">
     <span class='ocr_line' id='line_1_26' title="bbox 626 3382 3388 3471; baseline 0 -21"><span class='ocrx_word' id='word_1_239' title='bbox 626 3385 799 3465; x_wconf 81' lang='lat' dir='ltr'><strong>Quia</strong></span> <span class='ocrx_word' id='word_1_240' title='bbox 856 3384 1048 3451; x_wconf 87' lang='lat' dir='ltr'><strong>lectio</strong></span> <span class='ocrx_word' id='word_1_241' title='bbox 1105 3385 1463 3451; x_wconf 89' lang='lat' dir='ltr'><strong>ethicorum</strong></span> <span class='ocrx_word' id='word_1_242' title='bbox 1518 3408 1665 3451; x_wconf 89' lang='lat' dir='ltr'><strong>cum</strong></span> <span class='ocrx_word' id='word_1_243' title='bbox 1714 3407 1966 3450; x_wconf 88' lang='lat' dir='ltr'><strong>summa</strong></span> <span class='ocrx_word' id='word_1_244' title='bbox 2023 3383 2364 3470; x_wconf 85' lang='lat' dir='ltr'><strong>diligentia</strong></span> <span class='ocrx_word' id='word_1_245' title='bbox 2419 3383 2550 3469; x_wconf 89' lang='lat' dir='ltr'><strong>legi</strong></span> <span class='ocrx_word' id='word_1_246' title='bbox 2599 3382 2822 3467; x_wconf 86' lang='lat' dir='ltr'><strong>debet,</strong></span> <span class='ocrx_word' id='word_1_247' title='bbox 2875 3382 3024 3450; x_wconf 86' lang='lat' dir='ltr'><strong>ideo</strong></span> <span class='ocrx_word' id='word_1_248' title='bbox 3066 3382 3301 3471; x_wconf 83' lang='lat' dir='ltr'><strong>placet,</strong></span> <span class='ocrx_word' id='word_1_249' title='bbox 3320 3393 3388 3450; x_wconf 80' lang='lat'><strong>25</strong></span> 
     </span>
     <span class='ocr_line' id='line_1_27' title="bbox 456 3484 2613 3572; baseline -0 -23"><span class='ocrx_word' id='word_1_250' title='bbox 456 3493 530 3548; x_wconf 92' lang='lat' dir='ltr'><strong>ut</strong></span> <span class='ocrx_word' id='word_1_251' title='bbox 570 3485 763 3550; x_wconf 88' lang='lat' dir='ltr'><strong>etiam</strong></span> <span class='ocrx_word' id='word_1_252' title='bbox 808 3507 929 3572; x_wconf 89' lang='lat' dir='ltr'><strong>pro</strong></span> <span class='ocrx_word' id='word_1_253' title='bbox 970 3486 1293 3552; x_wconf 87' lang='lat' dir='ltr'><strong>exercicio</strong></span> <span class='ocrx_word' id='word_1_254' title='bbox 1336 3484 1421 3550; x_wconf 90' lang='lat' dir='ltr'><strong>ad</strong></span> <span class='ocrx_word' id='word_1_255' title='bbox 1464 3484 1737 3572; x_wconf 87' lang='lat' dir='ltr'><strong>gradum</strong></span> <span class='ocrx_word' id='word_1_256' title='bbox 1779 3485 2142 3572; x_wconf 83' lang='lat' dir='ltr'><strong>magisterii</strong></span> <span class='ocrx_word' id='word_1_257' title='bbox 2185 3492 2613 3570; x_wconf 85' lang='lat' dir='ltr'><strong>computetur.</strong></span> 
     </span>
    </p>
   </div>
   <div class='ocr_carea' id='block_1_8' title="bbox 1192 3691 2582 3762">
    <p class='ocr_par' dir='ltr' id='par_1_8' title="bbox 1192 3691 2582 3762">
     <span class='ocr_line' id='line_1_28' title="bbox 1192 3691 2582 3762; baseline -0.002 -12"><span class='ocrx_word' id='word_1_258' title='bbox 1192 3691 1282 3752; x_wconf 86' lang='lat'><strong>14.</strong></span> <span class='ocrx_word' id='word_1_259' title='bbox 1328 3701 1579 3762; x_wconf 82' lang='lat' dir='ltr'><strong>Qumus</strong></span> <span class='ocrx_word' id='word_1_260' title='bbox 1618 3700 1871 3749; x_wconf 75' lang='lat' dir='ltr'><strong>omnus</strong></span> <span class='ocrx_word' id='word_1_261' title='bbox 1912 3701 2394 3750; x_wconf 73' lang='lat' dir='ltr'><strong>nmscnmmn</strong></span> <span class='ocrx_word' id='word_1_262' title='bbox 2431 3699 2582 3748; x_wconf 74' lang='lat' dir='ltr'><strong>Esr.</strong></span> 
     </span>
    </p>
   </div>
   <div class='ocr_carea' id='block_1_9' title="bbox 460 3813 3390 4401">
    <p class='ocr_par' dir='ltr' id='par_1_9' title="bbox 460 3813 3390 4401">
     <span class='ocr_line' id='line_1_29' title="bbox 628 3813 3303 3905; baseline 0.001 -25"><span class='ocrx_word' id='word_1_263' title='bbox 628 3813 853 3881; x_wconf 88' lang='lat' dir='ltr'><strong>Placet</strong></span> <span class='ocrx_word' id='word_1_264' title='bbox 887 3817 1172 3905; x_wconf 86' lang='lat' dir='ltr'><strong>insuper,</strong></span> <span class='ocrx_word' id='word_1_265' title='bbox 1229 3817 1402 3903; x_wconf 88' lang='lat' dir='ltr'><strong>quod</strong></span> <span class='ocrx_word' id='word_1_266' title='bbox 1456 3816 1726 3905; x_wconf 90' lang='lat' dir='ltr'><strong>quilibet</strong></span> <span class='ocrx_word' id='word_1_267' title='bbox 1778 3818 2123 3904; x_wconf 87' lang='lat' dir='ltr'><strong>magister,</strong></span> <span class='ocrx_word' id='word_1_268' title='bbox 2179 3815 2520 3904; x_wconf 86' lang='lat' dir='ltr'><strong>disputans</strong></span> <span class='ocrx_word' id='word_1_269' title='bbox 2576 3815 2840 3903; x_wconf 85' lang='lat' dir='ltr'><strong>aliquod</strong></span> <span class='ocrx_word' id='word_1_270' title='bbox 2892 3817 3303 3900; x_wconf 83' lang='lat' dir='ltr'><strong>exercicium,</strong></span> 
     </span>
     <span class='ocr_line' id='line_1_30' title="bbox 468 3909 3308 4004; baseline 0.001 -26"><span class='ocrx_word' id='word_1_271' title='bbox 468 3915 643 3979; x_wconf 91' lang='lat' dir='ltr'><strong>omni</strong></span> <span class='ocrx_word' id='word_1_272' title='bbox 680 3913 783 3979; x_wconf 90' lang='lat' dir='ltr'><strong>die</strong></span> <span class='ocrx_word' id='word_1_273' title='bbox 829 3914 1211 4004; x_wconf 86' lang='lat' dir='ltr'><strong>disputabili</strong></span> <span class='ocrx_word' id='word_1_274' title='bbox 1260 3909 1565 3982; x_wconf 82' lang='lat' dir='ltr'><strong>exercere</strong></span> <span class='ocrx_word' id='word_1_275' title='bbox 1607 3926 1921 4000; x_wconf 88' lang='lat' dir='ltr'><strong>teneatur,</strong></span> <span class='ocrx_word' id='word_1_276' title='bbox 1970 3915 2090 3981; x_wconf 89' lang='lat' dir='ltr'><strong>sub</strong></span> <span class='ocrx_word' id='word_1_277' title='bbox 2135 3938 2346 4003; x_wconf 88' lang='lat' dir='ltr'><strong>poena</strong></span> <span class='ocrx_word' id='word_1_278' title='bbox 2385 3917 2594 4003; x_wconf 89' lang='lat' dir='ltr'><strong>partis</strong></span> <span class='ocrx_word' id='word_1_279' title='bbox 2635 3917 2947 4004; x_wconf 87' lang='lat' dir='ltr'><strong>pecuniae</strong></span> <span class='ocrx_word' id='word_1_280' title='bbox 2989 3915 3074 3982; x_wconf 92' lang='lat' dir='ltr'><strong>de</strong></span> <span class='ocrx_word' id='word_1_281' title='bbox 3115 3926 3308 4004; x_wconf 87' lang='lat' dir='ltr'><strong>pastu</strong></span> 
     </span>
     <span class='ocr_line' id='line_1_31' title="bbox 462 4014 3390 4104; baseline 0.002 -28"><span class='ocrx_word' id='word_1_282' title='bbox 462 4035 580 4078; x_wconf 89' lang='lat' dir='ltr'><strong>suo</strong></span> <span class='ocrx_word' id='word_1_283' title='bbox 627 4014 1123 4081; x_wconf 88' lang='lat' dir='ltr'><strong>subtrahendae.</strong></span> <span class='ocrx_word' id='word_1_284' title='bbox 1207 4015 1356 4082; x_wconf 87' lang='lat' dir='ltr'><strong>Istis</strong></span> <span class='ocrx_word' id='word_1_285' title='bbox 1406 4025 1620 4081; x_wconf 90' lang='lat' dir='ltr'><strong>autem</strong></span> <span class='ocrx_word' id='word_1_286' title='bbox 1665 4014 1913 4097; x_wconf 90' lang='lat' dir='ltr'><strong>diebus,</strong></span> <span class='ocrx_word' id='word_1_287' title='bbox 1960 4014 2196 4102; x_wconf 91' lang='lat' dir='ltr'><strong>quibus</strong></span> <span class='ocrx_word' id='word_1_288' title='bbox 2239 4015 2565 4081; x_wconf 88' lang='lat' dir='ltr'><strong>ordinarie</strong></span> <span class='ocrx_word' id='word_1_289' title='bbox 2607 4015 2675 4079; x_wconf 91' lang='lat' dir='ltr'><strong>in</strong></span> <span class='ocrx_word' id='word_1_290' title='bbox 2720 4014 2969 4080; x_wconf 79' lang='lat' dir='ltr'><strong>artibus</strong></span> <span class='ocrx_word' id='word_1_291' title='bbox 3013 4015 3299 4104; x_wconf 89' lang='lat' dir='ltr'><strong>disputa·</strong></span> <span class='ocrx_word' id='word_1_292' title='bbox 3320 4025 3390 4082; x_wconf 83' lang='lat'><strong>30</strong></span> 
     </span>
     <span class='ocr_line' id='line_1_32' title="bbox 460 4111 3308 4201; baseline 0.001 -24"><span class='ocrx_word' id='word_1_293' title='bbox 460 4111 656 4196; x_wconf 87' lang='lat' dir='ltr'><strong>bitur,</strong></span> <span class='ocrx_word' id='word_1_294' title='bbox 698 4136 885 4181; x_wconf 90' lang='lat' dir='ltr'><strong>nemo</strong></span> <span class='ocrx_word' id='word_1_295' title='bbox 931 4114 1018 4181; x_wconf 87' lang='lat' dir='ltr'><strong>ad</strong></span> <span class='ocrx_word' id='word_1_296' title='bbox 1062 4114 1497 4182; x_wconf 86' lang='lat' dir='ltr'><strong>exercendum</strong></span> <span class='ocrx_word' id='word_1_297' title='bbox 1551 4112 1745 4181; x_wconf 87' lang='lat' dir='ltr'><strong>debet</strong></span> <span class='ocrx_word' id='word_1_298' title='bbox 1803 4135 1945 4180; x_wconf 88' lang='lat' dir='ltr'><strong>esse</strong></span> <span class='ocrx_word' id='word_1_299' title='bbox 2007 4116 2379 4198; x_wconf 86' lang='lat' dir='ltr'><strong>asstrictus,</strong></span> <span class='ocrx_word' id='word_1_300' title='bbox 2439 4123 2511 4180; x_wconf 90' lang='lat' dir='ltr'><strong>ut</strong></span> <span class='ocrx_word' id='word_1_301' title='bbox 2569 4113 2815 4180; x_wconf 85' lang='lat' dir='ltr'><strong>eisdem</strong></span> <span class='ocrx_word' id='word_1_302' title='bbox 2873 4113 3102 4180; x_wconf 88' lang='lat' dir='ltr'><strong>diebus</strong></span> <span class='ocrx_word' id='word_1_303' title='bbox 3156 4125 3308 4201; x_wconf 88' lang='lat' dir='ltr'><strong>post</strong></span> 
     </span>
     <span class='ocr_line' id='line_1_33' title="bbox 463 4211 3301 4304; baseline 0.001 -29"><span class='ocrx_word' id='word_1_304' title='bbox 463 4211 811 4299; x_wconf 88' lang='lat' dir='ltr'><strong>prandium</strong></span> <span class='ocrx_word' id='word_1_305' title='bbox 864 4215 1164 4302; x_wconf 86' lang='lat' dir='ltr'><strong>magistri</strong></span> <span class='ocrx_word' id='word_1_306' title='bbox 1220 4237 1339 4304; x_wconf 88' lang='lat' dir='ltr'><strong>pro</strong></span> <span class='ocrx_word' id='word_1_307' title='bbox 1405 4213 1835 4302; x_wconf 86' lang='lat' dir='ltr'><strong>completione</strong></span> <span class='ocrx_word' id='word_1_308' title='bbox 1887 4213 2135 4281; x_wconf 87' lang='lat' dir='ltr'><strong>biennii</strong></span> <span class='ocrx_word' id='word_1_309' title='bbox 2178 4213 2281 4278; x_wconf 87' lang='lat' dir='ltr'><strong>vel</strong></span> <span class='ocrx_word' id='word_1_310' title='bbox 2341 4215 2539 4279; x_wconf 90' lang='lat' dir='ltr'><strong>etiam</strong></span> <span class='ocrx_word' id='word_1_311' title='bbox 2591 4214 3036 4299; x_wconf 87' lang='lat' dir='ltr'><strong>acturegentia</strong></span> <span class='ocrx_word' id='word_1_312' title='bbox 3086 4214 3301 4300; x_wconf 87' lang='lat' dir='ltr'><strong>acqui-</strong></span> 
     </span>
     <span class='ocr_line' id='line_1_34' title="bbox 467 4311 1887 4401; baseline 0.002 -24"><span class='ocrx_word' id='word_1_313' title='bbox 467 4311 674 4378; x_wconf 86' lang='lat' dir='ltr'><strong>renda</strong></span> <span class='ocrx_word' id='word_1_314' title='bbox 717 4313 1111 4401; x_wconf 85' lang='lat' dir='ltr'><strong>disputando</strong></span> <span class='ocrx_word' id='word_1_315' title='bbox 1152 4337 1221 4380; x_wconf 91' lang='lat' dir='ltr'><strong>se</strong></span> <span class='ocrx_word' id='word_1_316' title='bbox 1264 4313 1564 4381; x_wconf 89' lang='lat' dir='ltr'><strong>abilitare</strong></span> <span class='ocrx_word' id='word_1_317' title='bbox 1606 4314 1887 4380; x_wconf 88' lang='lat' dir='ltr'><strong>valeant.</strong></span> 
     </span>
    </p>
   </div>
   <div class='ocr_carea' id='block_1_10' title="bbox 1170 4520 2590 4581">
    <p class='ocr_par' dir='ltr' id='par_1_10' title="bbox 1170 4520 2590 4581">
     <span class='ocr_line' id='line_1_35' title="bbox 1170 4520 2590 4581; baseline 0.001 -2"><span class='ocrx_word' id='word_1_318' title='bbox 1170 4520 1261 4580; x_wconf 86' lang='lat'><strong>15.</strong></span> <span class='ocrx_word' id='word_1_319' title='bbox 1316 4529 1411 4579; x_wconf 79' lang='lat' dir='ltr'><strong>nn</strong></span> <span class='ocrx_word' id='word_1_320' title='bbox 1454 4531 1654 4580; x_wconf 71' lang='lat' dir='ltr'><strong>nono</strong></span> <span class='ocrx_word' id='word_1_321' title='bbox 1700 4531 2131 4581; x_wconf 69' lang='lat' dir='ltr'><strong>mmesn&#39;rnn</strong></span> <span class='ocrx_word' id='word_1_322' title='bbox 2172 4530 2590 4581; x_wconf 63' lang='lat' dir='ltr'><strong>ennom-rm.</strong></span> 
     </span>
    </p>
   </div>
   <div class='ocr_carea' id='block_1_11' title="bbox 459 4643 3386 5334">
    <p class='ocr_par' dir='ltr' id='par_1_11' title="bbox 459 4643 3386 5334">
     <span class='ocr_line' id='line_1_36' title="bbox 626 4643 3386 4736; baseline 0 -25"><span class='ocrx_word' id='word_1_323' title='bbox 626 4643 889 4730; x_wconf 86' lang='lat' dir='ltr'><strong>Placet,</strong></span> <span class='ocrx_word' id='word_1_324' title='bbox 935 4645 1109 4736; x_wconf 88' lang='lat' dir='ltr'><strong>quod</strong></span> <span class='ocrx_word' id='word_1_325' title='bbox 1151 4647 1423 4735; x_wconf 87' lang='lat' dir='ltr'><strong>quilibet</strong></span> <span class='ocrx_word' id='word_1_326' title='bbox 1458 4649 1950 4735; x_wconf 85' lang='lat' dir='ltr'><strong>magistrorum,</strong></span> <span class='ocrx_word' id='word_1_327' title='bbox 2004 4649 2325 4736; x_wconf 89' lang='lat' dir='ltr'><strong>recipiens</strong></span> <span class='ocrx_word' id='word_1_328' title='bbox 2370 4646 2633 4733; x_wconf 88' lang='lat' dir='ltr'><strong>aliquod</strong></span> <span class='ocrx_word' id='word_1_329' title='bbox 2691 4649 3108 4729; x_wconf 83' lang='lat' dir='ltr'><strong>exercicium,</strong></span> <span class='ocrx_word' id='word_1_330' title='bbox 3154 4667 3302 4734; x_wconf 89' lang='lat' dir='ltr'><strong>pro·</strong></span> <span class='ocrx_word' id='word_1_331' title='bbox 3319 4653 3386 4711; x_wconf 83' lang='lat'><strong>35</strong></span> 
     </span>
     <span class='ocr_line' id='line_1_37' title="bbox 460 4745 3299 4836; baseline 0 -27"><span class='ocrx_word' id='word_1_332' title='bbox 460 4745 679 4810; x_wconf 85' lang='lat' dir='ltr'><strong>mittat</strong></span> <span class='ocrx_word' id='word_1_333' title='bbox 706 4746 955 4813; x_wconf 89' lang='lat' dir='ltr'><strong>decano</strong></span> <span class='ocrx_word' id='word_1_334' title='bbox 986 4746 1107 4812; x_wconf 90' lang='lat' dir='ltr'><strong>sub</strong></span> <span class='ocrx_word' id='word_1_335' title='bbox 1135 4746 1311 4812; x_wconf 88' lang='lat' dir='ltr'><strong>bona</strong></span> <span class='ocrx_word' id='word_1_336' title='bbox 1336 4747 1484 4831; x_wconf 86' lang='lat' dir='ltr'><strong>fide,</strong></span> <span class='ocrx_word' id='word_1_337' title='bbox 1533 4747 1708 4836; x_wconf 91' lang='lat' dir='ltr'><strong>quod</strong></span> <span class='ocrx_word' id='word_1_338' title='bbox 1751 4747 2093 4836; x_wconf 89' lang='lat' dir='ltr'><strong>diligenter</strong></span> <span class='ocrx_word' id='word_1_339' title='bbox 2134 4749 2307 4813; x_wconf 91' lang='lat' dir='ltr'><strong>omni</strong></span> <span class='ocrx_word' id='word_1_340' title='bbox 2349 4747 2458 4812; x_wconf 90' lang='lat' dir='ltr'><strong>die</strong></span> <span class='ocrx_word' id='word_1_341' title='bbox 2501 4745 2880 4834; x_wconf 90' lang='lat' dir='ltr'><strong>disputabili</strong></span> <span class='ocrx_word' id='word_1_342' title='bbox 2911 4745 3070 4810; x_wconf 86' lang='lat' dir='ltr'><strong>velit</strong></span> <span class='ocrx_word' id='word_1_343' title='bbox 3111 4767 3299 4811; x_wconf 84' lang='lat' dir='ltr'><strong>exer-</strong></span> 
     </span>
     <span class='ocr_line' id='line_1_38' title="bbox 459 4843 3303 4935; baseline 0 -26"><span class='ocrx_word' id='word_1_344' title='bbox 459 4866 641 4928; x_wconf 83' lang='lat' dir='ltr'><strong>cere,</strong></span> <span class='ocrx_word' id='word_1_345' title='bbox 683 4844 925 4910; x_wconf 87' lang='lat' dir='ltr'><strong>nullam</strong></span> <span class='ocrx_word' id='word_1_346' title='bbox 980 4847 1419 4935; x_wconf 81' lang='lat' dir='ltr'><strong>quaesfionem</strong></span> <span class='ocrx_word' id='word_1_347' title='bbox 1464 4846 1717 4912; x_wconf 90' lang='lat' dir='ltr'><strong>solitam</strong></span> <span class='ocrx_word' id='word_1_348' title='bbox 1760 4856 1825 4912; x_wconf 88' lang='lat' dir='ltr'><strong>et</strong></span> <span class='ocrx_word' id='word_1_349' title='bbox 1867 4845 2188 4933; x_wconf 87' lang='lat' dir='ltr'><strong>disputari</strong></span> <span class='ocrx_word' id='word_1_350' title='bbox 2233 4855 2602 4913; x_wconf 88' lang='lat' dir='ltr'><strong>consuetam</strong></span> <span class='ocrx_word' id='word_1_351' title='bbox 2659 4855 2807 4934; x_wconf 91' lang='lat' dir='ltr'><strong>post</strong></span> <span class='ocrx_word' id='word_1_352' title='bbox 2856 4843 3156 4911; x_wconf 88' lang='lat' dir='ltr'><strong>habendo</strong></span> <span class='ocrx_word' id='word_1_353' title='bbox 3173 4894 3190 4926; x_wconf 93' lang='lat'><strong>,</strong></span> <span class='ocrx_word' id='word_1_354' title='bbox 3238 4854 3303 4910; x_wconf 90' lang='lat' dir='ltr'><strong>et</strong></span> 
     </span>
     <span class='ocr_line' id='line_1_39' title="bbox 464 4941 3298 5031; baseline 0 -23"><span class='ocrx_word' id='word_1_355' title='bbox 464 4941 755 5009; x_wconf 86' lang='lat' dir='ltr'><strong>debitum</strong></span> <span class='ocrx_word' id='word_1_356' title='bbox 787 4945 1133 5012; x_wconf 87' lang='lat' dir='ltr'><strong>exercendi</strong></span> <span class='ocrx_word' id='word_1_357' title='bbox 1160 4944 1425 5012; x_wconf 90' lang='lat' dir='ltr'><strong>modum</strong></span> <span class='ocrx_word' id='word_1_358' title='bbox 1455 4967 1739 5030; x_wconf 85' lang='lat' dir='ltr'><strong>servare,</strong></span> <span class='ocrx_word' id='word_1_359' title='bbox 1783 4946 1907 5012; x_wconf 90' lang='lat' dir='ltr'><strong>hoc</strong></span> <span class='ocrx_word' id='word_1_360' title='bbox 1934 4956 2052 5030; x_wconf 88' lang='lat' dir='ltr'><strong>est,</strong></span> <span class='ocrx_word' id='word_1_361' title='bbox 2092 4954 2164 5010; x_wconf 90' lang='lat' dir='ltr'><strong>ut</strong></span> <span class='ocrx_word' id='word_1_362' title='bbox 2203 4947 2380 5011; x_wconf 90' lang='lat' dir='ltr'><strong>circa</strong></span> <span class='ocrx_word' id='word_1_363' title='bbox 2421 4954 2672 5010; x_wconf 82' lang='lat' dir='ltr'><strong>textum</strong></span> <span class='ocrx_word' id='word_1_364' title='bbox 2713 4954 2971 5010; x_wconf 84' lang='lat' dir='ltr'><strong>moveat</strong></span> <span class='ocrx_word' id='word_1_365' title='bbox 3012 4943 3298 5031; x_wconf 86' lang='lat' dir='ltr'><strong>aliquam</strong></span> 
     </span>
     <span class='ocr_line' id='line_1_40' title="bbox 462 5040 3296 5132; baseline 0 -24"><span class='ocrx_word' id='word_1_366' title='bbox 462 5045 904 5130; x_wconf 86' lang='lat' dir='ltr'><strong>quaestionem</strong></span> <span class='ocrx_word' id='word_1_367' title='bbox 946 5056 1009 5110; x_wconf 90' lang='lat' dir='ltr'><strong>et</strong></span> <span class='ocrx_word' id='word_1_368' title='bbox 1053 5068 1195 5111; x_wconf 88' lang='lat' dir='ltr'><strong>eam</strong></span> <span class='ocrx_word' id='word_1_369' title='bbox 1239 5069 1383 5111; x_wconf 89' lang='lat' dir='ltr'><strong>cum</strong></span> <span class='ocrx_word' id='word_1_370' title='bbox 1443 5047 1841 5132; x_wconf 87' lang='lat' dir='ltr'><strong>argumentis</strong></span> <span class='ocrx_word' id='word_1_371' title='bbox 1899 5054 1963 5110; x_wconf 89' lang='lat' dir='ltr'><strong>et</strong></span> <span class='ocrx_word' id='word_1_372' title='bbox 2013 5043 2530 5110; x_wconf 87' lang='lat' dir='ltr'><strong>conclusionibus</strong></span> <span class='ocrx_word' id='word_1_373' title='bbox 2577 5040 2664 5109; x_wconf 91' lang='lat' dir='ltr'><strong>ad</strong></span> <span class='ocrx_word' id='word_1_374' title='bbox 2706 5044 3029 5130; x_wconf 88' lang='lat' dir='ltr'><strong>integram</strong></span> <span class='ocrx_word' id='word_1_375' title='bbox 3070 5043 3296 5110; x_wconf 89' lang='lat' dir='ltr'><strong>horam</strong></span> 
     </span>
     <span class='ocr_line' id='line_1_41' title="bbox 464 5141 3383 5210; baseline 0.001 -4"><span class='ocrx_word' id='word_1_376' title='bbox 464 5141 762 5208; x_wconf 86' lang='lat' dir='ltr'><strong>deducat.</strong></span> <span class='ocrx_word' id='word_1_377' title='bbox 845 5144 1061 5210; x_wconf 89' lang='lat' dir='ltr'><strong>Debet</strong></span> <span class='ocrx_word' id='word_1_378' title='bbox 1113 5146 1308 5210; x_wconf 86' lang='lat' dir='ltr'><strong>etiam</strong></span> <span class='ocrx_word' id='word_1_379' title='bbox 1351 5147 1418 5209; x_wconf 88' lang='lat' dir='ltr'><strong>in</strong></span> <span class='ocrx_word' id='word_1_380' title='bbox 1461 5146 1634 5210; x_wconf 92' lang='lat' dir='ltr'><strong>omni</strong></span> <span class='ocrx_word' id='word_1_381' title='bbox 1691 5145 2011 5210; x_wconf 88' lang='lat' dir='ltr'><strong>exercicio</strong></span> <span class='ocrx_word' id='word_1_382' title='bbox 2074 5143 2324 5209; x_wconf 90' lang='lat' dir='ltr'><strong>duobus</strong></span> <span class='ocrx_word' id='word_1_383' title='bbox 2386 5142 2474 5208; x_wconf 90' lang='lat' dir='ltr'><strong>ad</strong></span> <span class='ocrx_word' id='word_1_384' title='bbox 2531 5144 2744 5208; x_wconf 87' lang='lat' dir='ltr'><strong>minus</strong></span> <span class='ocrx_word' id='word_1_385' title='bbox 2802 5142 2883 5209; x_wconf 90' lang='lat' dir='ltr'><strong>de</strong></span> <span class='ocrx_word' id='word_1_386' title='bbox 2940 5143 3072 5209; x_wconf 90' lang='lat' dir='ltr'><strong>suis</strong></span> <span class='ocrx_word' id='word_1_387' title='bbox 3115 5141 3296 5209; x_wconf 86' lang='lat' dir='ltr'><strong>audi·</strong></span> <span class='ocrx_word' id='word_1_388' title='bbox 3316 5153 3383 5210; x_wconf 77' lang='lat'><strong>40</strong></span> 
     </span>
     <span class='ocr_line' id='line_1_42' title="bbox 464 5241 3301 5334; baseline 0 -27"><span class='ocrx_word' id='word_1_389' title='bbox 464 5241 709 5309; x_wconf 88' lang='lat' dir='ltr'><strong>toribus</strong></span> <span class='ocrx_word' id='word_1_390' title='bbox 777 5246 1216 5332; x_wconf 88' lang='lat' dir='ltr'><strong>argumentari</strong></span> <span class='ocrx_word' id='word_1_391' title='bbox 1232 5294 1251 5328; x_wconf 99' lang='lat'><strong>,</strong></span> <span class='ocrx_word' id='word_1_392' title='bbox 1320 5254 1391 5308; x_wconf 89' lang='lat' dir='ltr'><strong>ut</strong></span> <span class='ocrx_word' id='word_1_393' title='bbox 1444 5244 1539 5308; x_wconf 88' lang='lat' dir='ltr'><strong>sic</strong></span> <span class='ocrx_word' id='word_1_394' title='bbox 1608 5242 1826 5310; x_wconf 88' lang='lat' dir='ltr'><strong>debite</strong></span> <span class='ocrx_word' id='word_1_395' title='bbox 1892 5264 2221 5309; x_wconf 89' lang='lat' dir='ltr'><strong>assumere</strong></span> <span class='ocrx_word' id='word_1_396' title='bbox 2298 5251 2682 5328; x_wconf 87' lang='lat' dir='ltr'><strong>argumenta</strong></span> <span class='ocrx_word' id='word_1_397' title='bbox 2743 5243 2816 5309; x_wconf 91' lang='lat' dir='ltr'><strong>in</strong></span> <span class='ocrx_word' id='word_1_398' title='bbox 2875 5241 3136 5334; x_wconf 88' lang='lat' dir='ltr'><strong>publico</strong></span> <span class='ocrx_word' id='word_1_399' title='bbox 3189 5241 3301 5308; x_wconf 92' lang='lat' dir='ltr'><strong>ad-</strong></span> 
     </span>
    </p>
   </div>
  </div>
 </body>
</html>
