4038 6358
1210 632 1380 686 Dritte
1417 634 1948 695 statutam-educam,
1984 649 2091 685 von
2129 634 2257 686 1471
2270 633 2518 687 b—-1490,
3164 631 3286 696 397

380 811 799 882 domicellis
844 825 910 882 et
948 814 1033 883 ab
1077 813 1243 899 aliis,
1302 817 1413 902 qui
1452 815 1560 881 hic
1613 815 1737 881 sub
1784 817 2071 904 propriis
2125 823 2237 880 aut
2295 836 2554 880 suorum
2597 823 2936 900 parentum
2976 811 3082 878 vel
3130 813 3284 879 ami-

383 934 663 981 corum
704 926 822 981 aut
862 915 1132 981 aliorum
1173 914 1514 1001 stipendiis
1559 924 1622 981 et
1667 917 1969 1003 expensis
2007 914 2290 980 militant
2330 936 2446 979 seu
2491 911 2778 997 student3
2823 911 2907 976 ab
2938 912 3083 979 aliis
3110 935 3287 995 vero,

383 1014 525 1100 qui
576 1016 660 1080 in
699 1026 888 1104 parte
930 1014 1035 1080 vel
1077 1017 1146 1080 in
1187 1023 1324 1080 toto
1369 1038 1438 1081 se
1483 1038 1746 1081 suarum
1786 1015 2124 1080 laboribus
2164 1035 2474 1078 manuum
2518 1021 2633 1077 aut
2674 1012 2955 1077 servitiis
2997 1013 3288 1078 nutriunt

384 1123 465 1177 et
530 1125 948 1197 sustentant,
1005 1137 1127 1202 pro
1190 1113 1570 1179 lectionibus
1627 1124 1861 1197 totum,
1922 1113 2036 1179 sed
2098 1136 2217 1201 pro
2278 1112 2553 1178 exerciis
2614 1113 2877 1199 capiant
2932 1110 3288 1178 secundum

388 1213 608 1299 quod
671 1216 766 1280 eis
825 1216 1011 1285 iuxta
1071 1213 1262 1279 deum
1322 1224 1384 1279 et
1442 1215 1884 1279 conscienciae
1938 1215 2154 1279 visum
2214 1213 2414 1277 fuerit
2468 1221 2921 1298 opportunum.
3007 1211 3139 1277 Sed
3201 1211 3286 1277 ab
3336 1220 3369 1276 5

385 1316 703 1379 omnino
742 1311 1163 1401 pauperibus,
1218 1312 1538 1378 redimere
1594 1316 1915 1400 signetum
1969 1313 2200 1378 decani
2253 1334 2383 1377 non
2423 1310 2811 1393 valentibus,
2874 1319 2938 1375 et
2993 1333 3035 1376 a
3091 1313 3290 1377 servi·

387 1412 690 1479 toribus
750 1415 1212 1500 magistrorum
1270 1422 1335 1476 et
1393 1412 1760 1496 doctorum,
1825 1416 1917 1478 ita
1975 1413 2148 1501 quod
2200 1411 2473 1500 quilibet
2513 1433 2735 1476 eorum
2777 1433 2904 1476 uno
2962 1410 3280 1476 duntaxat

388 1510 681 1578 famulo
726 1535 851 1600 quo
894 1513 982 1579 ad
1024 1513 1150 1578 hoc
1193 1523 1526 1577 contentus
1572 1513 1864 1597 existat,¹
1908 1512 2106 1578 nichil
2155 1513 2412 1578 omnino
2457 1512 2794 1597 recipiant.
2873 1510 2965 1575 Et
3002 1509 3294 1598 quitquid

392 1614 832 1699 receperint,
895 1634 1100 1699 usque
1158 1611 1244 1676 ad
1300 1611 1495 1676 finem
1557 1611 1904 1677 lectionum
1967 1621 2031 1676 et
2097 1613 2566 1676 exerciciorum
2626 1606 2903 1675 fideliter
2962 1619 3296 1675 reservent

394 1713 899 1798 magistrisque
956 1709 1319 1797 legentibus
1372 1720 1436 1776 et
1494 1709 1999 1798 disputantibus,
2062 1713 2117 1775 si
2174 1709 2588 1796 diligenciam
2640 1709 2709 1773 in
2765 1709 3017 1774 actibus
3071 1717 3380 1775 eorum10

398 1810 733 1895 fecerint,
780 1820 1214 1899 praesentent.
1273 1810 1364 1875 Et
1405 1809 1781 1876 collectores
1827 1820 1891 1875 et
1934 1820 2265 1876 taxatores
2308 1818 2554 1897 pastus'
2577 1808 2658 1873 de
2699 1807 2988 1896 qualibet
3028 1810 3300 1897 antiqua

407 1932 781 1997 sexagena
821 1932 941 1997 pro
978 1907 1202 1974 labore
1243 1908 1528 1975 habeant
1570 1933 1765 1974 unum
1810 1933 2113 1996 grossum
2153 1932 2411 1992 novum,
2457 1918 2522 1974 et
2563 1908 2896 1974 audientes
2927 1920 3077 1973 ante
3105 1908 3299 1973 finem

403 2008 738 2075 lectionis
778 2009 884 2074 vel
942 2010 1248 2074 exercicii
1297 2008 1680 2075 solutionem
1723 2032 1865 2074 cum
1909 2009 2140 2074 effectu
2184 2031 2301 2096 per
2343 2009 2682 2095 pecuniam
2726 2017 2840 2073 aut
2890 2011 3125 2096 pignus
3171 2008 3296 2072 suf-

405 2108 669 2174 ficiens
724 2108 964 2174 facient
1003 2108 1071 2173 in
1115 2109 1390 2174 termino
1436 2108 1746 2195 praefixo·
1793 2104 1961 2195 [10¹³]
2048 2109 2196 2173 Non
2254 2107 2574 2172 solventes
2619 2117 2834 2172 autem
2878 2106 2997 2171 sub
3043 2106 3294 2172 actibus

408 2230 558 2295 per
612 2208 919 2273 iudicium
962 2210 1233 2274 rectoris
1290 2230 1330 2272 a
1383 2208 1790 2273 taxatoribus
1847 2208 1931 2272 ad
1986 2207 2372 2272 solutionem
2428 2207 2750 2292 integram
2813 2204 3297 2292 compellantur,
3319 2214 3380 2270 15

411 2309 671 2373 moniti
728 2307 1023 2374 omnibus
1090 2307 1539 2390 citationibus,
1607 2307 1687 2372 de
1745 2308 2023 2394 pecunia
2045 2307 2070 2347 ²
2124 2316 2340 2371 tamen
2399 2305 2671 2391 legentis
2728 2315 2841 2370 aut
2905 2305 3298 2391 disputantis

417 2408 751 2494 expensis
812 2407 1142 2491 deductis,
1200 2430 1331 2473 non
1388 2408 1863 2493 computatione
1922 2407 2214 2473 lectionis
2271 2415 2382 2470 aut
2443 2406 2751 2470 exercicii
2807 2403 2980 2469 illius
3033 2407 3299 2470 minime

418 2505 761 2589 obstante,
812 2516 885 2571 ut
933 2505 1296 2594 legentibus
1340 2530 1418 2570 ac
1460 2504 1963 2592 disputantibus,
2015 2505 2102 2571 ad
2146 2505 2488 2591 diligenter
2530 2503 2872 2590 legendum
2915 2514 3027 2569 aut
3078 2504 3297 2593 dispu-

424 2605 720 2671 tandum
760 2607 1064 2690 astrictis,
1129 2604 1375 2694 aliquid
1412 2628 1534 2693 pro
1579 2628 1797 2671 eorum
1839 2604 2174 2671 laboribus
2219 2602 2753 2670 certitudinaliter
2794 2602 3189 2690 respondeat
3236 2614 3301 2670 et

428 2706 542 2770 eis
590 2706 966 2772 satisfaciat.
2803 2770 2808 2777 .
3314 2713 3383 2769 2⁰

1339 2862 1438 2923 24.
1486 2873 1608 2934 om
1649 2874 2005 2922 murenas
2048 2873 2421 2922 mcm'rtm.

617 2987 748 3070 Qui
802 2998 1017 3055 autem
1073 3011 1392 3077 pauperes
1450 2989 1766 3065 dicantur,
1826 2999 1976 3053 sunt
2030 2989 2141 3072 hii,
2199 3011 2468 3075 quorum
2525 2994 2882 3073 paupertas
2927 2986 3193 3073 volgata
3239 2998 3303 3053 et

436 3087 669 3153 multis
709 3097 865 3154 nota
906 3090 1161 3172 existit3
1215 3089 1322 3153 vel
1361 3090 1417 3153 si
1457 3112 1585 3154 non
1626 3088 1894 3175 volgata
1936 3100 1999 3153 et
2040 3088 2258 3152 multis
2298 3095 2471 3170 nota,
2517 3086 2785 3173 probari
2829 3095 3044 3173 potest
3083 3097 3300 3152 tamen

436 3185 656 3253 literis
715 3191 1054 3254 autenticis
1113 3212 1268 3254 suae
1329 3191 1611 3254 civitatis
1666 3188 1770 3253 vel
1828 3187 2131 3271 aliorum,
2192 3198 2307 3253 aut
2364 3210 2483 3275 per
2541 3186 2701 3252 duos
2760 3188 3134 3273 magistros,
3194 3190 3305 3275 qui

440 3287 879 3372 fideiubeant,
935 3302 1005 3355 ut
1061 3288 1284 3354 literas
1340 3290 1695 3354 autenticas
1750 3289 1921 3352 infra
1975 3286 2259 3352 medium
2312 3309 2553 3352 annum
2613 3284 2734 3351 sub
2777 3308 2990 3373 poena
3031 3288 3383 3373 periurii25

446 3385 799 3475 disponere
850 3386 1008 3452 velit
1064 3397 1179 3451 aut
1235 3397 1685 3475 paupertatem
1745 3410 1928 3453 suam
1985 3388 2307 3451 veraciter
2364 3385 2665 3472 probare,
2719 3385 2823 3450 vel
2880 3408 2999 3473 per
3050 3384 3302 3473 aliquos

447 3509 769 3574 personas
821 3486 1187 3572 fidedignas
1242 3498 1305 3551 et
1361 3487 1696 3568 honestas,
1756 3486 1987 3571 quibus
2051 3495 2222 3551 certe
2281 3495 2533 3550 constat
2589 3483 2669 3550 de
2727 3507 2844 3549 sua
2898 3495 3301 3572 paupertate,

447 3585 578 3652 hoc
617 3586 848 3651 docere
885 3596 1133 3674 potest3
1191 3596 1254 3650 et
1296 3610 1439 3651 cum
1485 3586 1680 3652 semel
1736 3586 1971 3672 aliquis
2015 3607 2199 3649 suam
2252 3593 2706 3672 paupertatem
2753 3583 3132 3671 probaverit
3172 3586 3298 3649 suf-

446 3686 762 3769 ficienter,
817 3686 1217 3773 peramplius
1261 3689 1347 3751 ad
1401 3709 1545 3752 eam
1590 3685 1997 3774 probandam
2043 3684 2189 3770 cogi
2228 3706 2357 3748 non
2400 3682 2612 3766 debet,
2670 3683 3015 3749 dummodo
3056 3682 3138 3749 de
3179 3684 3302 3749 hoc

448 3807 575 3871 per
615 3784 894 3872 aliquem
935 3795 1233 3851 constare
1278 3786 1534 3874 poterit,
1578 3784 1752 3873 quod
1796 3807 1915 3872 pro
1958 3806 2250 3871 paupere
2290 3783 2733 3870 reputabatur.
3317 3793 3386 3849 30

1321 3959 1420 4020 25.
1464 3970 1561 4020 m:
1602 3968 2008 4018 murmuro
2053 3967 2447 4018 PAUPEBUM.

621 4083 903 4168 Placuit,
958 4085 1132 4173 quod
1185 4108 1435 4173 pauper
1477 4085 1703 4151 volens
1758 4094 1978 4170 petere
2024 4083 2457 4149 dimissionem
2496 4085 2698 4166 iuret,
2754 4081 2927 4172 quod
2968 4080 3142 4150 ultra
3198 4105 3304 4151 res

453 4194 521 4249 et
574 4179 775 4249 libros
827 4207 955 4249 non
1012 4184 1252 4250 habeat
1302 4185 1524 4250 decem
1579 4184 1858 4249 florenos
1915 4182 1996 4247 de
2050 4182 2235 4248 bonis
2288 4182 2699 4250 hereditariis
2753 4183 2857 4249 vel
2916 4185 3301 4272 quibuscun—

452 4306 609 4370 que3
652 4293 716 4348 et
758 4282 838 4350 de
869 4284 995 4350 hoe
1036 4283 1275 4350 habeat
1316 4284 1566 4372 aliquos
1602 4283 1986 4370 fidedignos,
2031 4284 2142 4371 qui
2185 4280 2304 4348 sub
2345 4284 2753 4349 consciencia
2795 4306 3015 4350 eorum
3059 4284 3298 4368 dicant,

631 4557 654 4606 l
694 4550 803 4606 Die
838 4550 1033 4606 Worte
1076 4558 1131 4605 et
1161 4569 1199 4604 a
1234 4567 1370 4604 serv.
1418 4549 1504 4604 bis
1551 4551 1748 4605 existat
1792 4545 1913 4602 sind
1955 4547 2156 4604 wieder
2187 4547 2692 4622 durchgestrichen.
2765 4550 3024 4624 Anfangs
3058 4570 3171 4608 war
3205 4553 3307 4608 mit

454 4633 646 4688 rother
679 4633 846 4690 Tinte
890 4651 965 4689 an
1005 4634 1114 4690 den
1147 4632 1311 4688 Rand
1355 4632 1740 4705 geschrieben:
1814 4634 1881 4686 H
1878 4652 1943 4687 oc
1987 4643 2321 4707 assumptum
2360 4643 2440 4690 est
2484 4638 2566 4690 ad
2602 4637 2840 4707 probam
2868 4654 2977 4708 per
3017 4639 3308 4692 dimidium

455 4736 673 4773 anm.
726 4718 898 4773 Dann
931 4718 1005 4773 ist
1036 4717 1140 4772 mit
1173 4717 1479 4774 schwarzer
1512 4717 1680 4772 Tinte
1716 4715 2108 4790 hinzugefiigt:
2177 4723 2251 4774 Et
2281 4721 2587 4790 depositum
2620 4721 2720 4774 sub
2755 4723 3024 4776 decanam
3055 4723 3310 4793 mayistrt'

455 4802 725 4856 Iohannis
766 4801 957 4873 Spicea
1002 4802 1233 4872 (147211).
1305 4801 1480 4857 Sollte
1533 4801 1783 4856 wirklich
1829 4802 1931 4856 das
1978 4800 2146 4858 balbe
2188 4804 2498 4874 Probejahr
2541 4807 2757 4876 geniigt
2804 4804 3002 4876 haben,
3045 4824 3139 4861 um
3189 4808 3306 4862 sich

458 4903 570 4941 von
618 4886 716 4941 der
764 4885 1331 4957 Unangemessenheit
1370 4886 1531 4956 jener
1572 4885 1921 4958 Anordnung
1968 4904 2040 4940 zu
2089 4886 2462 4960 iiberzeugen,
2510 4906 2571 4943 so
2619 4889 2804 4945 wiirde
2851 4889 3055 4945 daraus
3105 4890 3308 4963 tolgan,

455 4970 588 5025 dass
633 4968 724 5024 die
770 4965 1121 5041 vorliegende
1167 4969 1711 5027 Statutenredaction
1757 4970 1844 5024 ins
1891 4970 1930 5025 J
1932 4970 2036 5024 ahr
2089 4976 2253 5027 147112
2303 4971 2444 5028 liele:
2510 4973 2578 5027 In
2628 4973 2728 5029 der
2774 4973 2925 5029 That
2969 4975 3175 5047 glaube
3219 4977 3310 5030 ich

458 5054 605 5109 auch
636 5053 697 5108 in
731 5053 830 5109 der
860 5054 1229 5110 Handschrift
1260 5054 1362 5108 mit
1396 5051 1707 5110 Sicherheit
1741 5054 1832 5108 die
1863 5054 1961 5108 des
1994 5054 2312 5127 damaligen
2345 5056 2585 5126 Decans,
2619 5058 2717 5113 des
2740 5057 2857 5114 Ioh.
2880 5058 3312 5132 Hertemberger

457 5135 529 5194 de
561 5136 830 5210 Elbogen,
863 5156 935 5192 zu
967 5138 1274 5208 erkennen,
1319 5156 1379 5193 so
1413 5138 1544 5193 dass
1575 5137 1668 5192 ich
1701 5135 1847 5192 mich
1880 5137 2080 5211 befugt
2111 5138 2371 5211 gehalten
2405 5139 2565 5210 habe,
2597 5141 2715 5197 dies
2752 5141 2792 5197 J
2793 5141 2895 5197 ahr
2929 5143 3011 5199 als
3043 5143 3145 5199 das
3179 5144 3309 5200 Ent-

460 5221 859 5294 stehungsjahr
890 5221 952 5276 in
983 5223 1084 5278 der
1117 5222 1500 5280 Ueberschrift
1535 5221 1871 5294 anzugeben.

631 5313 662 5364 2
697 5306 869 5364 Nicht
899 5324 1046 5378 ganz
1080 5306 1325 5363 deutlich
1359 5306 1734 5380 geschrieben.
