4038 6358
1363 665 1788 730 Bestimmungen
1826 678 1921 715 au·
1957 664 2073 717 dem
2110 664 2275 715 Jahre
2314 666 2459 717 1555.
3074 732 3091 751 ·
3206 668 3327 733 623

499 865 628 910 non
669 847 808 910 sine
851 844 1115 931 publica
1159 844 1501 911 multorum
1547 847 1824 933 pernitie
1865 856 1928 911 et
1967 846 2303 933 dignitatis
2358 850 2517 914 artis
2562 858 2626 913 et
2682 847 2927 913 ordinis
2970 848 3172 913 nostri
3210 849 3323 912 im-

500 944 852 1009 minutione
897 947 1134 1032 praxin
1178 966 1482 1011 exercere
1536 952 1875 1033 ceperunt,
1934 945 2223 1011 decrevit
2273 946 2547 1013 facultas
2561 997 2579 1030 ,
2623 956 2694 1011 ut
2743 947 3016 1035 posthac
3068 956 3325 1029 statuta,

499 1064 668 1131 quae
721 1042 1178 1130 praescribunt
1231 1043 1502 1110 formam
1545 1056 1609 1109 et
1649 1047 1964 1109 rationem
2006 1044 2394 1130 studiorum,
2438 1048 2779 1131 quotannis
2822 1048 2888 1110 in
2936 1046 3041 1110 die
3074 1044 3323 1110 Lucae¹

503 1145 642 1207 sine
685 1141 993 1209 dilatione
1035 1142 1494 1230 praelegantur
1536 1144 1980 1209 baccalaureis
2032 1154 2096 1208 et
2158 1144 2535 1211 scolaribus.
2618 1146 2723 1211 Ad
2764 1166 2955 1232 quam
3006 1168 3142 1210 rem
3185 1166 3328 1232 per-

510 1241 920 1308 commodum
962 1264 1104 1307 esse
1140 1246 1397 1329 putavit
1436 1243 1737 1326 facultas,
1778 1251 1850 1308 ut
1886 1243 2157 1330 posthac
2200 1267 2417 1310 omnes
2462 1254 2519 1309 et
2562 1244 2832 1331 singuli,
2876 1266 2999 1332 quo
3041 1254 3329 1331 tempore
3378 1252 3413 1307 ⁵

509 1345 790 1428 primum
813 1345 1096 1407 animum
1133 1342 1466 1429 applicant
1500 1334 1585 1406 ad
1627 1342 2002 1407 discendam
2049 1356 2273 1426 artem,
2318 1354 2429 1409 aut
2469 1346 2578 1429 qui
2622 1366 2704 1409 ex
2745 1343 2873 1408 alia
2914 1343 3331 1408 universitate

505 1440 836 1507 scholares
896 1442 1023 1506 huc
1081 1442 1378 1524 veniunt,
1437 1462 1668 1506 nomen
1739 1462 1924 1505 suum
1992 1442 2169 1529 apud
2238 1442 2547 1508 decanum
2623 1442 3043 1530 profiteantur
3109 1452 3171 1506 et
3238 1444 3331 1505 in-

507 1540 710 1606 scribi
771 1537 994 1627 cu[16]
1008 1549 1180 1623 rent,
1229 1550 1334 1623 ut,
1394 1563 1578 1626 quem
1635 1562 1895 1606 cursum
1961 1540 2317 1608 studiorum
2382 1545 2734 1625 tenuerint,
2805 1552 3031 1629 postea
3095 1544 3333 1607 rectius

511 1642 814 1726 cognosci
855 1642 1080 1726 possit.
1317 1657 1327 1665 ’
1895 1730 1936 1791 2
3356 1736 3419 1791 ¹⁰

672 1838 964 1926 Cumque
1003 1838 1190 1904 multi
1227 1849 1468 1904 temere
1509 1837 1594 1903 ad
1632 1838 1875 1925 gradus
1921 1840 2244 1926 aspirent,
2291 1861 2365 1904 eo
2407 1838 2579 1927 quod
2617 1850 2863 1927 putant,
2908 1863 2976 1905 se
3017 1849 3335 1929 utcunque

507 1948 762 2029 tempus
808 1938 1140 2004 definitum
1201 1939 1269 2003 in
1311 1940 1567 2003 statutis
1621 1937 2082 2024 complevisse,
2140 1961 2281 2003 cum
2325 1949 2537 2005 tamen
2582 1938 2856 2005 eruditio
2899 1962 3030 2006 non
3068 1963 3332 2028 respon·

513 2038 666 2103 deat
679 2088 699 2124 ,
743 2037 1020 2103 facultas
1061 2060 1218 2102 vero
1263 2038 1622 2103 iuramento
1668 2039 1936 2103 astricta
1995 2040 2111 2121 sit,
2168 2052 2248 2102 ne
2290 2050 2547 2125 praeter
2590 2038 2972 2125 dignitatem
3014 2039 3211 2126 aliqui
3252 2040 3338 2106 ad

512 2138 789 2204 honores
822 2136 1193 2219 evehantur,
1238 2136 1321 2201 de
1364 2158 1489 2223 quo
1535 2134 1849 2227 singulari
1892 2136 2085 2201 etiam
2131 2136 2397 2203 consilio
2439 2161 2481 2203 a
2523 2138 2877 2204 maioribus
2920 2150 3182 2205 cautum
3220 2151 3336 2224 est,

512 2240 800 2305 decrevit
827 2235 1102 2301 facultas
1134 2235 1426 2323 posthac,
1467 2245 1537 2299 ut
1580 2257 1663 2299 ex
1705 2234 2251 2321 disputationibus
2295 2245 2358 2300 et
2397 2236 2776 2303 lectionibus
2818 2237 3329 2325 candidatorum,
3354 2250 3417 2306 15

511 2338 744 2426 quibus
780 2335 1074 2402 doctores
1102 2344 1240 2400 tum
1275 2336 1584 2421 temporis
1625 2333 1966 2420 diligenter
2007 2334 2321 2401 interesse
2363 2335 2619 2419 debent,
2658 2334 2953 2403 iuditium
2993 2337 3110 2404 fiat
3150 2362 3335 2405 accu-

511 2448 652 2504 rate
696 2437 776 2502 de
819 2434 1178 2501 eruditione
1220 2444 1284 2497 et
1325 2432 1683 2521 aptitudine
1738 2434 2093 2519 petentium
2146 2435 2427 2520 gradus3
2483 2457 2634 2500 nam
2680 2437 2736 2499 si
2778 2437 2887 2524 qui
2930 2436 3131 2525 inepti
3174 2438 3337 2506 iudi-

513 2539 644 2603 cati
698 2537 970 2617 fuerint,
1028 2532 1175 2598 illos
1231 2554 1314 2597 ne
1378 2532 1635 2620 quidem
1691 2530 2123 2597 admittendos
2174 2533 2260 2597 ad
2315 2534 2693 2620 petitionem
2754 2533 3024 2600 alicuius
3090 2536 3337 2623 gradus

514 2646 763 2718 censet,
809 2630 938 2721 [17]
979 2656 1060 2698 ne
1100 2643 1164 2696 et
1206 2631 1334 2697 sibi
1372 2642 1436 2696 et
1472 2631 1765 2698 facultati
1805 2641 2047 2695 temere
2086 2634 2415 2718 negotium
2455 2633 2782 2699 facessant
2822 2645 2887 2698 et
2926 2634 3055 2721 ipsi
3096 2636 3166 2699 in
3206 2635 3339 2702 dis-

515 2737 761 2801 crimen
803 2734 1170 2799 reiectionis
1207 2731 1500 2815 veniant3
1544 2752 1695 2795 nam
1738 2730 1912 2819 quod
1950 2753 1992 2795 a
2028 2731 2382 2797 maioribus
2420 2735 2659 2797 nostris
2707 2734 2958 2819 magnis
3001 2732 3083 2799 de
3125 2737 3424 2801 causisffl

515 2846 581 2901 et
621 2834 813 2921 gravi
855 2830 1122 2898 consilio
1163 2830 1289 2897 hac
1334 2832 1403 2894 in
1445 2840 1631 2917 parte
1671 2830 1990 2897 sancitum
2032 2839 2147 2912 est,
2188 2830 2258 2893 id
2302 2834 2492 2895 etiam
2537 2833 2705 2896 serio
2750 2844 2844 2916 et,
2891 2855 3021 2920 qua
3059 2854 3182 2919 par
3222 2844 3341 2917 est,

514 2935 884 3021 integritate
928 2930 1375 3019 exequendum
1416 2930 1673 2995 omnino
1721 2929 1844 2995 sibi
1888 2932 2114 2995 statuit
2150 2928 2439 2997 facultas.

1906 3052 1960 3113 3.

683 3166 853 3234 Cum
896 3166 1105 3232 omnis
1149 3164 1475 3250 imperitia
1513 3165 1597 3228 sit
1636 3162 2111 3251 rebuspublicis
2154 3163 2614 3230 detrimentosa
2629 3211 2647 3245 ,
2690 3164 3039 3250 praecipue
3081 3187 3237 3230 vero
3274 3166 3343 3231 in

517 3268 641 3334 hac
685 3275 827 3331 arte
868 3286 1172 3351 magnam
1216 3263 1446 3328 afferat
1490 3265 1860 3350 perniciem,
1902 3263 2167 3330 ultimus
2208 3263 2454 3349 gradus
2467 3311 2487 3344 ,
2528 3261 2897 3328 doctoratus
2939 3263 3261 3349 videlicet,
3304 3289 3347 3332 a
3360 3275 3428 3332 25

518 3365 870 3434 maioribus
940 3365 1325 3430 constitutus
1397 3374 1496 3428 est
1514 3412 1532 3445 ,
1614 3373 1686 3428 ut
1769 3366 1853 3428 sit
1935 3363 2263 3450 publicum
2338 3363 2773 3428 testimonium
2836 3361 3214 3430 eruditionis
3282 3374 3347 3430 et

519 3467 854 3534 doctrinae
895 3463 1220 3551 perfectae
1261 3460 1432 3526 illius
1450 3511 1468 3544 ,
1524 3462 1637 3548 qui
1692 3461 1950 3549 publice
2007 3462 2309 3528 medendi
2357 3473 2563 3527 artem
2616 3483 2921 3526 exercere
2977 3472 3041 3527 et
3084 3466 3191 3528 cui
3232 3464 3343 3531 ho-

521 3568 728 3631 mines
752 3566 954 3629 vitam
996 3572 1061 3627 et
1101 3560 1372 3626 salutem
1413 3583 1591 3625 suam
1623 3570 1770 3626 ‘tuto
1815 3564 2217 3628 committere
2257 3562 2526 3648 possint.
2584 3561 2812 3648 Itaque
2839 3561 3343 3648 prudentissime

523 3665 608 3732 ab
649 3664 780 3730 illis
821 3671 1082 3728 cautum
1125 3672 1224 3726 est
1237 3709 1255 3742 ,
1299 3683 1380 3724 ne
1421 3662 1532 3748 qui
1576 3670 1726 3726 ante
1765 3659 1887 3726 hoc
1929 3659 2263 3747 publicum
2312 3660 2745 3725 testimonium
2796 3660 3101 3727 medendi
3142 3672 3346 3728 artem

521 3786 650 3829 non
689 3764 827 3828 sine
871 3758 1160 3846 periculo
1199 3760 1672 3846 aegrotantium
1723 3771 1787 3825 et
1827 3759 2111 3826 aliorum
2167 3758 2493 3825 hominum
2546 3758 3038 3846 intelligentium
3083 3762 3346 3849 querela
3361 3773 3433 3829 30

522 3863 854 3947 nostrique
895 3860 1140 3924 ordinis
1181 3860 1538 3946 ignominia
1577 3869 1873 3940 tractent,
1922 3858 2095 3945 quod
2138 3867 2443 3924 statutum
2484 3858 2854 3924 omnimodo
2896 3869 2996 3924 est
3031 3861 3342 3928 tuendum

523 3970 589 4026 et
629 3957 1162 4026 conservandum.
1261 3955 1805 4046 Unani[18]miter
1843 3959 2042 4043 igitur
2084 3957 2373 4023 decrevit
2410 3958 2708 4041 facultas,
2748 3969 2838 4041 ut,
2884 3960 2942 4023 si
2984 3960 3114 4046 qui,
3162 3960 3347 4028 obliti

525 4061 733 4125 omnis
779 4055 1162 4140 modestiae,
1221 4069 1445 4122 contra
1497 4059 1641 4123 ausi
1692 4058 1929 4122 fuerint
1965 4057 2182 4122 facere
2225 4066 2289 4122 et
2330 4057 2648 4136 honorem,
2682 4057 2806 4122 sibi
2857 4057 3141 4124 nondum
3194 4081 3345 4126 con·

525 4181 782 4225 cessum
824 4158 1231 4245 impudenter
1282 4178 1629 4244 usurpare,
1683 4155 1828 4221 illos
1887 4157 2083 4220 etiam
2140 4165 2369 4243 postea
2419 4179 2627 4246 neque
2679 4155 2765 4222 ad
2812 4157 3118 4222 honorem
3166 4159 3343 4225 illum

521 4280 730 4345 neque
786 4256 873 4322 ad
925 4267 1214 4322 nostram
1273 4257 1644 4320 societatem
1696 4254 2125 4322 admittendos
2170 4277 2451 4342 unquam
2494 4277 2636 4320 esse
2650 4305 2671 4339 ,
2730 4255 3047 4343 siquidem
3100 4257 3421 4346 indigni35

523 4358 699 4424 haud
740 4358 1058 4422 immerito
1098 4355 1464 4420 iudicantur
1503 4354 1627 4420 hoc
1669 4354 1894 4422 ordine
1909 4404 1928 4438 ,
1969 4357 2151 4421 cuius
2196 4355 2372 4440 leges
2387 4401 2407 4438 ,
2448 4355 2928 4440 authoritatem,
2969 4355 3348 4443 dignitatem

525 4469 590 4524 et
635 4458 1178 4524 existimationem
1221 4464 1630 4520 contemnere
1673 4477 1801 4520 non
1839 4466 2159 4522 verentur.

689 4595 1001 4654 Hier-nach
1042 4613 1157 4651 von
1195 4594 1456 4651 anderen·
1495 4593 1719 4651 Hand.-

526 4707 670 4772 VII.
713 4704 804 4794 [S.
835 4703 934 4794 19]
975 4692 1458 4772 Durnour'ruu
1485 4724 1580 4772 Ex
1615 4724 1826 4774 Lmno
1863 4720 2410 4788 umvnnsrmns,
2444 4721 2539 4770 nn·
2584 4720 2875 4772 sansmo
2918 4721 3352 4775 rmunonun

1029 4823 1553 4874 UNIVERSITATIS
1591 4825 1663 4872 IN
1707 4823 2163 4873 PBOMOTIONE
2202 4821 2843 4871 DOOTORANDOBUK.
3362 4817 3435 4876 4⁰

1645 4910 1766 4974 Vgl.
1808 4911 1948 4960 oben
1986 4908 2042 4959 S.
2082 4908 2163 4968 84,
2208 4909 2248 4957 Ι.

694 4991 1099 5076 Quicumque
1142 5013 1458 5055 summum
1503 4989 1816 5057 honorum
1863 4989 2345 5056 scolasticorum
2387 4987 2665 5074 gradum
2718 4993 3039 5056 consecuti
3094 4993 3350 5080 fuerint,

527 5100 600 5156 ut
635 5089 742 5155 vel
785 5093 851 5154 in
897 5112 1086 5155 sacra
1123 5087 1446 5174 theologia
1488 5088 1591 5154 vel
1648 5089 1850 5156 altero
1902 5099 2013 5154 aut
2067 5098 2341 5176 utroque
2378 5090 2518 5153 iure
2558 5087 2662 5152 vel
2698 5087 3020 5156 medicina
3057 5093 3355 5178 magistri

695 5263 726 5314 2
762 5256 1022 5312 Dariiber
1053 5273 1167 5310 war
1199 5253 1554 5327 geschrieben
1572 5256 1611 5312 i.
1633 5261 1693 5312 ¹3
1718 5255 2051 5324 Decembris,
2081 5253 2198 5309 dies
2232 5255 2307 5309 ist
2326 5251 2460 5310 aber
2490 5253 2687 5310 wieder
2719 5255 3145 5327 ausgestrichen,
3158 5256 3280 5312 weil
3296 5273 3355 5312 es

527 5341 708 5398 falech
737 5359 886 5412 πει-ς
919 5341 1020 5396 der
1057 5340 1184 5412 Τις
1218 5341 1404 5394 Lucae
1435 5355 1511 5395 ev.
1548 5339 1675 5394 funt
1707 5339 1810 5395 auf
1835 5339 1941 5395 den
1979 5344 2057 5396 18.
2095 5337 2232 5409 Oct,
2264 5337 2363 5394 der
2396 5339 2524 5410 Τις
2558 5339 2764 5396 Daciae
2805 5339 2911 5394 auf
2948 5341 3057 5397 den
3093 5345 3170 5398 1³.
3210 5339 3351 5400 Dec.
