4038 6358
1024 605 1289 658 Aeltcstos
1325 604 1718 668 Statutenbuch,
1757 607 1852 658 mit
1886 605 2149 657 Zusfitzen
2187 604 2267 654 bis
2307 604 2451 656 1440.
3038 601 3159 667 225

306 786 560 853 tando¹
603 809 715 852 suo
758 785 1252 874 praedecessori
1312 787 1484 853 infra
1525 786 1687 853 duos
1730 808 1982 852 menses
2027 784 2147 851 sub
2195 808 2406 873 poena
2447 785 2844 872 privacionis
2889 784 3165 872 collegii,

312 897 393 951 et
445 888 502 952 si
538 884 881 972 negligens.
908 887 1206 952 inventus
1246 887 1459 969 fuerit,
1512 886 1675 952 alter
1719 886 2013 973 eligatur,
2066 887 2176 972 qui
2222 883 2340 950 sub
2384 883 2612 950 eadem
2651 906 2862 971 poena
2905 883 3166 950 eosdem

324 991 409 1053 12
458 987 726 1052 florenos
769 983 915 1069 sibi,
954 995 1027 1051 ut
1069 1033 1469 1052 ..........
1479 987 1522 1069 ²,
1568 1007 1714 1050 cum
1756 985 1987 1050 effectu
2026 984 2373 1073 persolvet.

496 1092 546 1149 7.
584 1085 742 1151 Item
789 1085 870 1150 de
912 1108 1082 1151 novo
1126 1087 1380 1151 intrans
1428 1085 1769 1170 collegium
1812 1107 1931 1172 pro
1975 1086 2426 1152 consolacione
2453 1084 2912 1169 magistrorum
2954 1086 3169 1171 ipsum

320 1184 697 1271 eligentium
740 1194 874 1249 tres
917 1185 1195 1251 florenos
1238 1185 1320 1251 de
1363 1195 1599 1268 cetero,
1645 1207 1806 1270 quos
1853 1184 2042 1249 simul
2086 1195 2201 1251 aut
2238 1185 2508 1250 seorsim
2555 1206 2675 1270 pro
2718 1183 3166 1250 consolacione
3219 1195 3250 1248 5

318 1283 644 1349 stomachi
683 1283 768 1348 ad
812 1283 1121 1371 placitum
1172 1284 1634 1366 reservabunt,
1689 1283 1862 1348 infra
1914 1307 2199 1350 mensem
2243 1285 2617 1371 praeposito
2664 1281 3168 1371 praesentando³

312 1382 448 1449 sub
493 1404 695 1470 poena
724 1384 1167 1470 suspensionis
1211 1382 1610 1469 singulorum
1651 1383 1975 1448 fructuum
2016 1383 2605 1471 percipiendorum,
2651 1393 2714 1448 et
2751 1383 3013 1448 interim
3039 1404 3168 1448 non

314 1482 591 1548 habebit
629 1481 841 1548 locum
885 1480 1149 1568 aliquod
1193 1482 1601 1548 commodum
1645 1482 1934 1571 optandi,
1974 1483 2102 1547 nisi
2144 1483 2269 1547 hiis
2313 1481 2557 1548 solutis.

491 1587 546 1650 8.
588 1577 704 1669 [Bl.
747 1579 850 1667 2⁸]
894 1582 1058 1646 Item
1100 1583 1515 1669 praepositus
1556 1607 1685 1650 non
1727 1581 1994 1649 habebit
2055 1583 2397 1668 pecuniam
2453 1580 2729 1646 alicuius
2775 1580 2855 1646 de
2911 1581 3161 1646 familia

313 1680 573 1768 collegii
629 1682 900 1768 propria
955 1682 1336 1747 auctoritate
1401 1680 1757 1769 adaugere,
1813 1681 1929 1747 sed
1971 1682 2118 1746 visa
2159 1679 2532 1746 rationabili
2577 1702 2775 1746 causa
2817 1681 3164 1768 pecuniam
3186 1691 3250 1745 10

316 1779 522 1846 talem
563 1780 917 1846 diminuere
959 1789 1190 1867 potest.

486 1884 542 1945 9.
600 1879 760 1944 Item
799 1878 1012 1948 nullus
1055 1878 1136 1944 de
1183 1879 1433 1945 familia
1475 1879 1729 1968 collegii
1773 1904 1893 1946 nec
1936 1880 2206 1967 aliquis⁴
2253 1878 2662 1956 scholarium,
2706 1880 3168 1967 magistrorum

316 1979 427 2045 vel
473 1978 988 2044 commensalium
1019 1977 1101 2043 de
1126 1979 1398 2065 collegio
1426 1990 1750 2067 proponat
1789 1979 2036 2065 aliquid
2079 1989 2309 2044 contra
2346 1980 2791 2065 praepositum
2816 1979 2920 2044 vel
2962 1980 3166 2064 magi-

316 2088 524 2143 strum
549 2077 651 2142 vel
695 2077 1189 2144 commensalem
1235 2075 1429 2166 [infra
1471 2077 1839 2166 mensam].⁵
1898 2078 2031 2144 Sed
2073 2080 2129 2144 si
2171 2077 2450 2164 aliquem
2483 2077 2806 2143 defectum
2846 2078 3165 2161 habuerit,

315 2176 496 2243 dicat
529 2178 900 2264 praeposito
928 2176 1031 2242 vel
1071 2179 1384 2264 magistro
1430 2202 1565 2262 suo,
1608 2179 1810 2245 verbo
1854 2188 1919 2244 et
1957 2175 2131 2244 facto
2165 2187 2425 2243 servata
2467 2177 2823 2243 honestate.
2878 2178 3062 2244 Alias
3108 2179 3163 2243 si
3186 2187 3246 2243 15

317 2279 792 2342 contravenerit
834 2289 899 2342 et
938 2277 1111 2343 infra
1153 2277 1316 2343 duos
1358 2277 1498 2343 dies
1540 2277 1796 2364 collegii
1837 2277 2436 2345 reconsiliacionem
2474 2299 2605 2343 non
2643 2277 3010 2362 obtinuerit,
3053 2301 3163 2345 ex-

314 2388 471 2441 tunc
511 2399 549 2441 a
590 2375 862 2462 collegio
906 2378 992 2441 sit
1031 2376 1354 2442 exclusus.

486 2481 579 2541 10.
638 2476 802 2540 Item
864 2478 920 2540 si
964 2477 1393 2566 praepositus
1436 2475 1634 2541 habet
1675 2474 2156 2562 displicentiam
2201 2498 2395 2563 super
2438 2478 2608 2542 facto
2652 2475 2927 2542 alicuius
2981 2476 3161 2542 scho-

320 2575 477 2642 laris
508 2576 806 2661 magistri
832 2574 938 2639 vel
983 2574 1468 2642 commensalis⁶
1507 2577 1575 2639 in
1618 2574 1761 2657 hiis,
1808 2597 1973 2662 quae
2006 2586 2283 2660 tangunt
2312 2574 2671 2662 collegium,
2710 2587 2948 2641 extunc
2976 2598 3160 2663 prae-

319 2676 563 2762 positus
606 2685 933 2761 proponat
987 2677 1300 2760 magistro
1354 2673 1458 2739 vel
1515 2673 1777 2740 domino
1833 2673 2004 2739 illius
2064 2673 2399 2757 scholaris,
2457 2698 2726 2741 monens
2774 2698 2921 2740 eum
2961 2696 3160 2762 super
3176 2683 3244 2739 20

322 2775 716 2840 correctione
772 2772 1085 2839 scholaris
1144 2771 1449 2838 eiusdem.
1538 2773 1793 2855 Quodsi
1842 2773 2042 2838 talem
2098 2774 2424 2859 corrigere
2482 2797 2611 2840 non
2667 2776 2994 2840 curaverit
3051 2785 3162 2840 aut

318 2873 627 2938 scholaris
670 2874 767 2938 sic
807 2883 1132 2938 correctus
1173 2894 1243 2937 se
1284 2895 1412 2937 non
1454 2872 1915 2954 emendaverit,
1961 2881 2201 2937 extimo
2243 2875 2653 2961 praepositus
2697 2873 2968 2960 collegio
3013 2897 3159 2939 cau-

322 2995 457 3037 sam
509 2971 690 3037 illam
732 2983 1083 3058 proponat,
1130 2996 1322 3060 quam
1362 2972 1704 3060 collegium
1741 2980 1895 3036 tunc
1937 2973 2122 3037 iuxta
2163 2972 2538 3056 qualitatem
2582 2974 2739 3038 facti
2779 2972 3039 3039 decidat
3077 2985 3160 3058 et,

321 3082 641 3137 crescente
682 3073 819 3136 eius
862 3070 1142 3154 malicia,
1186 3095 1228 3137 a
1266 3070 1535 3158 collegio
1579 3094 1725 3136 eum
1764 3069 2073 3136 excludat
2112 3070 2396 3136 dictante
2434 3073 2700 3138 ratione.

483 3178 573 3238 11.
635 3172 805 3237 Item
849 3172 1260 3258 praepositus
1305 3181 1558 3237 tenetur
1599 3195 1745 3237 cum
1791 3169 2141 3258 diligencia
2192 3173 2540 3259 respicere,
2594 3183 2905 3259 quantum
2958 3175 3028 3239 in
3081 3195 3155 3239 eo
3176 3182 3242 3238 25
3307 3194 3314 3201 “

323 3281 434 3354 est,
475 3271 653 3360 quod
689 3271 994 3336 honestas
1039 3270 1296 3357 collegii
1337 3294 1455 3358 per
1501 3271 1672 3337 diem
1716 3283 1779 3336 et
1819 3283 2075 3336 noctem
2118 3281 2552 3336 conservetur.

480 3375 575 3437 12.
631 3371 793 3436 Item
833 3369 1046 3435 nullus
1090 3370 1172 3435 de
1212 3393 1383 3436 novo
1427 3370 1514 3435 ad
1569 3393 1860 3436 mensam
1914 3370 2292 3457 recipiatur,
2349 3372 2477 3435 nisi
2534 3371 2768 3458 aliquis
2819 3374 3156 3458 magistro·

318 3492 453 3536 rum
499 3470 875 3558 praeposito
918 3479 982 3534 et
1025 3470 1356 3556 magistris
1399 3468 1481 3535 de
1527 3470 1798 3556 collegio
1839 3492 1958 3556 pro
2009 3492 2085 3535 eo
2138 3468 2460 3556 loquatur,
2520 3479 2613 3553 ct,
2676 3472 2731 3535 si
2786 3482 3158 3560 assumptus

320 3570 523 3653 fuerit,
567 3568 839 3655 collegio
883 3570 1042 3635 duos
1084 3592 1349 3656 grossos
1390 3591 1593 3636 novos
1633 3568 1721 3635 ad
1760 3568 2068 3634 utensilia
2109 3567 2402 3656 pagabit.

478 3674 574 3736 13.
621 3665 742 3756 [Bl.
789 3666 894 3755 2¹³]
952 3669 1117 3734 Item
1170 3666 1441 3754 quilibet
1496 3669 1805 3755 magister
1848 3667 2105 3754 collegii
2161 3666 2447 3755 quolibet
2500 3668 2769 3735 dimidio
2825 3692 2992 3734 anno
3036 3680 3239 3758 per30

319 3789 505 3832 unum
548 3789 831 3833 mensem
871 3767 1107 3834 absens
1150 3790 1293 3833 esse
1336 3769 1593 3854 poterit,
1636 3770 1835 3833 etiam
1875 3767 2052 3833 nullo
2097 3767 2183 3832 ad
2220 3767 2344 3832 hoc
2382 3769 2724 3857 requisito,
2754 3778 2819 3834 et
2848 3771 3156 3856 porcione

320 3865 576 3931 carebit.

466 3971 507 4030 '1
519 3973 578 4033 4.
642 3965 803 4031 Item
844 3967 1156 4052 magistro
1207 3965 1547 4032 licenciam
1602 3966 1935 4032 absentiae
1994 3968 2240 4055 petenti
2298 3968 2595 4054 spacium
2639 3969 2829 4033 unius
2885 3972 3040 4035 anni
3093 3982 3157 4037 et

322 4066 553 4129 mensis
599 4087 729 4129 non
771 4073 871 4130 est
909 4064 1377 4152 denegandum.

478 4170 577 4229 15.
640 4164 806 4229 Item
861 4163 1071 4229 nullus
1118 4166 1578 4251 magistrorum
1631 4167 1911 4253 accipiet
1966 4164 2247 4253 aliquem
2305 4164 2391 4230 ad
2445 4164 2808 4251 comodum,
2862 4181 3235 4237 mensam35

320 4261 413 4327 vel
455 4261 718 4327 domum
762 4272 988 4328 contra
1032 4263 1427 4328 voluntatem
1479 4262 1764 4348 alterius,
1820 4262 2195 4330 rationabili
2249 4285 2448 4330 causa
2503 4270 2888 4351 praesertim
2930 4268 3155 4335 habita

322 4382 429 4446 per
474 4361 1043 4445 contradicentem,
1085 4361 1165 4427 de
1209 4385 1338 4449 qua
1381 4361 1719 4449 collegium
1766 4372 2137 4451 cognoscat.

484 4701 511 4751 1
550 4696 633 4750 Ist
661 4702 805 4751 etwa
836 4713 907 4751 zu
938 4696 1091 4750 lesen
1117 4696 1507 4765 praesentabit,
1542 4695 1675 4750 oder
1707 4694 1852 4750 noch
1886 4695 2403 4753 wahrscheinlicher
2427 4701 2818 4769 praesentato?

478 4784 512 4835 2
548 4780 695 4836 Zwei
732 4781 944 4849 Worte‚
984 4779 1074 4835 die
1108 4777 1307 4834 Miiller
1348 4778 1505 4834 nicht
1538 4778 1823 4836 entziffern
1854 4780 2066 4837 konnte
2112 4782 2225 4836 und
2263 4800 2368 4837 nur
2405 4781 2773 4853 ungeschickt
2821 4784 3148 4852 nachmalte‚

320 4863 597 4920 entsiehen
632 4863 748 4918 sich
782 4862 927 4918 auch
959 4861 1167 4918 meiner
1200 4862 1440 4934 Lesung.

478 4955 510 5004 3
537 4950 926 5019 praesentabit,
958 4948 1091 5004 oder
1126 4945 1638 5003 wahrscheinlicher
1661 4949 2053 5018 praesentato!

476 5037 511 5087 4
543 5031 920 5089 Geschrieben
950 5031 1024 5087 ist
1056 5032 1219 5089 alim.

478 5123 509 5172 5
544 5118 708 5187 infra
739 5133 976 5171 mensam
1006 5115 1179 5186 fehlt3
1212 5115 1347 5171 aber
1379 5115 1487 5186 vgl.
1526 5114 1668 5170 oben
1706 5119 1818 5183 178,
1852 5120 1901 5169 5.

476 5206 510 5255 6
550 5200 657 5255 Die
700 5200 899 5256 beiden
933 5198 1202 5257 Genetive
1244 5220 1385 5271 may.
1431 5199 1545 5254 und
1593 5217 1776 5254 comm.
1823 5197 2041 5271 haugen
2090 5200 2161 5254 ab
2209 5218 2318 5255 von
2362 5204 2668 5273 scholaris,-
2714 5206 2952 5260 alicuius
2979 5202 3149 5264 'batte

320 5300 438 5339 man
470 5281 617 5338 auch
648 5282 768 5339 hier
801 5303 901 5339 vor
932 5285 1186 5355 magistri
1220 5289 1488 5339 crwartet.
1532 5283 1661 5355 Vgl.
1701 5282 1845 5338 oben
1883 5288 1996 5349 178,
2032 5290 2064 5339 9
2101 5285 2212 5338 und
2252 5291 2362 5355 197,
2395 5292 2477 5344 21.

467 5385 905 5424 sruurausucn
939 5387 1054 5424 nan
1087 5387 1236 5426 usxv.
1270 5387 1510 5425 tamaro.
2737 5385 2811 5443 15
