4038 6358
1357 587 1623 640 Entwnrfe
1656 601 1764 640 von
1808 586 2162 641 1443-1446.
3057 584 3177 650 377

251 763 718 854 neglexerit,
762 792 1040 858 poenam
1060 770 1250 836 unius
1275 769 1489 857 grossi
1515 769 1807 836 incurrat
1826 772 1982 859 ipso
2002 771 2196 853 facto,
2239 789 2432 858 quam
2474 766 2759 834 decanus
2797 766 2922 833 sub
2964 788 3176 855 poena

248 869 621 951 praestiti
673 871 1016 937 iuramenti
1060 868 1145 936 ab
1190 869 1415 937 eodem
1460 870 1725 955 exigere
1767 879 2079 936 teneatur.

1203 1042 1263 1102 5.
1306 1053 1401 1102 DE
1442 1052 1816 1103 Exnnclclo
1860 1052 2381 1102 METAPHISICAE.

448 1164 689 1251 Item,
753 1169 908 1257 quia
955 1170 1199 1236 noticia
1257 1168 1766 1257 metaphisicalis
1804 1170 2014 1257 primo
2059 1178 2125 1235 et
2165 1165 2611 1256 principaliter
2655 1166 2933 1253 gradum
2973 1172 3177 1258 respi-

250 1266 350 1330 cit
416 1268 946 1355 magistralem,
1008 1270 1192 1335 cuius
1261 1268 1537 1355 diligens
1611 1269 1964 1357 disputatio
2024 1278 2089 1333 et
2131 1267 2295 1333 bene
2351 1267 2726 1332 continuata
2765 1270 3170 1355 permaxime
3228 1280 3257 1336 5

260 1370 707 1434 necessaria
750 1378 849 1434 est
891 1367 1378 1455 magistrandis,
1422 1367 1505 1433 ob
1550 1368 1744 1457 idque
1787 1368 2064 1434 facultas
2092 1368 2334 1433 arcium
2363 1367 2573 1452 magis
2602 1365 2935 1432 attendere
2962 1367 3175 1453 habet,

271 1465 477 1553 qnod
548 1467 943 1554 disputacio
986 1466 1354 1533 huiusmodi
1416 1490 1562 1534 cum
1610 1468 1957 1554 diligencia
2000 1468 2426 1532 continuetur.
2510 1464 2824 1532 Volumus
2868 1470 3066 1553 igitur
3109 1480 3171 1535 et

275 1566 682 1632 statuimus
697 1617 715 1651 ,
774 1567 946 1654 quod
1014 1566 1289 1633 facultas
1364 1568 1611 1633 arcium
1671 1567 1967 1654 diligenti
2007 1566 2316 1653 indagine
2357 1563 2702 1651 provideat
2744 1564 2825 1631 de
2868 1570 3177 1634 exercitio

272 1663 676 1751 praedicto
718 1665 1117 1754 disputando
1170 1676 1236 1733 et
1283 1690 1401 1755 per
1454 1668 1619 1733 duas
1658 1666 1763 1732 vel
1820 1667 1986 1732 citra
2038 1666 2423 1732 mutationes
2466 1664 2936 1750 continuando,
2981 1677 3173 1756 prout

267 1762 623 1830 facultati
681 1767 895 1831 visum
953 1766 1146 1831 fuerit
1208 1789 1329 1854 pro
1396 1766 1673 1834 utilitate
1737 1776 1799 1832 et
1864 1766 2176 1853 singulari
2235 1767 2628 1831 incremento
2695 1768 3176 1854 suppositorum
3199 1776 3263 1834 10

276 1863 624 1931 eiusdem
669 1866 880 1952 magis
922 1864 1252 1953 expedire.

752 2037 812 2098 6.
868 2049 964 2097 nn
1004 2049 1295 2101 nunno
1338 2050 1841 2101 mors'rnonuu
1882 2050 1977 2098 DE:
2022 2047 2343 2098 oonslmo
2385 2048 2835 2100 racumxrls.

448 2162 671 2248 Item,
719 2163 873 2250 quia
912 2164 1273 2252 multitudo,
1315 2189 1479 2253 quae
1526 2166 1882 2233 canonibus
1924 2175 2023 2231 est
2059 2164 2341 2246 inimica,
2384 2162 2584 2230 nichil
2610 2163 2862 2231 honesti
2899 2166 3167 2253 habens,

267 2261 449 2327 facit
499 2263 816 2330 homines
861 2287 1058 2353 saepe
1112 2268 1323 2354 magis
1378 2266 1542 2333 viles
1596 2267 2161 2353 confusionemque
2202 2262 2480 2348 inducit,
2538 2285 2684 2330 cum
2725 2263 2903 2332 dicat
2945 2291 3170 2353 canon,

268 2360 464 2449 quod
528 2362 922 2429 clericorum
984 2366 1282 2452 paucitas
1337 2365 1779 2449 honorabiles,
1842 2365 2036 2431 turba
2085 2363 2599 2452 contemptibiles
2657 2365 2842 2450 facit,
2886 2367 3174 2433 volentes
3197 2379 3258 2434 1³

266 2461 773 2547 magistrorum
807 2486 1164 2548 numerum,
1211 2465 1295 2531 ab
1338 2466 1600 2555 antiquo
1639 2467 1705 2531 in
1751 2464 2017 2531 consilio
2057 2464 2382 2530 facultatis
2427 2464 2869 2549 existencium,
2909 2470 3171 2533 restrin-

182 2646 187 2652 ,
275 2583 448 2647 gere
495 2572 707 2651 atque
747 2560 1058 2629 reducere
1103 2564 1188 2629 ad
1228 2588 1563 2630 numerum
1606 2575 2102 2653 competentem,
2158 2565 2500 2630 statuimus
2520 2614 2538 2647 ‚
2595 2564 2767 2650 quod
2825 2563 2906 2630 de
2961 2576 3174 2632 cetero

276 2661 349 2724 in
418 2661 715 2728 consilio
759 2662 1088 2729 facultatis
1126 2666 1374 2729 arcium
1418 2665 1549 2730 sint
1591 2664 1795 2730 solum
1841 2665 2067 2730 decem
2107 2674 2172 2730 et
2214 2686 2331 2729 sex
2372 2664 2705 2751 magistri,
2766 2662 2850 2729 de
2888 2664 3177 2753 qualibet

280 2761 575 2827 natione
621 2772 920 2850 quatuor,
964 2763 1449 2829 remanentibus
1493 2773 1713 2830 tamen
1751 2765 2084 2852 magistris
2127 2786 2298 2830 nunc
2337 2762 2420 2829 de
2448 2763 2717 2830 consilio
2746 2763 3176 2830 existentibus

286 2881 521 2949 usque
571 2859 661 2925 ad
703 2883 927 2927 eorum
969 2864 1499 2930 extenuationem
1553 2873 1618 2929 et
1675 2886 1899 2930 eorum
1952 2863 2384 2930 voluntarium
2427 2884 2756 2929 recessum
2799 2872 2912 2928 aut
2949 2862 3168 2928 deces-
3186 2872 3255 2929 20

274 2962 465 3025 sum.
562 2961 655 3026 Et
711 2962 768 3026 si
819 2984 1127 3028 successu
1185 2965 1497 3051 temporis
1545 2985 1849 3029 numerus
1898 2964 2073 3030 infra
2126 2964 2351 3029 decem
2396 2971 2459 3028 et
2502 2985 2618 3027 sex
2662 2962 2858 3028 fuerit
2899 2962 3173 3031 diminu-

288 3067 398 3123 tus
424 3108 444 3142 ,
498 3069 751 3127 extunc
789 3059 1090 3145 facultas,
1132 3061 1432 3129 habendo
1475 3070 1844 3150 respectum
1887 3063 1972 3129 ad
2014 3061 2197 3129 illum
2239 3062 2344 3128 vel
2387 3062 2473 3128 ad
2511 3061 2677 3146 illos,
2720 3063 2830 3150 qui
2861 3062 3175 3147 moribus,

296 3159 620 3226 scienciis
674 3170 737 3227 et
799 3159 1134 3227 laboribus
1191 3163 1337 3250 plus
1396 3161 1543 3228 aliis
1604 3162 1799 3229 fuerit
1854 3187 1968 3230 seu
2027 3163 2265 3229 fuerint
2320 3163 2664 3249 insignitus
2709 3185 2824 3228 seu
2863 3163 3174 3249 insigniti,

296 3255 605 3344 eligendi
649 3269 713 3325 et
755 3260 1035 3327 vocandi
1078 3261 1274 3330 alium
1317 3262 1423 3328 vel
1465 3261 1627 3328 alios
1646 3312 1664 3346 ,
1722 3261 1907 3328 salva
1949 3273 2167 3331 tamen
2207 3265 2489 3353 paritate
2530 3262 2896 3347 nationum,
2936 3262 3174 3329 habeat

297 3354 602 3424 liberam
642 3360 1071 3427 autoritatem.
3186 3370 3254 3427 25

1334 3563 1392 3626 7.
1456 3579 1553 3627 nu·
1596 3579 2157 3629 Pnouo‘romnus

480 3693 822 3761 Postremo
880 3694 1123 3782 placet,
1200 3693 1372 3782 quod
1424 3694 1695 3783 quilibet
1748 3694 1972 3761 volens
2032 3718 2174 3761 esse
2228 3697 2558 3783 particeps
2614 3694 3168 3761 emolimentorum

310 3792 396 3855 sit
447 3804 605 3858 actu
648 3814 901 3879 regens.
982 3792 1234 3879 Regula
1277 3796 1448 3860 enim
1491 3794 1849 3883 apostolica
1894 3796 1989 3860 sic
2031 3794 2437 3878 determinat,
2481 3794 2654 3883 quod
2690 3817 2821 3860 non
2858 3793 3164 3859 laborans

310 3913 441 3957 non
492 3893 689 3959 debet
732 3892 1145 3976 manducare,
1185 3893 1660 3960 valitudinariis
1699 3905 1763 3962 et
1800 3894 2075 3960 infirmis
2123 3894 2441 3960 duntaxat
2482 3896 2788 3982 exceptis.

480 3991 635 4058 Alia
710 4014 866 4058 vero
926 4003 1188 4057 nostrae
1248 3992 1576 4058 facultatis
1637 4001 1882 4058 statuta
1951 4003 2015 4059 ct
2078 3992 2551 4077 ordinationes,
2595 3995 2972 4081 praemissis
3035 4016 3163 4059 non
3181 4003 3251 4060 30

314 4088 685 4176 obviancia,
727 4093 793 4157 in
834 4114 949 4158 suo
991 4092 1223 4159 robore
1263 4093 1560 4160 volumus
1603 4115 2001 4180 permanere.

479 4225 586 4292 Ita
629 4224 874 4313 placuit
913 4226 1193 4293 domino.

432 4545 695 4594 LITERA
737 4546 1054 4596 EPISCOPI
1094 4543 1712 4596 MERZEBURGENSIS
1772 4547 1916 4596 clm
1954 4547 2230 4597 SIGILLO
2273 4546 2683 4597 MAIESTATIS
2726 4547 2820 4595 AD
2864 4545 3115 4595 FACUL-

1487 4647 1722 4696 TATEM
1762 4647 2044 4696 ARcmM.

475 4759 831 4843 Iohannes,
898 4761 1003 4826 dei
1043 4762 1272 4848 gracia
1316 4764 1664 4850 episcopus
1719 4762 2035 4830 ecclesiae
2073 4762 2662 4850 Merseburgensis,
2728 4763 3156 4829 cancellarius
3175 4772 3243 4829 35

318 4861 542 4926 unicus
587 4858 799 4925 almae
864 4863 1307 4927 universitatis
1353 4861 1548 4928 studii
1593 4863 1966 4951 Liptzensis
2008 4873 2269 4930 nostrae
2311 4862 2586 4929 diocesis
2626 4885 2667 4928 a
2708 4862 2861 4929 sede
2904 4873 3159 4950 aposto·

318 4955 440 5025 lica
481 4959 855 5049 specialiter
903 4958 1268 5048 deputatus,
1312 4963 1794 5029 venerabilibus
1835 4964 2017 5046 viris,
2064 4962 2310 5029 decano
2354 4970 2417 5028 et
2456 4962 2789 5049 magistris
2831 4962 3155 5029 facultatis

321 5061 546 5124 artium
587 5053 798 5125 dictae
842 5059 1052 5126 almae
1095 5063 1554 5146 univcrsitatis,
1599 5065 1918 5129 sinceram
1973 5064 2043 5128 in
2081 5061 2341 5128 domino
2384 5063 2737 5128 caritatem.
2820 5061 2995 5142 Quia
3038 5085 3159 5150 pro

320 5178 475 5243 pace
517 5168 581 5225 et
618 5159 1092 5248 tranquillitate
1135 5170 1433 5249 statuque
1472 5184 1789 5250 prospero
1831 5184 2083 5227 necnon
2124 5171 2187 5227 et
2225 5160 2468 5228 honore
2508 5170 2900 5227 memoratae
2943 5160 3164 5229 dictae

322 5255 523 5325 almae
577 5258 1020 5325 universitatis
1065 5269 1131 5325 et
1167 5262 1550 5350 praesertim
1597 5263 1811 5329 dictae
1855 5261 2243 5330 venerabilis
2283 5261 2610 5328 facultatis
2655 5262 2908 5328 arcium
2952 5261 3151 5351 quod·
3172 5273 3239 5329 40
