<?xml version="1.0" encoding="UTF-8"?>
<!DOCTYPE html PUBLIC "-//W3C//DTD XHTML 1.0 Transitional//EN"
    "http://www.w3.org/TR/xhtml1/DTD/xhtml1-transitional.dtd">
<html xmlns="http://www.w3.org/1999/xhtml" xml:lang="en" lang="en">
 <head>
  <title>
</title>
<meta http-equiv="Content-Type" content="text/html;charset=utf-8" />
  <meta name='ocr-system' content='tesseract 3.04.00' />
  <meta name='ocr-capabilities' content='ocr_page ocr_carea ocr_par ocr_line ocrx_word'/>
</head>
<body>
  <div class='ocr_page' id='page_1' title='image "./diestatutenbche02leipgoog_0422.png"; bbox 0 0 4038 6358; ppageno 0'>
   <div class='ocr_carea' id='block_1_1' title="bbox 786 607 2650 674">
    <p class='ocr_par' dir='ltr' id='par_1_1' title="bbox 786 607 2650 674">
     <span class='ocr_line' id='line_1_1' title="bbox 786 607 2650 674; baseline 0 -16"><span class='ocrx_word' id='word_1_1' title='bbox 786 610 909 674; x_wconf 79' lang='grc'><strong>406</strong></span> <span class='ocrx_word' id='word_1_2' title='bbox 1779 608 1884 658; x_wconf 75' lang='lat' dir='ltr'><strong>Die</strong></span> <span class='ocrx_word' id='word_1_3' title='bbox 1917 607 2360 673; x_wconf 68' lang='lat' dir='ltr'><strong>philosophi-che</strong></span> <span class='ocrx_word' id='word_1_4' title='bbox 2393 607 2650 659; x_wconf 62' lang='lat' dir='ltr'><strong>Facultit.</strong></span> 
     </span>
    </p>
   </div>
   <div class='ocr_carea' id='block_1_2' title="bbox 703 788 3698 1873">
    <p class='ocr_par' dir='ltr' id='par_1_2' title="bbox 703 788 3698 1873">
     <span class='ocr_line' id='line_1_2' title="bbox 793 788 3698 880; baseline 0.001 -25"><span class='ocrx_word' id='word_1_5' title='bbox 793 798 979 855; x_wconf 88' lang='lat' dir='ltr'><strong>textu</strong></span> <span class='ocrx_word' id='word_1_6' title='bbox 1019 812 1139 876; x_wconf 89' lang='lat' dir='ltr'><strong>pro</strong></span> <span class='ocrx_word' id='word_1_7' title='bbox 1185 797 1477 877; x_wconf 88' lang='lat' dir='ltr'><strong>tempore</strong></span> <span class='ocrx_word' id='word_1_8' title='bbox 1520 788 1712 859; x_wconf 89' lang='lat' dir='ltr'><strong>simul</strong></span> <span class='ocrx_word' id='word_1_9' title='bbox 1753 790 1877 868; x_wconf 86' lang='lat' dir='ltr'><strong>uti)</strong></span> <span class='ocrx_word' id='word_1_10' title='bbox 1921 798 1986 856; x_wconf 91' lang='lat' dir='ltr'><strong>et</strong></span> <span class='ocrx_word' id='word_1_11' title='bbox 2021 790 2216 879; x_wconf 71' lang='lat' dir='ltr'><strong>quod.</strong></span> <span class='ocrx_word' id='word_1_12' title='bbox 2239 790 2378 856; x_wconf 88' lang='lat' dir='ltr'><strong>sine</strong></span> <span class='ocrx_word' id='word_1_13' title='bbox 2417 812 2618 856; x_wconf 87' lang='lat' dir='ltr'><strong>causa</strong></span> <span class='ocrx_word' id='word_1_14' title='bbox 2660 788 3053 873; x_wconf 73' lang='lat' dir='ltr'>rationabili,</span> <span class='ocrx_word' id='word_1_15' title='bbox 3084 790 3391 878; x_wconf 84' lang='lat' dir='ltr'><strong>legittimo</strong></span> <span class='ocrx_word' id='word_1_16' title='bbox 3429 793 3698 880; x_wconf 81' lang='lat' dir='ltr'><strong>impe-</strong></span> 
     </span>
     <span class='ocr_line' id='line_1_3' title="bbox 799 888 3698 978; baseline 0 -22"><span class='ocrx_word' id='word_1_17' title='bbox 799 888 1081 956; x_wconf 88' lang='lat' dir='ltr'><strong>dimento</strong></span> <span class='ocrx_word' id='word_1_18' title='bbox 1119 897 1432 973; x_wconf 77' lang='lat' dir='ltr'><strong>cessante,</strong></span> <span class='ocrx_word' id='word_1_19' title='bbox 1476 888 1717 956; x_wconf 87' lang='lat' dir='ltr'><strong>nullam</strong></span> <span class='ocrx_word' id='word_1_20' title='bbox 1759 890 2118 973; x_wconf 86' lang='lat' dir='ltr'><strong>lectionem,</strong></span> <span class='ocrx_word' id='word_1_21' title='bbox 2162 912 2360 978; x_wconf 85' lang='lat' dir='ltr'><strong>quam</strong></span> <span class='ocrx_word' id='word_1_22' title='bbox 2400 890 2628 956; x_wconf 88' lang='lat' dir='ltr'><strong>audire</strong></span> <span class='ocrx_word' id='word_1_23' title='bbox 2671 889 2913 973; x_wconf 84' lang='lat' dir='ltr'><strong>debuit,</strong></span> <span class='ocrx_word' id='word_1_24' title='bbox 2959 899 3073 955; x_wconf 85' lang='lat' dir='ltr'><strong>aut</strong></span> <span class='ocrx_word' id='word_1_25' title='bbox 3113 893 3560 974; x_wconf 77' lang='lat' dir='ltr'><strong>exercicium,</strong></span> <span class='ocrx_word' id='word_1_26' title='bbox 3609 892 3698 957; x_wconf 83' lang='lat' dir='ltr'><strong>in</strong></span> 
     </span>
     <span class='ocr_line' id='line_1_4' title="bbox 789 988 3690 1079; baseline 0 -24"><span class='ocrx_word' id='word_1_27' title='bbox 789 1010 918 1077; x_wconf 91' lang='lat' dir='ltr'><strong>quo</strong></span> <span class='ocrx_word' id='word_1_28' title='bbox 976 998 1152 1055; x_wconf 88' lang='lat' dir='ltr'><strong>stare</strong></span> <span class='ocrx_word' id='word_1_29' title='bbox 1210 988 1466 1072; x_wconf 90' lang='lat' dir='ltr'><strong>debuit,</strong></span> <span class='ocrx_word' id='word_1_30' title='bbox 1515 989 1836 1076; x_wconf 86' lang='lat' dir='ltr'><strong>neglexit,</strong></span> <span class='ocrx_word' id='word_1_31' title='bbox 1890 1014 1931 1056; x_wconf 88' lang='lat' dir='ltr'><strong>a</strong></span> <span class='ocrx_word' id='word_1_32' title='bbox 1984 990 2192 1057; x_wconf 83' lang='lat' dir='ltr'><strong>tercia</strong></span> <span class='ocrx_word' id='word_1_33' title='bbox 2241 989 2519 1056; x_wconf 89' lang='lat' dir='ltr'><strong>lectione</strong></span> <span class='ocrx_word' id='word_1_34' title='bbox 2569 1000 2683 1055; x_wconf 90' lang='lat' dir='ltr'><strong>aut</strong></span> <span class='ocrx_word' id='word_1_35' title='bbox 2739 991 3060 1055; x_wconf 80' lang='lat' dir='ltr'><strong>exercicio</strong></span> <span class='ocrx_word' id='word_1_36' title='bbox 3123 988 3210 1055; x_wconf 88' lang='lat' dir='ltr'><strong>ab</strong></span> <span class='ocrx_word' id='word_1_37' title='bbox 3275 990 3690 1079; x_wconf 80' lang='lat' dir='ltr'><strong>inceptione</strong></span> 
     </span>
     <span class='ocr_line' id='line_1_5' title="bbox 792 1087 3686 1178; baseline 0 -25"><span class='ocrx_word' id='word_1_38' title='bbox 792 1087 1260 1176; x_wconf 81' lang='lat' dir='ltr'><strong>computande,</strong></span> <span class='ocrx_word' id='word_1_39' title='bbox 1307 1097 1400 1172; x_wconf 90' lang='lat' dir='ltr'><strong>et,</strong></span> <span class='ocrx_word' id='word_1_40' title='bbox 1440 1099 2026 1178; x_wconf 88' lang='lat' dir='ltr'><strong>quantumcumque</strong></span> <span class='ocrx_word' id='word_1_41' title='bbox 2089 1091 2334 1177; x_wconf 89' lang='lat' dir='ltr'><strong>potuit,</strong></span> <span class='ocrx_word' id='word_1_42' title='bbox 2398 1091 2535 1155; x_wconf 81' lang='lat' dir='ltr'><strong>sine</strong></span> <span class='ocrx_word' id='word_1_43' title='bbox 2596 1089 2746 1155; x_wconf 89' lang='lat' dir='ltr'><strong>dolo</strong></span> <span class='ocrx_word' id='word_1_44' title='bbox 2806 1100 2871 1154; x_wconf 91' lang='lat' dir='ltr'><strong>et</strong></span> <span class='ocrx_word' id='word_1_45' title='bbox 2926 1087 3156 1154; x_wconf 86' lang='lat' dir='ltr'><strong>fraude</strong></span> <span class='ocrx_word' id='word_1_46' title='bbox 3212 1110 3253 1152; x_wconf 85' lang='lat' dir='ltr'><strong>a</strong></span> <span class='ocrx_word' id='word_1_47' title='bbox 3314 1090 3686 1177; x_wconf 82' lang='lat' dir='ltr'><strong>principio</strong></span> 
     </span>
     <span class='ocr_line' id='line_1_6' title="bbox 703 1187 3678 1277; baseline 0 -24"><span class='ocrx_word' id='word_1_48' title='bbox 703 1198 736 1253; x_wconf 84' lang='lat'>5</span> <span class='ocrx_word' id='word_1_49' title='bbox 792 1211 997 1277; x_wconf 88' lang='lat' dir='ltr'><strong>usque</strong></span> <span class='ocrx_word' id='word_1_50' title='bbox 1043 1188 1130 1254; x_wconf 91' lang='lat' dir='ltr'><strong>ad</strong></span> <span class='ocrx_word' id='word_1_51' title='bbox 1168 1187 1364 1253; x_wconf 90' lang='lat' dir='ltr'><strong>finem</strong></span> <span class='ocrx_word' id='word_1_52' title='bbox 1404 1187 1698 1254; x_wconf 89' lang='lat' dir='ltr'><strong>lectionis</strong></span> <span class='ocrx_word' id='word_1_53' title='bbox 1745 1198 1858 1255; x_wconf 89' lang='lat' dir='ltr'><strong>aut</strong></span> <span class='ocrx_word' id='word_1_54' title='bbox 1909 1190 2217 1254; x_wconf 85' lang='lat' dir='ltr'><strong>exercicii</strong></span> <span class='ocrx_word' id='word_1_55' title='bbox 2272 1190 2660 1277; x_wconf 89' lang='lat' dir='ltr'><strong>permansit,</strong></span> <span class='ocrx_word' id='word_1_56' title='bbox 2716 1210 2838 1254; x_wconf 90' lang='lat' dir='ltr'><strong>nec</strong></span> <span class='ocrx_word' id='word_1_57' title='bbox 2894 1187 3015 1254; x_wconf 88' lang='lat' dir='ltr'><strong>sub</strong></span> <span class='ocrx_word' id='word_1_58' title='bbox 3071 1211 3206 1255; x_wconf 90' lang='lat' dir='ltr'><strong>una</strong></span> <span class='ocrx_word' id='word_1_59' title='bbox 3259 1187 3419 1254; x_wconf 89' lang='lat' dir='ltr'><strong>hora</strong></span> <span class='ocrx_word' id='word_1_60' title='bbox 3473 1188 3678 1254; x_wconf 80' lang='lat' dir='ltr'><strong>duas</strong></span> 
     </span>
     <span class='ocr_line' id='line_1_7' title="bbox 785 1287 3676 1375; baseline 0 -22"><span class='ocrx_word' id='word_1_61' title='bbox 785 1287 1097 1354; x_wconf 85' lang='lat' dir='ltr'><strong>lectiones</strong></span> <span class='ocrx_word' id='word_1_62' title='bbox 1126 1297 1240 1353; x_wconf 89' lang='lat' dir='ltr'><strong>aut</strong></span> <span class='ocrx_word' id='word_1_63' title='bbox 1274 1287 1403 1354; x_wconf 92' lang='lat' dir='ltr'><strong>duo</strong></span> <span class='ocrx_word' id='word_1_64' title='bbox 1445 1289 1770 1357; x_wconf 89' lang='lat' dir='ltr'><strong>exercicia</strong></span> <span class='ocrx_word' id='word_1_65' title='bbox 1812 1288 2058 1372; x_wconf 88' lang='lat' dir='ltr'><strong>habuit,</strong></span> <span class='ocrx_word' id='word_1_66' title='bbox 2101 1310 2313 1375; x_wconf 87' lang='lat' dir='ltr'><strong>neque</strong></span> <span class='ocrx_word' id='word_1_67' title='bbox 2353 1289 2527 1354; x_wconf 90' lang='lat' dir='ltr'><strong>ultra</strong></span> <span class='ocrx_word' id='word_1_68' title='bbox 2570 1288 2735 1354; x_wconf 86' lang='lat' dir='ltr'><strong>duas</strong></span> <span class='ocrx_word' id='word_1_69' title='bbox 2777 1287 3088 1354; x_wconf 87' lang='lat' dir='ltr'><strong>lectiones</strong></span> <span class='ocrx_word' id='word_1_70' title='bbox 3130 1310 3266 1355; x_wconf 85' lang='lat' dir='ltr'><strong>una</strong></span> <span class='ocrx_word' id='word_1_71' title='bbox 3307 1287 3410 1354; x_wconf 84' lang='lat' dir='ltr'><strong>die</strong></span> <span class='ocrx_word' id='word_1_72' title='bbox 3446 1287 3676 1355; x_wconf 83' lang='lat' dir='ltr'><strong>audi-</strong></span> 
     </span>
     <span class='ocr_line' id='line_1_8' title="bbox 789 1386 3672 1476; baseline 0 -25"><span class='ocrx_word' id='word_1_73' title='bbox 789 1389 913 1470; x_wconf 81' lang='lat' dir='ltr'><strong>vit,</strong></span> <span class='ocrx_word' id='word_1_74' title='bbox 972 1387 1234 1474; x_wconf 90' lang='lat' dir='ltr'><strong>dempto</strong></span> <span class='ocrx_word' id='word_1_75' title='bbox 1292 1387 1659 1469; x_wconf 87' lang='lat' dir='ltr'><strong>Prisciano,</strong></span> <span class='ocrx_word' id='word_1_76' title='bbox 1717 1410 1907 1476; x_wconf 89' lang='lat' dir='ltr'><strong>quem</strong></span> <span class='ocrx_word' id='word_1_77' title='bbox 1961 1411 2082 1475; x_wconf 89' lang='lat' dir='ltr'><strong>pro</strong></span> <span class='ocrx_word' id='word_1_78' title='bbox 2136 1390 2341 1454; x_wconf 87' lang='lat' dir='ltr'><strong>tercia</strong></span> <span class='ocrx_word' id='word_1_79' title='bbox 2391 1387 2634 1453; x_wconf 89' lang='lat' dir='ltr'><strong>habere</strong></span> <span class='ocrx_word' id='word_1_80' title='bbox 2688 1396 2918 1476; x_wconf 88' lang='lat' dir='ltr'><strong>potest.</strong></span> <span class='ocrx_word' id='word_1_81' title='bbox 3023 1386 3354 1467; x_wconf 81' lang='lat' dir='ltr'><strong>Quociens</strong></span> <span class='ocrx_word' id='word_1_82' title='bbox 3417 1397 3672 1454; x_wconf 79' lang='lat' dir='ltr'><strong>autem</strong></span> 
     </span>
     <span class='ocr_line' id='line_1_9' title="bbox 793 1486 3666 1575; baseline -0 -23"><span class='ocrx_word' id='word_1_83' title='bbox 793 1488 1185 1552; x_wconf 79' lang='lat' dir='ltr'><strong>exercicium</strong></span> <span class='ocrx_word' id='word_1_84' title='bbox 1238 1498 1351 1552; x_wconf 89' lang='lat' dir='ltr'><strong>aut</strong></span> <span class='ocrx_word' id='word_1_85' title='bbox 1403 1486 1745 1552; x_wconf 88' lang='lat' dir='ltr'><strong>lectionem</strong></span> <span class='ocrx_word' id='word_1_86' title='bbox 1804 1488 1944 1553; x_wconf 83' lang='lat' dir='ltr'><strong>sive</strong></span> <span class='ocrx_word' id='word_1_87' title='bbox 1990 1488 2299 1554; x_wconf 88' lang='lat' dir='ltr'><strong>lectiones</strong></span> <span class='ocrx_word' id='word_1_88' title='bbox 2350 1487 2645 1574; x_wconf 82' lang='lat' dir='ltr'><strong>neglexit</strong></span> <span class='ocrx_word' id='word_1_89' title='bbox 2685 1486 2790 1553; x_wconf 84' lang='lat' dir='ltr'><strong>vel</strong></span> <span class='ocrx_word' id='word_1_90' title='bbox 2833 1510 2876 1553; x_wconf 89' lang='lat' dir='ltr'><strong>a</strong></span> <span class='ocrx_word' id='word_1_91' title='bbox 2927 1487 3255 1573; x_wconf 88' lang='lat' dir='ltr'><strong>principio</strong></span> <span class='ocrx_word' id='word_1_92' title='bbox 3303 1509 3504 1575; x_wconf 87' lang='lat' dir='ltr'><strong>usque</strong></span> <span class='ocrx_word' id='word_1_93' title='bbox 3557 1486 3666 1551; x_wconf 80' lang='lat' dir='ltr'><strong>ad</strong></span> 
     </span>
     <span class='ocr_line' id='line_1_10' title="bbox 789 1585 3660 1674; baseline 0 -23"><span class='ocrx_word' id='word_1_94' title='bbox 789 1585 984 1651; x_wconf 89' lang='lat' dir='ltr'><strong>finem</strong></span> <span class='ocrx_word' id='word_1_95' title='bbox 1026 1610 1157 1652; x_wconf 88' lang='lat' dir='ltr'><strong>non</strong></span> <span class='ocrx_word' id='word_1_96' title='bbox 1199 1587 1571 1674; x_wconf 79' lang='lat' dir='ltr'><strong>permansit,</strong></span> <span class='ocrx_word' id='word_1_97' title='bbox 1615 1595 1678 1651; x_wconf 90' lang='lat' dir='ltr'><strong>et</strong></span> <span class='ocrx_word' id='word_1_98' title='bbox 1720 1609 1939 1652; x_wconf 89' lang='lat' dir='ltr'><strong>omnes</strong></span> <span class='ocrx_word' id='word_1_99' title='bbox 1985 1587 2149 1653; x_wconf 89' lang='lat' dir='ltr'><strong>alios</strong></span> <span class='ocrx_word' id='word_1_100' title='bbox 2192 1587 2500 1653; x_wconf 87' lang='lat' dir='ltr'><strong>deffectus</strong></span> <span class='ocrx_word' id='word_1_101' title='bbox 2545 1610 2694 1653; x_wconf 89' lang='lat' dir='ltr'><strong>suos</strong></span> <span class='ocrx_word' id='word_1_102' title='bbox 2739 1586 2933 1652; x_wconf 89' lang='lat' dir='ltr'><strong>debet</strong></span> <span class='ocrx_word' id='word_1_103' title='bbox 2971 1589 3040 1651; x_wconf 90' lang='lat' dir='ltr'><strong>in</strong></span> <span class='ocrx_word' id='word_1_104' title='bbox 3080 1585 3318 1651; x_wconf 89' lang='lat' dir='ltr'><strong>cedula</strong></span> <span class='ocrx_word' id='word_1_105' title='bbox 3376 1609 3660 1652; x_wconf 86' lang='lat' dir='ltr'><strong>suorum</strong></span> 
     </span>
     <span class='ocr_line' id='line_1_11' title="bbox 713 1684 3659 1774; baseline -0 -24"><span class='ocrx_word' id='word_1_106' title='bbox 713 1695 776 1750; x_wconf 87' lang='lat'><strong>10</strong></span> <span class='ocrx_word' id='word_1_107' title='bbox 794 1696 1082 1768; x_wconf 80' lang='lat' dir='ltr'><strong>actuum,</strong></span> <span class='ocrx_word' id='word_1_108' title='bbox 1139 1697 1431 1773; x_wconf 91' lang='lat' dir='ltr'><strong>tempore</strong></span> <span class='ocrx_word' id='word_1_109' title='bbox 1486 1684 1990 1772; x_wconf 87' lang='lat' dir='ltr'><strong>dispensationis</strong></span> <span class='ocrx_word' id='word_1_110' title='bbox 2045 1686 2556 1774; x_wconf 88' lang='lat' dir='ltr'><strong>praesentanda,</strong></span> <span class='ocrx_word' id='word_1_111' title='bbox 2603 1709 2749 1751; x_wconf 89' lang='lat' dir='ltr'><strong>cum</strong></span> <span class='ocrx_word' id='word_1_112' title='bbox 2791 1709 3019 1771; x_wconf 86' lang='lat' dir='ltr'><strong>causa,</strong></span> <span class='ocrx_word' id='word_1_113' title='bbox 3063 1687 3120 1752; x_wconf 88' lang='lat' dir='ltr'><strong>si</strong></span> <span class='ocrx_word' id='word_1_114' title='bbox 3174 1706 3370 1774; x_wconf 87' lang='lat' dir='ltr'><strong>quam</strong></span> <span class='ocrx_word' id='word_1_115' title='bbox 3419 1684 3659 1767; x_wconf 84' lang='lat' dir='ltr'><strong>habet,</strong></span> 
     </span>
     <span class='ocr_line' id='line_1_12' title="bbox 789 1778 3652 1873; baseline 0 -23"><span class='ocrx_word' id='word_1_116' title='bbox 789 1785 1197 1852; x_wconf 82' lang='lat' dir='ltr'><strong>conscribere</strong></span> <span class='ocrx_word' id='word_1_117' title='bbox 1222 1795 1285 1850; x_wconf 90' lang='lat' dir='ltr'><strong>et</strong></span> <span class='ocrx_word' id='word_1_118' title='bbox 1308 1778 1695 1872; x_wconf 83' lang='lat' dir='ltr'><strong>exprimere,</strong></span> <span class='ocrx_word' id='word_1_119' title='bbox 1739 1795 1802 1850; x_wconf 90' lang='lat' dir='ltr'><strong>et</strong></span> <span class='ocrx_word' id='word_1_120' title='bbox 1844 1785 2123 1873; x_wconf 87' lang='lat' dir='ltr'><strong>desuper</strong></span> <span class='ocrx_word' id='word_1_121' title='bbox 2164 1785 2718 1873; x_wconf 76' lang='lat' dir='ltr'><strong>dispensationem</strong></span> <span class='ocrx_word' id='word_1_122' title='bbox 2756 1797 2997 1873; x_wconf 89' lang='lat' dir='ltr'><strong>petere.</strong></span> <span class='ocrx_word' id='word_1_123' title='bbox 3065 1786 3402 1873; x_wconf 84' lang='lat' dir='ltr'><strong>Reputant</strong></span> <span class='ocrx_word' id='word_1_124' title='bbox 3421 1794 3652 1850; x_wconf 86' lang='lat' dir='ltr'><strong>autem</strong></span> 
     </span>
    </p>
   </div>
   <div class='ocr_carea' id='block_1_3' title="bbox 794 1883 3653 2072">
    <p class='ocr_par' dir='ltr' id='par_1_3' title="bbox 794 1883 3653 2072">
     <span class='ocr_line' id='line_1_13' title="bbox 794 1883 3653 1972; baseline 0 -23"><span class='ocrx_word' id='word_1_125' title='bbox 794 1887 1116 1972; x_wconf 81' lang='lat' dir='ltr'><strong>magistri,</strong></span> <span class='ocrx_word' id='word_1_126' title='bbox 1159 1884 1551 1970; x_wconf 86' lang='lat' dir='ltr'><strong>legittimum</strong></span> <span class='ocrx_word' id='word_1_127' title='bbox 1576 1884 2106 1972; x_wconf 89' lang='lat' dir='ltr'><strong>impedimentum</strong></span> <span class='ocrx_word' id='word_1_128' title='bbox 2139 1886 2277 1952; x_wconf 89' lang='lat' dir='ltr'><strong>fore</strong></span> <span class='ocrx_word' id='word_1_129' title='bbox 2308 1885 2751 1953; x_wconf 87' lang='lat' dir='ltr'><strong>infirmitatem</strong></span> <span class='ocrx_word' id='word_1_130' title='bbox 2793 1896 2908 1951; x_wconf 88' lang='lat' dir='ltr'><strong>aut</strong></span> <span class='ocrx_word' id='word_1_131' title='bbox 2949 1885 3329 1951; x_wconf 87' lang='lat' dir='ltr'><strong>absenciam</strong></span> <span class='ocrx_word' id='word_1_132' title='bbox 3368 1884 3490 1951; x_wconf 86' lang='lat' dir='ltr'><strong>loci</strong></span> <span class='ocrx_word' id='word_1_133' title='bbox 3527 1883 3653 1949; x_wconf 82' lang='lat' dir='ltr'><strong>vel</strong></span> 
     </span>
     <span class='ocr_line' id='line_1_14' title="bbox 796 1981 2416 2072; baseline -0.001 -22"><span class='ocrx_word' id='word_1_134' title='bbox 796 1984 1060 2072; x_wconf 87' lang='lat' dir='ltr'><strong>aliquod</strong></span> <span class='ocrx_word' id='word_1_135' title='bbox 1103 1981 1287 2050; x_wconf 91' lang='lat' dir='ltr'><strong>aliud</strong></span> <span class='ocrx_word' id='word_1_136' title='bbox 1327 2007 1447 2072; x_wconf 91' lang='lat' dir='ltr'><strong>per</strong></span> <span class='ocrx_word' id='word_1_137' title='bbox 1487 1984 1862 2051; x_wconf 84' lang='lat' dir='ltr'><strong>facultatem</strong></span> <span class='ocrx_word' id='word_1_138' title='bbox 1900 1984 2416 2072; x_wconf 89' lang='lat' dir='ltr'><strong>approbandum.</strong></span> 
     </span>
    </p>
   </div>
   <div class='ocr_carea' id='block_1_4' title="bbox 715 2131 2802 2351">
    <p class='ocr_par' dir='ltr' id='par_1_4' title="bbox 715 2131 2802 2351">
     <span class='ocr_line' id='line_1_15' title="bbox 1627 2131 2802 2218; baseline -0.004 0"><span class='ocrx_word' id='word_1_139' title='bbox 1627 2131 1824 2218; x_wconf 80' lang='lat' dir='ltr'><strong>4.¹n1‹:</strong></span> <span class='ocrx_word' id='word_1_140' title='bbox 1868 2168 2069 2217; x_wconf 75' lang='lat' dir='ltr'><strong>nono</strong></span> <span class='ocrx_word' id='word_1_141' title='bbox 2115 2167 2464 2217; x_wconf 72' lang='lat' dir='ltr'><strong>sonvsxm</strong></span> <span class='ocrx_word' id='word_1_142' title='bbox 2504 2167 2802 2217; x_wconf 75' lang='lat' dir='ltr'><strong>PAs‘rnn.</strong></span> 
     </span>
     <span class='ocr_line' id='line_1_16' title="bbox 715 2287 2406 2351; baseline -0.006 -4"><span class='ocrx_word' id='word_1_143' title='bbox 715 2293 778 2347; x_wconf 85' lang='lat'><strong>15</strong></span> <span class='ocrx_word' id='word_1_144' title='bbox 2090 2287 2211 2351; x_wconf 80' lang='lat' dir='ltr'><strong>Vgl.</strong></span> <span class='ocrx_word' id='word_1_145' title='bbox 2246 2288 2321 2349; x_wconf 81' lang='lat' dir='ltr'><strong>X,</strong></span> <span class='ocrx_word' id='word_1_146' title='bbox 2358 2290 2406 2337; x_wconf 87' lang='grc'><strong>7.</strong></span> 
     </span>
    </p>
   </div>
   <div class='ocr_carea' id='block_1_5' title="bbox 709 2400 3640 3483">
    <p class='ocr_par' dir='ltr' id='par_1_5' title="bbox 791 2400 3638 2785">
     <span class='ocr_line' id='line_1_17' title="bbox 966 2400 3638 2489; baseline 0 -24"><span class='ocrx_word' id='word_1_147' title='bbox 966 2400 1131 2466; x_wconf 90' lang='lat' dir='ltr'><strong>Item</strong></span> <span class='ocrx_word' id='word_1_148' title='bbox 1174 2400 1444 2489; x_wconf 88' lang='lat' dir='ltr'><strong>quilibet</strong></span> <span class='ocrx_word' id='word_1_149' title='bbox 1488 2400 1966 2488; x_wconf 87' lang='lat' dir='ltr'><strong>promovendus</strong></span> <span class='ocrx_word' id='word_1_150' title='bbox 2008 2403 2079 2466; x_wconf 90' lang='lat' dir='ltr'><strong>in</strong></span> <span class='ocrx_word' id='word_1_151' title='bbox 2121 2401 2372 2467; x_wconf 89' lang='lat' dir='ltr'><strong>artibus</strong></span> <span class='ocrx_word' id='word_1_152' title='bbox 2419 2400 2611 2466; x_wconf 91' lang='lat' dir='ltr'><strong>debet</strong></span> <span class='ocrx_word' id='word_1_153' title='bbox 2653 2400 3074 2466; x_wconf 86' lang='lat' dir='ltr'><strong>effectualiter</strong></span> <span class='ocrx_word' id='word_1_154' title='bbox 3127 2410 3278 2488; x_wconf 89' lang='lat' dir='ltr'><strong>post</strong></span> <span class='ocrx_word' id='word_1_155' title='bbox 3336 2401 3638 2488; x_wconf 87' lang='lat' dir='ltr'><strong>inceptio-</strong></span> 
     </span>
     <span class='ocr_line' id='line_1_18' title="bbox 791 2499 3638 2589; baseline 0 -24"><span class='ocrx_word' id='word_1_156' title='bbox 791 2523 939 2566; x_wconf 89' lang='lat' dir='ltr'><strong>nem</strong></span> <span class='ocrx_word' id='word_1_157' title='bbox 980 2499 1330 2565; x_wconf 89' lang='lat' dir='ltr'><strong>lectionum</strong></span> <span class='ocrx_word' id='word_1_158' title='bbox 1373 2510 1437 2565; x_wconf 91' lang='lat' dir='ltr'><strong>et</strong></span> <span class='ocrx_word' id='word_1_159' title='bbox 1477 2502 1935 2566; x_wconf 88' lang='lat' dir='ltr'><strong>exercitiorum</strong></span> <span class='ocrx_word' id='word_1_160' title='bbox 1977 2501 2149 2566; x_wconf 86' lang='lat' dir='ltr'><strong>infra</strong></span> <span class='ocrx_word' id='word_1_161' title='bbox 2188 2523 2474 2566; x_wconf 87' lang='lat' dir='ltr'><strong>mensem</strong></span> <span class='ocrx_word' id='word_1_162' title='bbox 2513 2523 2633 2589; x_wconf 90' lang='lat' dir='ltr'><strong>pro</strong></span> <span class='ocrx_word' id='word_1_163' title='bbox 2671 2500 2884 2587; x_wconf 90' lang='lat' dir='ltr'><strong>gradu</strong></span> <span class='ocrx_word' id='word_1_164' title='bbox 2925 2523 3044 2588; x_wconf 88' lang='lat' dir='ltr'><strong>per</strong></span> <span class='ocrx_word' id='word_1_165' title='bbox 3088 2523 3236 2565; x_wconf 89' lang='lat' dir='ltr'><strong>eum</strong></span> <span class='ocrx_word' id='word_1_166' title='bbox 3278 2499 3638 2566; x_wconf 88' lang='lat' dir='ltr'><strong>auditorum</strong></span> 
     </span>
     <span class='ocr_line' id='line_1_19' title="bbox 800 2599 3622 2688; baseline 0 -24"><span class='ocrx_word' id='word_1_167' title='bbox 800 2599 1191 2665; x_wconf 84' lang='lat' dir='ltr'><strong>satisfecisse</strong></span> <span class='ocrx_word' id='word_1_168' title='bbox 1212 2602 1235 2643; x_wconf 88' lang='lat'><strong>¹</strong></span> <span class='ocrx_word' id='word_1_169' title='bbox 1295 2622 1417 2687; x_wconf 88' lang='lat' dir='ltr'><strong>pro</strong></span> <span class='ocrx_word' id='word_1_170' title='bbox 1493 2599 1735 2664; x_wconf 88' lang='lat' dir='ltr'><strong>eisdem</strong></span> <span class='ocrx_word' id='word_1_171' title='bbox 1807 2600 2215 2666; x_wconf 89' lang='lat' dir='ltr'><strong>taxatoribus</strong></span> <span class='ocrx_word' id='word_1_172' title='bbox 2281 2602 2469 2666; x_wconf 88' lang='lat' dir='ltr'><strong>iuxta</strong></span> <span class='ocrx_word' id='word_1_173' title='bbox 2544 2612 2770 2665; x_wconf 90' lang='lat' dir='ltr'><strong>taxam</strong></span> <span class='ocrx_word' id='word_1_174' title='bbox 2841 2623 2883 2665; x_wconf 95' lang='lat' dir='ltr'><strong>a</strong></span> <span class='ocrx_word' id='word_1_175' title='bbox 2951 2600 3258 2687; x_wconf 82' lang='lat' dir='ltr'><strong>facultate</strong></span> <span class='ocrx_word' id='word_1_176' title='bbox 3330 2601 3622 2688; x_wconf 81' lang='lat' dir='ltr'><strong>positam,</strong></span> 
     </span>
     <span class='ocr_line' id='line_1_20' title="bbox 796 2698 3631 2785; baseline 0.001 -22"><span class='ocrx_word' id='word_1_177' title='bbox 796 2698 917 2764; x_wconf 89' lang='lat' dir='ltr'><strong>sub</strong></span> <span class='ocrx_word' id='word_1_178' title='bbox 959 2721 1172 2785; x_wconf 87' lang='lat' dir='ltr'><strong>poena</strong></span> <span class='ocrx_word' id='word_1_179' title='bbox 1208 2721 1337 2764; x_wconf 88' lang='lat' dir='ltr'><strong>non</strong></span> <span class='ocrx_word' id='word_1_180' title='bbox 1379 2700 1876 2785; x_wconf 80' lang='lat' dir='ltr'><strong>computationis</strong></span> <span class='ocrx_word' id='word_1_181' title='bbox 1930 2700 2104 2765; x_wconf 90' lang='lat' dir='ltr'><strong>illius</strong></span> <span class='ocrx_word' id='word_1_182' title='bbox 2162 2700 2460 2766; x_wconf 89' lang='lat' dir='ltr'><strong>lectionis</strong></span> <span class='ocrx_word' id='word_1_183' title='bbox 2513 2699 2618 2765; x_wconf 83' lang='lat' dir='ltr'><strong>vel</strong></span> <span class='ocrx_word' id='word_1_184' title='bbox 2674 2700 2995 2765; x_wconf 86' lang='lat' dir='ltr'><strong>exercicii.</strong></span> <span class='ocrx_word' id='word_1_185' title='bbox 3080 2698 3372 2765; x_wconf 85' lang='lat' dir='ltr'><strong>Tenetur</strong></span> <span class='ocrx_word' id='word_1_186' title='bbox 3427 2709 3631 2765; x_wconf 88' lang='lat' dir='ltr'><strong>tamen</strong></span> 
     </span>
    </p>

    <p class='ocr_par' dir='ltr' id='par_1_6' title="bbox 709 2797 3638 3285">
     <span class='ocr_line' id='line_1_21' title="bbox 709 2797 3633 2886; baseline 0 -22"><span class='ocrx_word' id='word_1_187' title='bbox 709 2807 777 2864; x_wconf 89' lang='grc'><strong>20</strong></span> <span class='ocrx_word' id='word_1_188' title='bbox 802 2798 954 2864; x_wconf 86' lang='lat' dir='ltr'><strong>talis</strong></span> <span class='ocrx_word' id='word_1_189' title='bbox 995 2797 1446 2864; x_wconf 88' lang='lat' dir='ltr'><strong>nichilominus</strong></span> <span class='ocrx_word' id='word_1_190' title='bbox 1487 2799 1798 2884; x_wconf 87' lang='lat' dir='ltr'><strong>magistro</strong></span> <span class='ocrx_word' id='word_1_191' title='bbox 1843 2798 2085 2885; x_wconf 89' lang='lat' dir='ltr'><strong>legenti</strong></span> <span class='ocrx_word' id='word_1_192' title='bbox 2129 2809 2241 2865; x_wconf 89' lang='lat' dir='ltr'><strong>aut</strong></span> <span class='ocrx_word' id='word_1_193' title='bbox 2284 2798 2642 2886; x_wconf 87' lang='lat' dir='ltr'><strong>disputanti</strong></span> <span class='ocrx_word' id='word_1_194' title='bbox 2696 2798 2990 2886; x_wconf 86' lang='lat' dir='ltr'><strong>plenarie</strong></span> <span class='ocrx_word' id='word_1_195' title='bbox 3035 2799 3439 2883; x_wconf 82' lang='lat' dir='ltr'><strong>satisfacere,</strong></span> <span class='ocrx_word' id='word_1_196' title='bbox 3484 2798 3633 2865; x_wconf 80' lang='lat' dir='ltr'><strong>alias</strong></span> 
     </span>
     <span class='ocr_line' id='line_1_22' title="bbox 801 2896 3634 2986; baseline -0 -22"><span class='ocrx_word' id='word_1_197' title='bbox 801 2899 887 2964; x_wconf 89' lang='lat' dir='ltr'><strong>ad</strong></span> <span class='ocrx_word' id='word_1_198' title='bbox 930 2920 1203 2973; x_wconf 81' lang='lat' dir='ltr'><strong>examen</strong></span> <span class='ocrx_word' id='word_1_199' title='bbox 1247 2896 1898 2967; x_wconf 87' lang='lat' dir='ltr'><strong>baccalariandorum</strong></span> <span class='ocrx_word' id='word_1_200' title='bbox 1939 2922 2073 2964; x_wconf 94' lang='lat' dir='ltr'><strong>non</strong></span> <span class='ocrx_word' id='word_1_201' title='bbox 2130 2899 2542 2981; x_wconf 84' lang='lat' dir='ltr'><strong>admittatur,</strong></span> <span class='ocrx_word' id='word_1_202' title='bbox 2596 2900 2692 2965; x_wconf 88' lang='lat' dir='ltr'><strong>sic</strong></span> <span class='ocrx_word' id='word_1_203' title='bbox 2736 2898 2912 2984; x_wconf 89' lang='lat' dir='ltr'><strong>quod</strong></span> <span class='ocrx_word' id='word_1_204' title='bbox 2968 2921 3088 2986; x_wconf 89' lang='lat' dir='ltr'><strong>pro</strong></span> <span class='ocrx_word' id='word_1_205' title='bbox 3152 2898 3540 2965; x_wconf 87' lang='lat' dir='ltr'><strong>lectionibus</strong></span> <span class='ocrx_word' id='word_1_206' title='bbox 3580 2909 3634 2963; x_wconf 88' lang='lat' dir='ltr'><strong>et</strong></span> 
     </span>
     <span class='ocr_line' id='line_1_23' title="bbox 798 2995 3633 3085; baseline -0 -22"><span class='ocrx_word' id='word_1_207' title='bbox 798 2998 1173 3079; x_wconf 89' lang='lat' dir='ltr'><strong>exerciciis,</strong></span> <span class='ocrx_word' id='word_1_208' title='bbox 1219 2999 1275 3061; x_wconf 91' lang='lat' dir='ltr'><strong>si</strong></span> <span class='ocrx_word' id='word_1_209' title='bbox 1314 2995 1498 3061; x_wconf 88' lang='lat' dir='ltr'><strong>dives</strong></span> <span class='ocrx_word' id='word_1_210' title='bbox 1539 2996 1737 3062; x_wconf 90' lang='lat' dir='ltr'><strong>fuerit</strong></span> <span class='ocrx_word' id='word_1_211' title='bbox 1754 3047 1773 3081; x_wconf 90' lang='lat'><strong>,</strong></span> <span class='ocrx_word' id='word_1_212' title='bbox 1818 2997 2066 3063; x_wconf 87' lang='lat' dir='ltr'><strong>scilicet</strong></span> <span class='ocrx_word' id='word_1_213' title='bbox 2109 2997 2487 3063; x_wconf 88' lang='lat' dir='ltr'><strong>domicellus</strong></span> <span class='ocrx_word' id='word_1_214' title='bbox 2542 2996 2816 3063; x_wconf 84' lang='lat' dir='ltr'><strong>alieuius</strong></span> <span class='ocrx_word' id='word_1_215' title='bbox 2873 3000 3171 3085; x_wconf 85' lang='lat' dir='ltr'><strong>magistri</strong></span> <span class='ocrx_word' id='word_1_216' title='bbox 3214 3006 3330 3062; x_wconf 92' lang='lat' dir='ltr'><strong>aut</strong></span> <span class='ocrx_word' id='word_1_217' title='bbox 3370 2998 3482 3063; x_wconf 88' lang='lat' dir='ltr'><strong>hic</strong></span> <span class='ocrx_word' id='word_1_218' title='bbox 3525 2997 3633 3062; x_wconf 85' lang='lat' dir='ltr'><strong>sub</strong></span> 
     </span>
     <span class='ocr_line' id='line_1_24' title="bbox 793 3094 3637 3185; baseline -0 -23"><span class='ocrx_word' id='word_1_219' title='bbox 793 3094 1080 3185; x_wconf 87' lang='lat' dir='ltr'><strong>propriis</strong></span> <span class='ocrx_word' id='word_1_220' title='bbox 1128 3105 1242 3161; x_wconf 89' lang='lat' dir='ltr'><strong>aut</strong></span> <span class='ocrx_word' id='word_1_221' title='bbox 1281 3106 1623 3185; x_wconf 89' lang='lat' dir='ltr'><strong>parentum</strong></span> <span class='ocrx_word' id='word_1_222' title='bbox 1669 3119 1930 3162; x_wconf 89' lang='lat' dir='ltr'><strong>suorum</strong></span> <span class='ocrx_word' id='word_1_223' title='bbox 1973 3096 2081 3162; x_wconf 88' lang='lat' dir='ltr'><strong>vel</strong></span> <span class='ocrx_word' id='word_1_224' title='bbox 2125 3099 2479 3161; x_wconf 88' lang='lat' dir='ltr'><strong>amicorum</strong></span> <span class='ocrx_word' id='word_1_225' title='bbox 2518 3110 2632 3162; x_wconf 88' lang='lat' dir='ltr'><strong>aut</strong></span> <span class='ocrx_word' id='word_1_226' title='bbox 2686 3096 2962 3162; x_wconf 88' lang='lat' dir='ltr'><strong>aliorum</strong></span> <span class='ocrx_word' id='word_1_227' title='bbox 3013 3096 3363 3184; x_wconf 88' lang='lat' dir='ltr'><strong>stipendiis</strong></span> <span class='ocrx_word' id='word_1_228' title='bbox 3419 3106 3488 3162; x_wconf 93' lang='lat' dir='ltr'><strong>et</strong></span> <span class='ocrx_word' id='word_1_229' title='bbox 3538 3110 3637 3161; x_wconf 78' lang='lat' dir='ltr'><strong>ex-</strong></span> 
     </span>
     <span class='ocr_line' id='line_1_25' title="bbox 804 3196 3638 3285; baseline -0 -23"><span class='ocrx_word' id='word_1_230' title='bbox 804 3200 1024 3285; x_wconf 86' lang='lat' dir='ltr'><strong>pensis</strong></span> <span class='ocrx_word' id='word_1_231' title='bbox 1080 3196 1366 3261; x_wconf 88' lang='lat' dir='ltr'><strong>militans</strong></span> <span class='ocrx_word' id='word_1_232' title='bbox 1422 3219 1538 3262; x_wconf 89' lang='lat' dir='ltr'><strong>seu</strong></span> <span class='ocrx_word' id='word_1_233' title='bbox 1596 3196 1861 3262; x_wconf 89' lang='lat' dir='ltr'><strong>studens</strong></span> <span class='ocrx_word' id='word_1_234' title='bbox 1882 3246 1900 3280; x_wconf 90' lang='lat'><strong>,</strong></span> <span class='ocrx_word' id='word_1_235' title='bbox 1957 3196 2195 3262; x_wconf 89' lang='lat' dir='ltr'><strong>solvatt</strong></span> <span class='ocrx_word' id='word_1_236' title='bbox 2260 3205 2462 3262; x_wconf 89' lang='lat' dir='ltr'><strong>totum</strong></span> <span class='ocrx_word' id='word_1_237' title='bbox 2535 3196 2890 3261; x_wconf 87' lang='lat' dir='ltr'><strong>secundum</strong></span> <span class='ocrx_word' id='word_1_238' title='bbox 2954 3206 3178 3263; x_wconf 89' lang='lat' dir='ltr'><strong>taxam</strong></span> <span class='ocrx_word' id='word_1_239' title='bbox 3241 3220 3283 3262; x_wconf 87' lang='lat' dir='ltr'><strong>a</strong></span> <span class='ocrx_word' id='word_1_240' title='bbox 3335 3196 3638 3263; x_wconf 84' lang='lat' dir='ltr'><strong>facultate</strong></span> 
     </span>
    </p>

    <p class='ocr_par' dir='ltr' id='par_1_7' title="bbox 716 3295 3640 3483">
     <span class='ocr_line' id='line_1_26' title="bbox 716 3295 3639 3383; baseline 0 -21"><span class='ocrx_word' id='word_1_241' title='bbox 716 3307 784 3363; x_wconf 83' lang='lat'><strong>25</strong></span> <span class='ocrx_word' id='word_1_242' title='bbox 807 3299 1080 3379; x_wconf 84' lang='lat' dir='ltr'><strong>factam3</strong></span> <span class='ocrx_word' id='word_1_243' title='bbox 1133 3298 1189 3360; x_wconf 88' lang='lat' dir='ltr'><strong>si</strong></span> <span class='ocrx_word' id='word_1_244' title='bbox 1227 3318 1381 3362; x_wconf 86' lang='lat' dir='ltr'><strong>vero</strong></span> <span class='ocrx_word' id='word_1_245' title='bbox 1424 3297 1490 3360; x_wconf 91' lang='lat' dir='ltr'><strong>in</strong></span> <span class='ocrx_word' id='word_1_246' title='bbox 1536 3305 1721 3383; x_wconf 88' lang='lat' dir='ltr'><strong>parte</strong></span> <span class='ocrx_word' id='word_1_247' title='bbox 1762 3297 1868 3362; x_wconf 88' lang='lat' dir='ltr'><strong>vel</strong></span> <span class='ocrx_word' id='word_1_248' title='bbox 1907 3298 1977 3362; x_wconf 90' lang='lat' dir='ltr'><strong>in</strong></span> <span class='ocrx_word' id='word_1_249' title='bbox 2016 3306 2150 3362; x_wconf 89' lang='lat' dir='ltr'><strong>toto</strong></span> <span class='ocrx_word' id='word_1_250' title='bbox 2208 3318 2276 3362; x_wconf 89' lang='lat' dir='ltr'><strong>se</strong></span> <span class='ocrx_word' id='word_1_251' title='bbox 2329 3318 2595 3361; x_wconf 90' lang='lat' dir='ltr'><strong>suarum</strong></span> <span class='ocrx_word' id='word_1_252' title='bbox 2632 3295 2966 3362; x_wconf 90' lang='lat' dir='ltr'><strong>laboribus</strong></span> <span class='ocrx_word' id='word_1_253' title='bbox 3009 3319 3316 3362; x_wconf 88' lang='lat' dir='ltr'><strong>manuum</strong></span> <span class='ocrx_word' id='word_1_254' title='bbox 3359 3307 3475 3362; x_wconf 90' lang='lat' dir='ltr'><strong>aut</strong></span> <span class='ocrx_word' id='word_1_255' title='bbox 3515 3318 3639 3362; x_wconf 88' lang='lat' dir='ltr'><strong>ser-</strong></span> 
     </span>
     <span class='ocr_line' id='line_1_27' title="bbox 803 3394 3640 3483; baseline 0 -22"><span class='ocrx_word' id='word_1_256' title='bbox 803 3397 991 3464; x_wconf 87' lang='lat' dir='ltr'><strong>viciis</strong></span> <span class='ocrx_word' id='word_1_257' title='bbox 1024 3397 1226 3460; x_wconf 78' lang='lat' dir='ltr'><strong>nutrit</strong></span> <span class='ocrx_word' id='word_1_258' title='bbox 1249 3405 1312 3460; x_wconf 91' lang='lat' dir='ltr'><strong>et</strong></span> <span class='ocrx_word' id='word_1_259' title='bbox 1338 3405 1672 3479; x_wconf 86' lang='lat' dir='ltr'><strong>sustentat,</strong></span> <span class='ocrx_word' id='word_1_260' title='bbox 1716 3419 1835 3483; x_wconf 93' lang='lat' dir='ltr'><strong>pro</strong></span> <span class='ocrx_word' id='word_1_261' title='bbox 1871 3395 2254 3462; x_wconf 86' lang='lat' dir='ltr'><strong>lectionibus</strong></span> <span class='ocrx_word' id='word_1_262' title='bbox 2297 3406 2524 3480; x_wconf 86' lang='lat' dir='ltr'><strong>totum,</strong></span> <span class='ocrx_word' id='word_1_263' title='bbox 2570 3394 2687 3461; x_wconf 90' lang='lat' dir='ltr'><strong>sed</strong></span> <span class='ocrx_word' id='word_1_264' title='bbox 2727 3419 2846 3483; x_wconf 88' lang='lat' dir='ltr'><strong>pro</strong></span> <span class='ocrx_word' id='word_1_265' title='bbox 2888 3398 3247 3479; x_wconf 86' lang='lat' dir='ltr'><strong>exerciciis,</strong></span> <span class='ocrx_word' id='word_1_266' title='bbox 3293 3396 3640 3462; x_wconf 86' lang='lat' dir='ltr'><strong>secundum</strong></span> 
     </span>
    </p>
   </div>
   <div class='ocr_carea' id='block_1_6' title="bbox 794 3492 3640 3682">
    <p class='ocr_par' dir='ltr' id='par_1_8' title="bbox 794 3492 3640 3682">
     <span class='ocr_line' id='line_1_28' title="bbox 803 3492 3640 3584; baseline 0 -23"><span class='ocrx_word' id='word_1_267' title='bbox 803 3494 976 3584; x_wconf 91' lang='lat' dir='ltr'><strong>quod</strong></span> <span class='ocrx_word' id='word_1_268' title='bbox 1017 3493 1427 3560; x_wconf 88' lang='lat' dir='ltr'><strong>taxatoribus</strong></span> <span class='ocrx_word' id='word_1_269' title='bbox 1471 3494 1818 3578; x_wconf 81' lang='lat' dir='ltr'><strong>videbitur,</strong></span> <span class='ocrx_word' id='word_1_270' title='bbox 1864 3495 2091 3561; x_wconf 87' lang='lat' dir='ltr'><strong>solvat.</strong></span> <span class='ocrx_word' id='word_1_271' title='bbox 2180 3495 2252 3561; x_wconf 83' lang='lat' dir='ltr'><strong>Si</strong></span> <span class='ocrx_word' id='word_1_272' title='bbox 2295 3518 2450 3561; x_wconf 88' lang='lat' dir='ltr'><strong>vero</strong></span> <span class='ocrx_word' id='word_1_273' title='bbox 2495 3496 2754 3561; x_wconf 90' lang='lat' dir='ltr'><strong>omnino</strong></span> <span class='ocrx_word' id='word_1_274' title='bbox 2795 3518 3064 3583; x_wconf 88' lang='lat' dir='ltr'><strong>pauper,</strong></span> <span class='ocrx_word' id='word_1_275' title='bbox 3111 3492 3282 3583; x_wconf 70' lang='lat'>[15¹²]</span> <span class='ocrx_word' id='word_1_276' title='bbox 3326 3495 3640 3562; x_wconf 86' lang='lat' dir='ltr'><strong>redimere</strong></span> 
     </span>
     <span class='ocr_line' id='line_1_29' title="bbox 794 3593 2634 3682; baseline -0.001 -21"><span class='ocrx_word' id='word_1_277' title='bbox 794 3597 1114 3682; x_wconf 88' lang='lat' dir='ltr'><strong>signetum</strong></span> <span class='ocrx_word' id='word_1_278' title='bbox 1160 3593 1389 3659; x_wconf 88' lang='lat' dir='ltr'><strong>decani</strong></span> <span class='ocrx_word' id='word_1_279' title='bbox 1429 3617 1559 3660; x_wconf 88' lang='lat' dir='ltr'><strong>non</strong></span> <span class='ocrx_word' id='word_1_280' title='bbox 1606 3593 1865 3676; x_wconf 86' lang='lat' dir='ltr'><strong>valens,</strong></span> <span class='ocrx_word' id='word_1_281' title='bbox 1908 3596 2122 3679; x_wconf 86' lang='lat' dir='ltr'><strong>fuerit,</strong></span> <span class='ocrx_word' id='word_1_282' title='bbox 2165 3595 2365 3661; x_wconf 90' lang='lat' dir='ltr'><strong>nichil</strong></span> <span class='ocrx_word' id='word_1_283' title='bbox 2407 3593 2634 3660; x_wconf 87' lang='lat' dir='ltr'><strong>solvat.</strong></span> 
     </span>
    </p>
   </div>
   <div class='ocr_carea' id='block_1_7' title="bbox 714 3766 3636 4464">
    <p class='ocr_par' dir='ltr' id='par_1_9' title="bbox 714 3766 2897 3956">
     <span class='ocr_line' id='line_1_30' title="bbox 1530 3766 2897 3827; baseline -0.001 -2"><span class='ocrx_word' id='word_1_284' title='bbox 1530 3766 1586 3825; x_wconf 88' lang='lat'><strong>5.</strong></span> <span class='ocrx_word' id='word_1_285' title='bbox 1641 3779 1734 3825; x_wconf 75' lang='lat' dir='ltr'><strong>nn</strong></span> <span class='ocrx_word' id='word_1_286' title='bbox 1781 3778 2108 3827; x_wconf 65' lang='lat' dir='ltr'>TEMPORE</span> <span class='ocrx_word' id='word_1_287' title='bbox 2153 3773 2897 3826; x_wconf 73' lang='lat' dir='ltr'><strong>BACGALARIANDORUM.</strong></span> 
     </span>
     <span class='ocr_line' id='line_1_31' title="bbox 714 3870 2708 3956; baseline 0.004 -30"><span class='ocrx_word' id='word_1_288' title='bbox 714 3870 784 3926; x_wconf 85' lang='lat'><strong>30</strong></span> <span class='ocrx_word' id='word_1_289' title='bbox 2067 3882 2188 3944; x_wconf 84' lang='lat' dir='ltr'><strong>Vgl.</strong></span> <span class='ocrx_word' id='word_1_290' title='bbox 2227 3880 2292 3944; x_wconf 81' lang='lat' dir='ltr'><strong>X,</strong></span> <span class='ocrx_word' id='word_1_291' title='bbox 2333 3880 2382 3932; x_wconf 84' lang='lat'><strong>9.</strong></span> <span class='ocrx_word' id='word_1_292' title='bbox 2702 3951 2708 3956; x_wconf 34' lang='lat'><strong>·</strong></span> 
     </span>
    </p>

    <p class='ocr_par' dir='ltr' id='par_1_10' title="bbox 796 3974 3636 4364">
     <span class='ocr_line' id='line_1_32' title="bbox 966 3974 3636 4066; baseline 0.002 -26"><span class='ocrx_word' id='word_1_293' title='bbox 966 3974 1130 4040; x_wconf 89' lang='lat' dir='ltr'><strong>Item</strong></span> <span class='ocrx_word' id='word_1_294' title='bbox 1171 3976 1384 4043; x_wconf 89' lang='lat' dir='ltr'><strong>nullus</strong></span> <span class='ocrx_word' id='word_1_295' title='bbox 1422 3975 1613 4042; x_wconf 92' lang='lat' dir='ltr'><strong>debet</strong></span> <span class='ocrx_word' id='word_1_296' title='bbox 1656 3976 1911 4043; x_wconf 87' lang='lat' dir='ltr'><strong>admitti</strong></span> <span class='ocrx_word' id='word_1_297' title='bbox 1951 3977 2036 4043; x_wconf 93' lang='lat' dir='ltr'><strong>ad</strong></span> <span class='ocrx_word' id='word_1_298' title='bbox 2080 4001 2356 4043; x_wconf 86' lang='lat' dir='ltr'><strong>examen</strong></span> <span class='ocrx_word' id='word_1_299' title='bbox 2414 3976 2890 4042; x_wconf 87' lang='lat' dir='ltr'><strong>baccalariatus</strong></span> <span class='ocrx_word' id='word_1_300' title='bbox 2903 4026 2921 4060; x_wconf 92' lang='lat'><strong>,</strong></span> <span class='ocrx_word' id='word_1_301' title='bbox 2977 3979 3089 4066; x_wconf 88' lang='lat' dir='ltr'><strong>qui</strong></span> <span class='ocrx_word' id='word_1_302' title='bbox 3145 3980 3329 4065; x_wconf 88' lang='lat' dir='ltr'><strong>prius</strong></span> <span class='ocrx_word' id='word_1_303' title='bbox 3386 3981 3459 4046; x_wconf 93' lang='lat' dir='ltr'><strong>in</strong></span> <span class='ocrx_word' id='word_1_304' title='bbox 3512 3980 3636 4046; x_wconf 86' lang='lat' dir='ltr'><strong>alia</strong></span> 
     </span>
     <span class='ocr_line' id='line_1_33' title="bbox 804 4076 3635 4164; baseline 0.002 -23"><span class='ocrx_word' id='word_1_305' title='bbox 804 4077 1224 4142; x_wconf 77' lang='lat' dir='ltr'><strong>universitate</strong></span> <span class='ocrx_word' id='word_1_306' title='bbox 1251 4098 1380 4141; x_wconf 90' lang='lat' dir='ltr'><strong>non</strong></span> <span class='ocrx_word' id='word_1_307' title='bbox 1421 4078 1612 4160; x_wconf 87' lang='lat' dir='ltr'><strong>stetit,</strong></span> <span class='ocrx_word' id='word_1_308' title='bbox 1655 4079 1783 4142; x_wconf 90' lang='lat' dir='ltr'><strong>nisi</strong></span> <span class='ocrx_word' id='word_1_309' title='bbox 1825 4077 2122 4144; x_wconf 87' lang='lat' dir='ltr'><strong>adminus</strong></span> <span class='ocrx_word' id='word_1_310' title='bbox 2165 4079 2235 4142; x_wconf 90' lang='lat' dir='ltr'><strong>in</strong></span> <span class='ocrx_word' id='word_1_311' title='bbox 2275 4078 2402 4142; x_wconf 87' lang='lat' dir='ltr'><strong>ista</strong></span> <span class='ocrx_word' id='word_1_312' title='bbox 2443 4079 2690 4142; x_wconf 88' lang='lat' dir='ltr'><strong>steterit</strong></span> <span class='ocrx_word' id='word_1_313' title='bbox 2708 4079 2732 4118; x_wconf 77' lang='lat'>2</span> <span class='ocrx_word' id='word_1_314' title='bbox 2774 4077 2961 4164; x_wconf 89' lang='lat' dir='ltr'><strong>quasi</strong></span> <span class='ocrx_word' id='word_1_315' title='bbox 3005 4076 3092 4141; x_wconf 88' lang='lat' dir='ltr'><strong>ad</strong></span> <span class='ocrx_word' id='word_1_316' title='bbox 3133 4078 3411 4144; x_wconf 88' lang='lat' dir='ltr'><strong>alterum</strong></span> <span class='ocrx_word' id='word_1_317' title='bbox 3457 4078 3635 4145; x_wconf 91' lang='lat' dir='ltr'><strong>dimi-</strong></span> 
     </span>
     <span class='ocr_line' id='line_1_34' title="bbox 796 4174 3636 4265; baseline 0.002 -25"><span class='ocrx_word' id='word_1_318' title='bbox 796 4176 975 4240; x_wconf 89' lang='lat' dir='ltr'><strong>dium</strong></span> <span class='ocrx_word' id='word_1_319' title='bbox 999 4195 1257 4258; x_wconf 86' lang='lat' dir='ltr'><strong>annum,</strong></span> <span class='ocrx_word' id='word_1_320' title='bbox 1303 4185 1392 4241; x_wconf 88' lang='lat' dir='ltr'><strong>ett</strong></span> <span class='ocrx_word' id='word_1_321' title='bbox 1429 4176 1553 4243; x_wconf 91' lang='lat' dir='ltr'><strong>hoc</strong></span> <span class='ocrx_word' id='word_1_322' title='bbox 1591 4174 1810 4264; x_wconf 81' lang='lat' dir='ltr'><strong>‘quasi’</strong></span> <span class='ocrx_word' id='word_1_323' title='bbox 1856 4200 1986 4243; x_wconf 88' lang='lat' dir='ltr'><strong>non</strong></span> <span class='ocrx_word' id='word_1_324' title='bbox 2029 4177 2344 4242; x_wconf 86' lang='lat' dir='ltr'><strong>diminuet</strong></span> <span class='ocrx_word' id='word_1_325' title='bbox 2387 4176 2534 4265; x_wconf 86' lang='lat' dir='ltr'><strong>plus</strong></span> <span class='ocrx_word' id='word_1_326' title='bbox 2581 4199 2776 4265; x_wconf 90' lang='lat' dir='ltr'><strong>quam</strong></span> <span class='ocrx_word' id='word_1_327' title='bbox 2820 4199 2937 4241; x_wconf 90' lang='lat' dir='ltr'><strong>sex</strong></span> <span class='ocrx_word' id='word_1_328' title='bbox 2977 4179 3400 4264; x_wconf 86' lang='lat' dir='ltr'><strong>septimanas.</strong></span> <span class='ocrx_word' id='word_1_329' title='bbox 3484 4179 3636 4245; x_wconf 87' lang='lat' dir='ltr'><strong>Item</strong></span> 
     </span>
     <span class='ocr_line' id='line_1_35' title="bbox 807 4275 3635 4364; baseline 0.002 -24"><span class='ocrx_word' id='word_1_330' title='bbox 807 4275 1020 4340; x_wconf 89' lang='lat' dir='ltr'><strong>nullus</strong></span> <span class='ocrx_word' id='word_1_331' title='bbox 1063 4277 1329 4341; x_wconf 83' lang='lat' dir='ltr'><strong>veniens</strong></span> <span class='ocrx_word' id='word_1_332' title='bbox 1374 4276 1456 4341; x_wconf 91' lang='lat' dir='ltr'><strong>de</strong></span> <span class='ocrx_word' id='word_1_333' title='bbox 1495 4277 1625 4343; x_wconf 89' lang='lat' dir='ltr'><strong>alia</strong></span> <span class='ocrx_word' id='word_1_334' title='bbox 1666 4279 2087 4343; x_wconf 88' lang='lat' dir='ltr'><strong>universitate</strong></span> <span class='ocrx_word' id='word_1_335' title='bbox 2133 4279 2506 4364; x_wconf 85' lang='lat' dir='ltr'><strong>promoveri</strong></span> <span class='ocrx_word' id='word_1_336' title='bbox 2549 4275 2741 4342; x_wconf 89' lang='lat' dir='ltr'><strong>debet</strong></span> <span class='ocrx_word' id='word_1_337' title='bbox 2783 4275 2871 4341; x_wconf 91' lang='lat' dir='ltr'><strong>ad</strong></span> <span class='ocrx_word' id='word_1_338' title='bbox 2917 4276 3192 4364; x_wconf 86' lang='lat' dir='ltr'><strong>gradum</strong></span> <span class='ocrx_word' id='word_1_339' title='bbox 3241 4278 3635 4346; x_wconf 84' lang='lat' dir='ltr'><strong>baccalaria·</strong></span> 
     </span>
    </p>

    <p class='ocr_par' dir='ltr' id='par_1_11' title="bbox 714 4375 3635 4464">
     <span class='ocr_line' id='line_1_36' title="bbox 714 4375 3635 4464; baseline 0.002 -24"><span class='ocrx_word' id='word_1_340' title='bbox 714 4385 786 4440; x_wconf 83' lang='lat'><strong>35</strong></span> <span class='ocrx_word' id='word_1_341' title='bbox 806 4384 933 4459; x_wconf 89' lang='lat' dir='ltr'><strong>tus,</strong></span> <span class='ocrx_word' id='word_1_342' title='bbox 974 4377 1103 4440; x_wconf 90' lang='lat' dir='ltr'><strong>nisi</strong></span> <span class='ocrx_word' id='word_1_343' title='bbox 1154 4376 1335 4462; x_wconf 90' lang='lat' dir='ltr'><strong>prius</strong></span> <span class='ocrx_word' id='word_1_344' title='bbox 1391 4379 1641 4452; x_wconf 83' lang='lat' dir='ltr'><strong>steterit</strong></span> <span class='ocrx_word' id='word_1_345' title='bbox 1699 4378 1766 4442; x_wconf 91' lang='lat' dir='ltr'><strong>in</strong></span> <span class='ocrx_word' id='word_1_346' title='bbox 1824 4379 1952 4442; x_wconf 90' lang='lat' dir='ltr'><strong>ista</strong></span> <span class='ocrx_word' id='word_1_347' title='bbox 2006 4379 2432 4442; x_wconf 86' lang='lat' dir='ltr'><strong>universitate</strong></span> <span class='ocrx_word' id='word_1_348' title='bbox 2490 4399 2607 4463; x_wconf 89' lang='lat' dir='ltr'><strong>per</strong></span> <span class='ocrx_word' id='word_1_349' title='bbox 2649 4375 2931 4441; x_wconf 88' lang='lat' dir='ltr'><strong>medium</strong></span> <span class='ocrx_word' id='word_1_350' title='bbox 2975 4399 3234 4460; x_wconf 87' lang='lat' dir='ltr'><strong>annum,</strong></span> <span class='ocrx_word' id='word_1_351' title='bbox 3279 4389 3344 4443; x_wconf 89' lang='lat' dir='ltr'><strong>et</strong></span> <span class='ocrx_word' id='word_1_352' title='bbox 3385 4383 3456 4444; x_wconf 92' lang='lat' dir='ltr'><strong>in</strong></span> <span class='ocrx_word' id='word_1_353' title='bbox 3497 4383 3635 4464; x_wconf 82' lang='lat' dir='ltr'><strong>ista,</strong></span> 
     </span>
    </p>
   </div>
   <div class='ocr_carea' id='block_1_8' title="bbox 800 4474 3633 4643">
    <p class='ocr_par' dir='ltr' id='par_1_12' title="bbox 800 4474 3633 4643">
     <span class='ocr_line' id='line_1_37' title="bbox 806 4474 3633 4560; baseline 0.003 -20"><span class='ocrx_word' id='word_1_354' title='bbox 806 4474 978 4540; x_wconf 83' lang='lat' dir='ltr'><strong>unde</strong></span> <span class='ocrx_word' id='word_1_355' title='bbox 1007 4475 1276 4557; x_wconf 83' lang='lat' dir='ltr'><strong>venerit,</strong></span> <span class='ocrx_word' id='word_1_356' title='bbox 1322 4476 1529 4540; x_wconf 90' lang='lat' dir='ltr'><strong>eciam</strong></span> <span class='ocrx_word' id='word_1_357' title='bbox 1567 4476 1741 4542; x_wconf 89' lang='lat' dir='ltr'><strong>ultra</strong></span> <span class='ocrx_word' id='word_1_358' title='bbox 1780 4477 2066 4546; x_wconf 84' lang='lat' dir='ltr'><strong>medium</strong></span> <span class='ocrx_word' id='word_1_359' title='bbox 2108 4500 2367 4560; x_wconf 86' lang='lat' dir='ltr'><strong>annum,</strong></span> <span class='ocrx_word' id='word_1_360' title='bbox 2412 4485 2477 4542; x_wconf 90' lang='lat' dir='ltr'><strong>et</strong></span> <span class='ocrx_word' id='word_1_361' title='bbox 2515 4475 2862 4541; x_wconf 89' lang='lat' dir='ltr'><strong>dummodo</strong></span> <span class='ocrx_word' id='word_1_362' title='bbox 2908 4476 3298 4545; x_wconf 85' lang='lat' dir='ltr'><strong>sufficientes</strong></span> <span class='ocrx_word' id='word_1_363' title='bbox 3339 4481 3633 4547; x_wconf 76' lang='lat' dir='ltr'><strong>informa·</strong></span> 
     </span>
     <span class='ocr_line' id='line_1_38' title="bbox 800 4574 2903 4643; baseline -0 -3"><span class='ocrx_word' id='word_1_364' title='bbox 800 4577 1009 4641; x_wconf 89' lang='lat' dir='ltr'><strong>tiones</strong></span> <span class='ocrx_word' id='word_1_365' title='bbox 1050 4575 1278 4640; x_wconf 87' lang='lat' dir='ltr'><strong>fecerit</strong></span> <span class='ocrx_word' id='word_1_366' title='bbox 1322 4574 1403 4639; x_wconf 91' lang='lat' dir='ltr'><strong>de</strong></span> <span class='ocrx_word' id='word_1_367' title='bbox 1446 4575 1776 4642; x_wconf 89' lang='lat' dir='ltr'><strong>auditione</strong></span> <span class='ocrx_word' id='word_1_368' title='bbox 1814 4576 2130 4643; x_wconf 80' lang='lat' dir='ltr'><strong>librorum</strong></span> <span class='ocrx_word' id='word_1_369' title='bbox 2173 4579 2242 4641; x_wconf 91' lang='lat' dir='ltr'><strong>in</strong></span> <span class='ocrx_word' id='word_1_370' title='bbox 2286 4574 2416 4641; x_wconf 87' lang='lat' dir='ltr'><strong>alia</strong></span> <span class='ocrx_word' id='word_1_371' title='bbox 2462 4577 2903 4642; x_wconf 86' lang='lat' dir='ltr'><strong>universitate.</strong></span> 
     </span>
    </p>
   </div>
   <div class='ocr_carea' id='block_1_9' title="bbox 1403 4731 3031 4912">
    <p class='ocr_par' dir='ltr' id='par_1_13' title="bbox 1403 4731 3031 4912">
     <span class='ocr_line' id='line_1_39' title="bbox 1403 4731 3031 4794; baseline 0 -1"><span class='ocrx_word' id='word_1_372' title='bbox 1403 4731 1463 4793; x_wconf 83' lang='lat'><strong>6.</strong></span> <span class='ocrx_word' id='word_1_373' title='bbox 1517 4743 1613 4791; x_wconf 83' lang='lat' dir='ltr'><strong>DE</strong></span> <span class='ocrx_word' id='word_1_374' title='bbox 1655 4744 2243 4794; x_wconf 78' lang='lat' dir='ltr'>RESPONSIOMBUS</span> <span class='ocrx_word' id='word_1_375' title='bbox 2285 4744 3031 4794; x_wconf 70' lang='lat' dir='ltr'><strong>nAccAnAsmmonnn.</strong></span> 
     </span>
     <span class='ocr_line' id='line_1_40' title="bbox 2047 4847 2385 4912; baseline 0.003 -15"><span class='ocrx_word' id='word_1_376' title='bbox 2047 4848 2166 4912; x_wconf 81' lang='lat' dir='ltr'><strong>vgl.</strong></span> <span class='ocrx_word' id='word_1_377' title='bbox 2201 4848 2266 4908; x_wconf 89' lang='lat' dir='ltr'><strong>X,</strong></span> <span class='ocrx_word' id='word_1_378' title='bbox 2309 4847 2385 4898; x_wconf 91' lang='grc'><strong>10.</strong></span> 
     </span>
    </p>
   </div>
   <div class='ocr_carea' id='block_1_10' title="bbox 715 4941 3631 5136">
    <p class='ocr_par' dir='ltr' id='par_1_14' title="bbox 715 4941 3631 5136">
     <span class='ocr_line' id='line_1_41' title="bbox 715 4941 3630 5033; baseline 0.002 -23"><span class='ocrx_word' id='word_1_379' title='bbox 715 4954 783 5010; x_wconf 80' lang='lat'><strong>40</strong></span> <span class='ocrx_word' id='word_1_380' title='bbox 824 5011 829 5016; x_wconf 71' lang='grc'>,</span> <span class='ocrx_word' id='word_1_381' title='bbox 966 4943 1131 5009; x_wconf 91' lang='lat' dir='ltr'><strong>Item</strong></span> <span class='ocrx_word' id='word_1_382' title='bbox 1171 4941 1382 5009; x_wconf 89' lang='lat' dir='ltr'><strong>nullus</strong></span> <span class='ocrx_word' id='word_1_383' title='bbox 1427 4943 1619 5010; x_wconf 89' lang='lat' dir='ltr'><strong>debet</strong></span> <span class='ocrx_word' id='word_1_384' title='bbox 1662 4944 1921 5011; x_wconf 89' lang='lat' dir='ltr'><strong>admitti</strong></span> <span class='ocrx_word' id='word_1_385' title='bbox 1961 4945 2048 5010; x_wconf 92' lang='lat' dir='ltr'><strong>ad</strong></span> <span class='ocrx_word' id='word_1_386' title='bbox 2088 4967 2363 5011; x_wconf 88' lang='lat' dir='ltr'><strong>examen</strong></span> <span class='ocrx_word' id='word_1_387' title='bbox 2406 4967 2525 5032; x_wconf 90' lang='lat' dir='ltr'><strong>pro</strong></span> <span class='ocrx_word' id='word_1_388' title='bbox 2567 4945 2779 5033; x_wconf 89' lang='lat' dir='ltr'><strong>gradu</strong></span> <span class='ocrx_word' id='word_1_389' title='bbox 2830 4947 3309 5014; x_wconf 86' lang='lat' dir='ltr'><strong>baccalariatus</strong></span> <span class='ocrx_word' id='word_1_390' title='bbox 3364 4951 3433 5014; x_wconf 91' lang='lat' dir='ltr'><strong>in</strong></span> <span class='ocrx_word' id='word_1_391' title='bbox 3490 4951 3630 5015; x_wconf 88' lang='lat' dir='ltr'><strong>arti-</strong></span> 
     </span>
     <span class='ocr_line' id='line_1_42' title="bbox 798 5043 3631 5136; baseline 0.001 -27"><span class='ocrx_word' id='word_1_392' title='bbox 798 5043 944 5126; x_wconf 90' lang='lat' dir='ltr'><strong>bus,</strong></span> <span class='ocrx_word' id='word_1_393' title='bbox 980 5044 1107 5108; x_wconf 89' lang='lat' dir='ltr'><strong>nisi</strong></span> <span class='ocrx_word' id='word_1_394' title='bbox 1142 5043 1353 5109; x_wconf 86' lang='lat' dir='ltr'><strong>sexies</strong></span> <span class='ocrx_word' id='word_1_395' title='bbox 1390 5044 1799 5132; x_wconf 81' lang='lat' dir='ltr'><strong>responderit</strong></span> <span class='ocrx_word' id='word_1_396' title='bbox 1823 5045 2152 5111; x_wconf 88' lang='lat' dir='ltr'><strong>ordinarie</strong></span> <span class='ocrx_word' id='word_1_397' title='bbox 2181 5055 2244 5111; x_wconf 91' lang='lat' dir='ltr'><strong>et</strong></span> <span class='ocrx_word' id='word_1_398' title='bbox 2272 5047 2518 5111; x_wconf 88' lang='lat' dir='ltr'><strong>tociens</strong></span> <span class='ocrx_word' id='word_1_399' title='bbox 2563 5047 3083 5113; x_wconf 86' lang='lat' dir='ltr'><strong>extraordinarie</strong></span> <span class='ocrx_word' id='word_1_400' title='bbox 3124 5058 3259 5113; x_wconf 90' lang='lat' dir='ltr'><strong>tam</strong></span> <span class='ocrx_word' id='word_1_401' title='bbox 3308 5049 3631 5136; x_wconf 67' lang='lat' dir='ltr'><strong>magistris</strong></span> 
     </span>
    </p>
   </div>
   <div class='ocr_carea' id='block_1_11' title="bbox 969 5205 2433 5349">
    <p class='ocr_par' dir='ltr' id='par_1_15' title="bbox 969 5205 2433 5349">
     <span class='ocr_line' id='line_1_43' title="bbox 974 5205 2433 5282; baseline 0.003 -18"><span class='ocrx_word' id='word_1_402' title='bbox 974 5216 994 5264; x_wconf 88' lang='lat'>1</span> <span class='ocrx_word' id='word_1_403' title='bbox 1034 5205 1405 5266; x_wconf 81' lang='lat' dir='ltr'><strong>Geschrieben</strong></span> <span class='ocrx_word' id='word_1_404' title='bbox 1440 5207 1589 5264; x_wconf 79' lang='lat' dir='ltr'><strong>steht</strong></span> <span class='ocrx_word' id='word_1_405' title='bbox 1617 5211 1954 5280; x_wconf 65' lang='lat' dir='ltr'><strong>satiffeciue</strong></span> <span class='ocrx_word' id='word_1_406' title='bbox 1986 5219 2039 5266; x_wconf 75' lang='lat' dir='ltr'><strong>et</strong></span> <span class='ocrx_word' id='word_1_407' title='bbox 2065 5227 2182 5282; x_wconf 78' lang='lat' dir='ltr'><strong>pro</strong></span> <span class='ocrx_word' id='word_1_408' title='bbox 2219 5212 2433 5268; x_wconf 70' lang='lat' dir='ltr'><strong>eisdeaen.</strong></span> 
     </span>
     <span class='ocr_line' id='line_1_44' title="bbox 969 5292 1422 5349; baseline 0.002 -1"><span class='ocrx_word' id='word_1_409' title='bbox 969 5298 1000 5349; x_wconf 89' lang='lat'>2</span> <span class='ocrx_word' id='word_1_410' title='bbox 1032 5296 1237 5349; x_wconf 75' lang='lat' dir='ltr'><strong>steterit</strong></span> <span class='ocrx_word' id='word_1_411' title='bbox 1266 5292 1422 5349; x_wconf 81' lang='lat' dir='ltr'><strong>fehlt.</strong></span> 
     </span>
    </p>
   </div>
   <div class='ocr_carea' id='block_1_12' title="bbox 3950 716 4034 3951">
    <p class='ocr_par' dir='ltr' id='par_1_16' title="bbox 3950 716 4034 3951">
     <span class='ocr_line' id='line_1_45' title="bbox 3950 716 4034 3951; baseline 0 0"><span class='ocrx_word' id='word_1_412' title='bbox 3950 716 4034 3951; x_wconf 95' lang='lat' dir='ltr'><strong> </strong></span> 
     </span>
    </p>
   </div>
   <div class='ocr_carea' id='block_1_13' title="bbox 3946 716 4038 4274">
    <p class='ocr_par' dir='ltr' id='par_1_17' title="bbox 3946 716 4038 4274">
     <span class='ocr_line' id='line_1_46' title="bbox 3946 716 4038 4274; baseline 0 0"><span class='ocrx_word' id='word_1_413' title='bbox 3946 716 4038 4274; x_wconf 95' lang='lat' dir='ltr'><strong> </strong></span> 
     </span>
    </p>
   </div>
   <div class='ocr_carea' id='block_1_14' title="bbox 3943 716 4038 4474">
    <p class='ocr_par' dir='ltr' id='par_1_18' title="bbox 3943 716 4038 4474">
     <span class='ocr_line' id='line_1_47' title="bbox 3943 716 4038 4474; baseline 0 0"><span class='ocrx_word' id='word_1_414' title='bbox 3943 716 4038 4474; x_wconf 95' lang='lat' dir='ltr'><strong> </strong></span> 
     </span>
    </p>
   </div>
   <div class='ocr_carea' id='block_1_15' title="bbox 3940 716 4038 4674">
    <p class='ocr_par' dir='ltr' id='par_1_19' title="bbox 3940 716 4038 4674">
     <span class='ocr_line' id='line_1_48' title="bbox 3940 716 4038 4674; baseline 0 0"><span class='ocrx_word' id='word_1_415' title='bbox 3940 716 4038 4674; x_wconf 95' lang='lat' dir='ltr'><strong> </strong></span> 
     </span>
    </p>
   </div>
   <div class='ocr_carea' id='block_1_16' title="bbox 3935 716 4038 5064">
    <p class='ocr_par' dir='ltr' id='par_1_20' title="bbox 3935 716 4038 5064">
     <span class='ocr_line' id='line_1_49' title="bbox 3935 716 4038 5064; baseline 0 0"><span class='ocrx_word' id='word_1_416' title='bbox 3935 716 4038 5064; x_wconf 95' lang='lat' dir='ltr'><strong> </strong></span> 
     </span>
    </p>
   </div>
  </div>
 </body>
</html>
