4038 6358
748 540 865 605 136
1676 539 1787 590 Des
1821 539 2093 591 Iohannes
2126 540 2285 590 Fabri
2320 541 2387 591 de
2423 540 2652 592 Werdea

743 718 931 785 electi
971 721 1130 787 sitis.
1212 720 1383 787 Eam
1423 720 1624 808 igitur
1669 722 2052 810 dignitatem
2096 725 2539 810 praesentium
2583 721 2970 789 auctoritate
3008 723 3196 790 vobis
3226 723 3612 803 deferimus,

743 822 999 886 omnino
1043 830 1411 907 sperantes,
1468 821 1642 907 quod
1702 821 1967 910 publica
2009 825 2286 910 privatis
2345 819 2795 910 anteponendo
2841 823 2935 887 ita
2978 845 3096 911 per
3140 822 3263 888 hoc
3304 820 3616 888 brumale

743 927 998 1006 tempus
1041 942 1181 985 rem
1222 929 1513 984 nostram
1553 920 1941 988 litterariam
1983 922 2506 988 administraturi
2550 923 2723 1004 sitis,
2768 930 2837 985 ut
2880 921 3428 1007 periculosissimo
3472 921 3610 984 isto

743 1018 1000 1083 saeculo
1060 1028 1385 1106 utcunque
1450 1040 1491 1082 a
1547 1022 1781 1085 maiori
1835 1022 2029 1086 ruina
2088 1031 2155 1086 et
2213 1021 2587 1086 calamitate
2652 1030 3143 1106 praeservetur,
3211 1019 3403 1086 vobis
3475 1018 3607 1084 sub

693 1116 986 1182 5mulcta
1039 1120 1108 1182 in
1161 1118 1419 1181 statutis
1477 1121 1717 1184 nostris
1772 1143 2089 1207 expressa
2146 1120 2647 1202 demandantes,
2716 1128 2787 1183 ut
2858 1119 3249 1206 posthabitis
3304 1119 3611 1207 negociis

744 1215 1041 1281 omnibus
1094 1215 1269 1281 illico
1324 1215 1410 1280 ad
1461 1239 1580 1282 nos
1644 1219 1768 1284 iter
1829 1221 2221 1307 arripientes
2276 1229 2637 1285 rectoratus
2678 1219 3134 1303 magistratum
3174 1214 3281 1305 [53
3299 1217 3351 1305 b]
3400 1217 3608 1282 susci-

744 1316 963 1403 piatis,
1027 1324 1138 1380 aut
1197 1337 1416 1379 coram
1473 1315 1741 1382 consilio
1801 1328 2025 1384 nostro
2079 1321 2267 1383 iuxta
2317 1328 2706 1384 statutorum
2759 1327 3130 1383 nostrorum
3183 1317 3605 1404 praescripta

748 1415 1176 1482 recusationis
1221 1437 1453 1479 causas
1496 1415 1926 1501 personaliter
1967 1416 2355 1502 allegabitis.
2440 1417 2686 1482 Verum
2726 1417 3267 1502 praestantiorem
3299 1418 3607 1481 novimus

752 1514 1266 1578 aestimationem
1311 1522 1630 1596 vestram,
1670 1537 1906 1579 nomen
1948 1515 2297 1598 celebrius,
2342 1516 2517 1581 vitae
2562 1514 2912 1580 candorem
2956 1516 3406 1596 sinceriorem,
3450 1535 3605 1600 gra-

667 1621 731 1676 10
747 1611 1090 1677 titudinem
1147 1634 1307 1699 erga
1357 1616 1769 1700 gymnasium
1822 1625 2151 1697 nostrum,
2211 1625 2483 1681 matrem
2536 1625 2859 1695 vestram,
2918 1616 3233 1679 maiorem
3293 1635 3490 1698 quam
3533 1621 3609 1675 ut

747 1711 1108 1799 periculoso
1152 1711 1277 1776 hoc
1316 1721 1627 1799 tempore,
1671 1712 2138 1779 fluctuantibus
2180 1715 2425 1801 passim
2470 1713 2702 1778 studiis
2749 1714 2816 1776 in
2859 1722 3041 1778 tanta
3085 1715 3369 1779 omnium
3406 1709 3603 1776 licen·

750 1812 874 1887 tia,
931 1809 1302 1896 respublica
1360 1814 1634 1875 nostra¹
1690 1821 1908 1878 vestro
1970 1836 2040 1878 se
2083 1811 2327 1878 auxilio
2371 1812 2665 1898 indigere
2708 1810 3056 1900 aliquando
3103 1812 3411 1899 conqueri
3451 1832 3601 1897 pos-

753 1911 855 1975 sit.
939 1908 1175 1974 Venite
1244 1910 1443 1995 igitur
1513 1919 1706 1998 atque
1768 1911 1938 1996 quod
2001 1912 2082 1976 de
2145 1913 2547 1999 praestantia
2608 1920 2830 1975 vestra
2891 1909 3080 1976 nobis
3131 1907 3601 1997 persuademus

753 2016 1099 2096 praestate.
1142 2007 1391 2077 Valete.
1445 2009 1663 2074 Datae
1703 2009 1995 2097 Lypsiae
2034 2011 2181 2098 ipso
2227 2010 2332 2075 die
2368 2009 2542 2077 Galli
2579 2033 2619 2075 a
2641 2009 2939 2097 prandi0,
2985 2032 3153 2075 anno
3176 2007 3602 2073 MDXXIHI.

673 2220 735 2275 15
1545 2214 1680 2277 110.
1737 2204 1858 2295 [ΒΙ.
1902 2207 2048 2295 54⁸]
2112 2226 2351 2275 romu
2394 2225 2811 2275 crrA‘rloms.

918 2341 1054 2407 Nos
1094 2341 1371 2406 Ioannes
1416 2340 1799 2422 Reuschius,
1846 2341 2085 2407 artium
2126 2344 2439 2428 magister
2483 2350 2621 2423 etc„
2671 2340 2860 2407 huius
2904 2340 3114 2406 almae
3156 2341 3607 2406 universitatis

750 2449 993 2521 rector,
1047 2439 1306 2528 publice
1360 2440 1635 2505 citamus
1696 2439 2029 2506 dominum
2082 2442 2467 2527 magistrum
2535 2439 2897 2525 Georgium
2953 2439 3197 2526 Weyss
3274 2441 3464 2527 eique
3523 2438 3609 2504 de

754 2561 934 2607 more
974 2550 1291 2605 arrestum
1337 2537 1681 2622 edicimus,
1744 2562 1828 2604 ne
1883 2542 2025 2605 sine
2066 2539 2353 2626 partium
2396 2550 2591 2625 atque
2634 2537 2798 2604 adeo
2842 2540 2981 2603 sine
3022 2547 3246 2603 nostro
3287 2559 3609 2603 consensu

751 2639 905 2705 hinc
943 2638 1172 2720 abeat,
1232 2638 1348 2703 sed
1396 2639 1572 2703 intra
1625 2638 1908 2704 triduum
1952 2661 2175 2705 coram
2216 2638 2407 2705 nobis
2451 2640 2578 2704 iuri
2622 2640 2809 2703 sistat
2845 2636 3270 2725 partibusque
3311 2644 3378 2701 et
3413 2634 3609 2701 nobis

670 2746 739 2804 20
756 2738 1136 2804 satisfaciat.
1191 2737 1455 2822 Alioqui
1498 2737 1670 2804 dicto
1710 2741 2026 2825 temporis
2069 2737 2311 2803 effluxo
2354 2739 2646 2818 termino,
2691 2738 2831 2802 eius
2861 2736 3257 2802 contumatia
3276 2735 3301 2776 ²
3342 2735 3612 2798 minime

756 2836 1073 2920 obstante,
1120 2835 1415 2924 partibus
1459 2836 1776 2903 adsistere
1816 2836 2109 2926 illisque,
2152 2836 2401 2902 iustitia
2444 2839 2538 2902 ita
2579 2835 2980 2923 postulante,
3025 2833 3272 2900 auxilio
3316 2855 3460 2899 esse
3502 2855 3610 2898 co·

756 2959 1009 3023 gemur.
1090 2936 1248 3004 Dat.
1290 2945 1654 3001 rectoratus
1701 2936 1823 3002 sub
1870 2935 2105 3022 sigillo.

1718 3124 1853 3185 111.
1916 3134 2158 3184 rom
2203 3133 2626 3184 rssrmonn.

917 3249 1348 3336 Agnoscimus
1390 3248 1515 3326 hac
1558 3250 1959 3342 syngrapha,
2001 3249 2367 3316 studiosum
2392 3249 2761 3334 Georgium
2780 3248 3041 3335 Renigk
3074 3247 3417 3333 Oygneum
3447 3246 3608 3312 Mis-

671 3349 974 3415 25nensis
1018 3347 1328 3430 diocesis,
1368 3350 1577 3414 nostri
1617 3352 1946 3435 gymnasii
1989 3350 2431 3430 scolasticum,
2470 3347 2590 3413 sub
2631 3350 3018 3433 magistratu
3065 3345 3460 3411 venerabilis
3496 3345 3608 3411 do·

754 3449 915 3513 mini
967 3449 1229 3514 Ioannis
1283 3447 1592 3513 Reuschii
1642 3448 1924 3514 Fontani
1980 3459 2098 3514 etc.
2155 3472 2324 3515 anno
2374 3447 2785 3513 MDXXIIII
2834 3445 3061 3512 Idibus
3109 3442 3211 3532 [54
3224 3443 3277 3531 b]
3322 3445 3608 3532 Augusti

757 3548 1102 3614 scolastico
1146 3545 1364 3612 ordini
1401 3545 1803 3633 adscriptum
1817 3595 1834 3627 ,
1881 3548 2267 3634 publiceque
2307 3557 2642 3628 testamur,
2687 3569 2831 3612 eum
2879 3566 3150 3632 operam
3199 3542 3306 3608 hic
3346 3543 3609 3608 dedisse

753 3646 988 3711 litteris
1030 3669 1272 3712 annum
1313 3655 1378 3710 et
1420 3644 1778 3711 dimidium.
1862 3646 1952 3711 Et
2007 3649 2163 3735 quia
2212 3646 2390 3732 apud
2431 3667 2551 3711 nos
2595 3646 2732 3708 cius
2775 3655 2909 3709 tum
2954 3642 3172 3709 studia
3213 3653 3351 3708 tum
3390 3664 3607 3707 mores

755 3746 1022 3810 minime
1075 3745 1247 3810 male
1300 3745 1599 3826 audiunt,
1668 3767 1789 3832 pro
1837 3745 2039 3811 offitio
2079 3767 2223 3810 eum
2264 3745 2439 3810 haud
2480 3744 2806 3831 gravatim
2848 3740 3147 3809 omnibus
3191 3741 3608 3807 commenda-

672 3855 942 3927 30mus,
1002 3866 1274 3932 quorum
1318 3852 1416 3907 est
1463 3865 1586 3930 ope
1626 3866 1895 3926 usurus,
1950 3854 2410 3932 optamusque,
2466 3852 2539 3908 ut
2578 3844 2717 3907 eius
2759 3842 2992 3907 honori
3034 3841 3276 3929 optime
3313 3840 3606 3906 consula-

757 3953 880 4007 tur.
966 3943 1066 4008 Ne
1118 3943 1261 4031 quis
1316 3941 1399 4006 de
1458 3942 1819 4008 litterarum
1881 3943 2009 4009 fide
2060 3942 2419 4026 dubitaret,
2479 3944 2735 4028 signum
2779 3940 3071 4006 additum
3112 3949 3243 4021 est,
3300 3961 3428 4028 quo
3471 3940 3608 4004 fere

755 4043 854 4106 uti
898 4040 1156 4130 publice
1197 4040 1493 4107 solemus.
1574 4041 1793 4107 Datac
1834 4052 1956 4107 etc.

1345 4227 1483 4288 112.
1542 4239 1875 4288 nonnum
1916 4241 2054 4290 rao
2103 4240 2639 4290 comNDANDO
2681 4237 3027 4289 Rnc‘ronn.

922 4355 1089 4422 Cras
1132 4378 1174 4422 a
1212 4356 1511 4421 contione
1553 4354 1731 4443 apud
1775 4355 1999 4419 divum
2044 4353 2385 4421 Nicolaum
2427 4380 2633 4422 novus
2683 4366 2896 4422 rector
2941 4354 3022 4420 de
3063 4376 3244 4419 more
3286 4376 3606 4420 commen·

668 4465 735 4521 35
755 4454 1034 4538 dabitur,
1077 4454 1296 4543 illique
1326 4464 1588 4520 senatus
1625 4465 1967 4520 consuetus
2009 4454 2442 4543 cooptabitur.
2511 4455 2786 4521 Mandat
2827 4456 3046 4540 itaque
3085 4452 3260 4517 idem
3305 4451 3606 4518 dominus

751 4565 965 4620 rector
1008 4555 1305 4620 omnibus
1350 4563 1413 4619 et
1456 4553 1728 4640 singulis
1771 4562 1912 4635 etc.,
1979 4576 2105 4642 quo
2150 4553 2268 4619 sub
2311 4553 2483 4618 idem
2524 4564 2780 4641 tempus
2821 4554 3075 4620 decenti
3104 4553 3342 4617 vestitu
3386 4553 3604 4618 amicti

753 4654 823 4718 in
863 4652 1120 4738 collegii
1161 4654 1425 4719 maioris
1467 4652 1734 4719 lectorio
1780 4654 2071 4717 maximo
2112 4653 2479 4718 venientem
2520 4664 2839 4720 rectorem
2875 4661 3242 4740 expectent,
3288 4673 3605 4717 commen-

753 4752 1001 4818 dationi
1055 4754 1387 4834 intersint,
1443 4774 1564 4818 nec
1619 4763 1770 4817 ante
1825 4753 2153 4818 facessant
2194 4775 2389 4840 quam
2432 4752 2870 4836 consiliarios,
2928 4773 3293 4817 assessores
3337 4760 3401 4815 et
3442 4749 3604 4815 iudi—

754 4851 949 4917 ciales
976 4846 1079 4937 [55
1095 4849 1146 4937 ⁸]
1171 4850 1427 4933 habeat,
1453 4851 1573 4917 sub
1598 4874 1810 4938 poena
1833 4863 2110 4937 quatuor
2130 4873 2510 4937 grossorum
2531 4852 2941 4918 universitati
2962 4850 3456 4940 pendendorum
3485 4858 3604 4914 etc.

893 5119 916 5168 1
955 5112 1329 5170 Geschrieben
1365 5112 1514 5169 steht
1547 5116 1941 5187 rempublicam
1971 5124 2234 5171 nostram.

891 5202 922 5252 2
957 5196 1334 5254 Geschrieben
1370 5196 1442 5251 ist
1474 5200 1888 5254 commotione.
