4038 6358
838 655 958 717 340
1842 647 1945 699 Die
1979 645 2416 711 philosophische
2442 645 2697 698 Faenum.

1005 868 1104 928 72.
1149 880 1244 928 ΒΕ
1288 881 1550 930 EABI'PU
1594 881 2064 931 COMPARANDO
2107 882 2242 929 PER
2284 877 2895 929 BAccALARIANDos
2937 877 3011 924 IN
3051 874 3348 924 ABTIBUS
3387 875 3515 923 VEL

1978 979 2534 1030 MAGISTRANDOS.

1991 1102 2113 1164 νει.
2150 1116 2200 1153 a.
2238 1100 2313 1152 st.
2349 1100 2434 1166 23,
2467 1099 2514 1149 7.

1003 1214 1167 1279 Item
1209 1211 1478 1301 quilibet
1520 1203 1973 1298 admittendus,
2032 1215 2142 1301 qui
2185 1215 2518 1282 annuatim
2566 1211 2738 1276 ultra
2795 1229 2944 1276 xxx
2993 1209 3271 1275 florenos
3324 1208 3432 1273 hic
3482 1208 3656 1275 habet

756 1327 788 1381 5
844 1335 1240 1396 consumere,
1296 1322 1584 1399 tempore
1629 1336 1783 1378 suae
1826 1313 2239 1379 admissionis
2290 1312 2612 1377 tenebitur
2655 1313 3032 1398 promittere
3072 1309 3341 1391 decano,
3399 1317 3468 1372 ut
3516 1309 3663 1373 infra

840 1414 1124 1512 medium
1181 1436 1419 1477 annum
1464 1411 1621 1477 velit
1675 1412 1799 1478 sibi
1844 1415 2182 1500 proprium
2221 1411 2516 1478 habitum
2570 1432 2944 1498 procurare,
3006 1407 3123 1474 sub
3165 1430 3381 1494 poena
3419 1425 3466 1472 x
3506 1430 3662 1492 gros·

841 1537 1077 1594 sorum,
1129 1535 1291 1600 quos
1333 1511 1614 1580 decanus
1656 1512 1978 1577 tenebitur
2022 1509 2188 1600 [62¹²]
2245 1535 2388 1577 cum
2447 1511 2678 1576 effectu
2731 1509 2814 1574 ab
2872 1530 2948 1573 eo
2993 1508 3257 1593 exigere
3316 1516 3382 1572 et
3432 1506 3665 1572 eosdem

843 1613 971 1679 sibi
1013 1633 1368 1678 reservare.

1794 1767 1926 1830 .73.
1968 1779 2064 1827 DE
2105 1778 2288 1828 Acro
2328 1776 2692 1826 Rnonncu.

768 1923 833 1979 10
1997 1917 2121 1980 Vgl.
2158 1931 2207 1967 a.
2248 1914 2322 1966 St.
2358 1914 2441 1980 22,
2477 1914 2524 1965 7.

1009 2044 1173 2109 Item
1225 2043 1494 2132 quilibet
1533 2045 1758 2113 volens
1812 2070 1954 2113 esse
1997 2056 2149 2114 actu
2190 2067 2424 2131 regens
2467 2042 2662 2109 debet
2713 2042 3002 2129 incipere
3054 2040 3460 2106 ordinarium
3507 2061 3676 2104 suum

847 2152 997 2208 ante
1036 2144 1270 2208 festum
1311 2146 1595 2212 omnium
1636 2156 2025 2230 sanctorum,
2086 2147 2142 2211 si
2185 2166 2496 2232 praesens
2539 2143 2770 2226 fuerit3
2831 2144 2888 2207 si
2940 2150 3153 2206 autem
3197 2139 3436 2205 absens
3485 2139 3679 2221 fuerit,

848 2253 1001 2308 tunc
1044 2244 1244 2308 currit
1285 2242 1411 2308 sibi
1449 2254 1706 2333 tempus
1748 2245 2104 2334 incipiendi
2146 2255 2209 2310 et
2254 2242 2612 2331 recipiendi
2657 2253 2806 2308 ante
2846 2242 3076 2306 festum
3119 2239 3480 2304 nativitatis
3512 2237 3680 2304 Chri-

851 2344 956 2408 sti.
1038 2342 1129 2407 Et
1181 2342 1505 2408 tenebitur
1560 2344 1831 2432 quilibet
1887 2345 2288 2411 ordinarium
2348 2365 2538 2426 suum
2587 2341 2804 2429 legere
2862 2338 3122 2428 publice
3179 2341 3248 2404 in
3304 2335 3514 2421 scolis,
3566 2338 3682 2402 nisi

768 2453 830 2509 15
849 2442 1093 2508 decano
1135 2443 1515 2527 constiterit,
1558 2442 1734 2531 quod
1779 2468 1917 2510 non
1950 2446 2190 2533 poterit
2230 2442 2473 2510 habere
2516 2441 2854 2508 lectorium
2895 2451 3014 2506 etc.

1017 2633 1113 2693 74.
1156 2642 1301 2692 cun
1340 2644 1529 2704 Quor
1574 2647 1799 2696 umus
1837 2648 1929 2695 Er
1975 2643 2453 2697 'rnAc'rA'rtsus
2494 2639 3057 2692 DISPENSATORES
3102 2635 3530 2688 FAcun‘rATns

1872 2746 2187 2795 Possum*
2232 2742 2676 2792 msrnnsffl.

1997 2881 2120 2943 Vgl.
2160 2894 2210 2930 a.
2251 2879 2324 2930 st.
2363 2839 2445 2943 22,
2481 2880 2528 2929 4.

1020 3007 1203 3091 Item,
1261 3009 1315 3074 si
1361 3009 1597 3097 aliquis
1650 3009 1737 3074 ad
1790 3009 2070 3095 gradum
2120 3007 2596 3090 baccalariatus
2646 3007 3124 3094 promovendus
3165 3005 3519 3093 indiguerit
3567 3002 3689 3068 dis·

773 3117 841 3175 20
861 3108 1274 3197 pensacione‚
1326 3129 1456 3172 non
1507 3118 1810 3196 poterunt
1853 3108 2336 3198 dispensatores
2392 3107 2601 3172 lacius
2641 3130 2788 3172 cum
2841 3130 2915 3173 eo
2970 3107 3351 3194 dispensare
3391 3106 3514 3169 nisi
3553 3125 3689 3168 cum

855 3230 981 3274 uno
1042 3206 1210 3273 libro
1265 3207 1541 3294 parciali
1595 3220 1658 3274 et
1706 3208 1916 3274 tribus
1969 3208 2374 3274 tractatibus.
2455 3207 2638 3273 Idem
2687 3207 3065 3294 intelligitur
3123 3206 3204 3272 de
3261 3202 3687 3294 promovendo

859 3307 945 3374 ad
986 3307 1453 3393 magisterium,
1496 3309 1624 3373 nisi
1666 3308 1836 3391 talis,
1882 3308 2225 3374 sufficienti
2269 3305 2611 3392 diligentia
2653 3305 2963 3390 adbibita,
3014 3329 3144 3372 non
3186 3306 3471 3393 potuerit
3507 3302 3689 3368 lecto·

856 3429 960 3471 res
1015 3405 1343 3489 habuisse,
1401 3405 1481 3471 de
1537 3429 1663 3492 quo
1722 3408 1843 3472 sub
1905 3408 2311 3474 consciencia
2372 3429 2489 3471 sua
2548 3405 3028 3493 dispensatores
3083 3404 3491 3489 informabit3
3545 3413 3691 3467 tunc

857 3514 1163 3592 poterunt
1204 3528 1348 3603 cum
1392 3504 1642 3571 duobus
1684 3505 1871 3572 libris
1910 3507 2220 3573 totalibus
2265 3528 2413 3571 cum
2457 3507 2600 3592 ipso
2645 3505 3041 3593 dispensare.

768 3697 836 3754 25
924 3708 933 3717 ‘
1002 3695 1098 3756 75.
1142 3706 1237 3754 DE
1279 3706 1935 3757 DISPENSACIONIBUS
1978 3707 2342 3757 FACIENDIS
2384 3707 2526 3755 CUM
2568 3704 3158 3755 RESPONSIONIBUS
3196 3705 3332 3752 VEL
3373 3704 3531 3753 NON.

2029 3844 2152 3905 vgl.
2184 3859 2231 3894 a.
2268 3842 2343 3893 St.
2378 3840 2458 3902 22,
2494 3842 2543 3892 6.

1016 3972 1184 4036 Item
1248 3971 1727 4058 dispensatores
1786 3972 1866 4038 de
1923 3972 2452 4060 responsionibus
2513 3973 2861 4043 ordinariis
2917 3971 3232 4038 faciendis
3297 3995 3417 4060 per
3469 3972 3687 4038 bacca·

855 4069 1186 4135 lariandos
1225 4070 1327 4135 vel
1372 4071 1849 4158 magistrandos
1889 4096 2015 4138 non
2060 4071 2303 4137 habent
2347 4072 2728 4160 dispensare
2771 4082 2996 4138 contra
3050 4081 3387 4156 statutum,
3449 4071 3565 4137 sed
3614 4070 3686 4136 de

860 4168 1398 4236 extraordinariis
1464 4182 1734 4257 possunt
1785 4174 1970 4237 iuxta
2035 4172 2440 4257 exigenciam
2496 4195 2809 4259 personae
2863 4173 3159 4260 petentis.
3241 4172 3425 4238 Idem
3469 4170 3686 4237 intelli-

773 4278 842 4336 30
861 4270 1038 4356 gitur
1081 4266 1163 4334 de
1211 4268 1598 4336 baccalariis
1640 4269 2095 4358 promovendis
2139 4270 2224 4336 ad
2266 4272 2732 4356 magisterium.

914 4459 1011 4522 76.
1055 4470 1399 4532 Quonono
1444 4473 1587 4522 cmi
1626 4472 1899 4520 AETATE
1942 4471 2213 4520 Pornsr
2258 4471 2681 4520 msrmsm
2725 4471 3080 4521 nonnus
3118 4472 3209 4521 m·
3254 4471 3400 4521 cmi
3437 4472 3640 4520 Em-

1920 4569 2102 4620 01c1o
2146 4573 2235 4620 Er
2283 4569 2646 4620 memoris.

1020 4687 1186 4754 Item
1227 4710 1371 4753 cum
1422 4687 1600 4756 nullo
1658 4686 1774 4755 fiat
1827 4686 2225 4774 dispensatio
2284 4709 2400 4774 per
2457 4686 2830 4753 facultatem
2882 4688 3011 4752 nisi
3068 4687 3153 4753 ad
3209 4689 3565 4753 maximum
3610 4683 3682 4750 ad

858 4786 1149 4876 quartale
1191 4787 1379 4851 unius
1424 4789 1597 4870 anni,
1656 4796 1721 4852 et
1762 4785 1931 4868 talis,
1991 4787 2100 4874 qui
2145 4788 2309 4873 petit
2362 4786 2941 4874 dispensacionem,
2987 4786 3177 4852 debet
3217 4785 3464 4851 habere
3507 4807 3680 4850 unum

774 4896 841 4952 3⁵
862 4886 1244 4972 magistrum
1287 4884 1355 4950 in
1395 4885 1718 4971 facultate,
1780 4886 1891 4973 qui
1945 4883 2104 4949 dicit
2154 4887 2222 4949 in
2276 4887 2681 4951 consciencia
2734 4910 2869 4969 sua,
2920 4885 3215 4953 omnibus
3266 4883 3678 4965 audientibus,

861 4985 1031 5073 quod
1074 4984 1279 5050 credit
1323 4984 1501 5050 illum
1545 4985 1765 5051 valere
1809 4985 1895 5051 ad
1933 4983 2115 5049 illum
2157 4984 2454 5071 gradum,
2495 5008 2686 5073 quem
2735 5009 2854 5073 pro
2899 4985 3012 5051 illa
3050 4988 3192 5051 vice
3233 4985 3514 5050 intendit
3553 5006 3678 5049 con-

862 5086 1076 5169 sequi3
1136 5094 1201 5149 et
1256 5086 1311 5149 si
1368 5086 1529 5170 petit
1583 5086 2143 5173 dispensacionem
2197 5107 2392 5170 super
2445 5083 2661 5172 aliquo
2713 5086 3058 5167 exercici0,
3112 5087 3198 5150 sit
3254 5084 3675 5173 quodcunque,

862 5182 1073 5247 solvat
1126 5205 1245 5269 pro
1301 5182 1409 5249 illo
1457 5184 1751 5251 facultati
1813 5193 1837 5251 1
1900 5184 2247 5266 florenum3
2308 5186 2363 5248 si
2416 5207 2573 5249 vero
2629 5185 2822 5250 fuerit
2873 5185 3093 5267 leccio,
3147 5183 3362 5250 solvat
3412 5181 3672 5249 facultati

859 5292 1115 5368 pastum
1163 5281 1429 5368 duplum
1472 5284 1656 5351 istius
1699 5285 2017 5351 leccionis.
