4038 6358
1249 688 1349 737 Die
1386 687 1625 738 Stamten
1665 704 1785 737 vom
1820 690 1984 740 Jahre
2026 690 2169 742 1543.
3010 698 3129 765 293

255 869 432 956 puli
495 866 781 953 exemplo
836 890 1054 935 eorum
1109 868 1404 935 meliores
1461 868 1831 937 reddantur.
1912 869 2145 956 Leves,
2204 870 2527 958 dissoluti,
2589 875 2923 964 religionis
2986 902 3132 946 con-

253 978 612 1050 temtores,
658 966 1030 1034 defensores
1072 971 1600 1057 superstitionum
1643 970 1801 1036 nulli
1825 971 1909 1047 ‚in
1949 970 2071 1037 hoc
2115 995 2377 1038 munere
2418 973 2793 1040 tolerentur.
2839 978 2929 1044 Hi
2972 980 3132 1045 assi-

259 1068 424 1134 due
469 1070 531 1133 in
571 1066 836 1155 collegio
881 1067 1128 1152 adsint,
1178 1067 1569 1135 detrimenta
1613 1070 2024 1138 contubernii
2069 1094 2273 1161 aeque
2317 1096 2537 1140 omnes
2580 1086 2896 1161 avertant,
2962 1100 3131 1145 com-

261 1168 491 1234 moda
529 1177 892 1256 procurent.

1563 1304 1784 1370 Caput
1818 1306 1886 1357 11.
3179 1321 3214 1377 5

461 1436 734 1501 Nomina
773 1434 1328 1501 contubernalium
1357 1437 1662 1520 omnium,
1707 1438 1818 1525 qui
1857 1438 1928 1503 in
1964 1437 2088 1505 hoc
2128 1438 2397 1525 collegio
2439 1441 2826 1508 habitabunt
2866 1466 3131 1531 pascen-

269 1536 574 1623 turque,¹
613 1536 914 1621 magistri
957 1537 1358 1623 perscripta²
1396 1535 1728 1604 habebunt
1765 1558 1975 1625 neque
2017 1538 2359 1605 admittent
2397 1542 2503 1607 vel
2563 1541 2649 1607 ad
2709 1542 2922 1609 cibum
2965 1565 3131 1609 com·

271 1657 546 1699 munem
599 1632 710 1700 vel
764 1635 832 1699 in
886 1633 1372 1718 habitationem,
1433 1658 1762 1726 quousque
1823 1660 2008 1703 suum
2063 1660 2295 1705 nomen
2346 1662 2475 1705 non
2532 1642 2728 1706 fuerit
2780 1643 3130 1729 professus.

269 1733 550 1799 Nullum
591 1743 807 1799 autem
849 1734 1108 1799 omnino
1149 1735 1482 1822 recipient,
1538 1738 1650 1821 qui
1702 1735 1988 1801 nondum
2043 1738 2111 1803 in
2169 1736 2387 1804 album
2445 1742 2716 1807 rectoris
2771 1743 3125 1830 inscriptus

273 1835 504 1901 fuerit.
575 1832 682 1898 De
723 1834 804 1899 iis
845 1842 1080 1917 autem,
1123 1857 1284 1919 quos
1327 1833 1413 1899 ad
1453 1857 1743 1904 mensam
1785 1837 2041 1902 mittere
2087 1835 2381 1923 debeant,
2425 1838 2897 1906 ordinationem
2939 1853 3209 1909 occo-10

273 1936 605 1999 nomicam
651 1942 1012 2022 sequentur.
1077 1932 1265 1999 ‘Suas
1309 1934 1580 2020 quisque
1637 1957 1759 2022 pro
1802 1934 2061 2001 aedium
2112 1939 2361 2024 partui³
2402 1936 2834 2005 habitationes
2878 1949 2943 2005 et
2981 1963 3129 2007 con·

275 2033 503 2099 clavia
539 2032 820 2100 elocabit
862 2044 926 2099 et
966 2032 1296 2100 mercedes
1342 2033 1426 2099 ab
1470 2034 1800 2123 inquilinis
1846 2034 2117 2123 singulis
2163 2037 2579 2103 semestribus
2623 2040 2843 2125 exiget
2879 2050 2944 2105 et
2984 2064 3131 2107 eam

277 2136 624 2223 pecuniam
666 2134 953 2199 secunda
991 2136 1207 2199 statim
1251 2136 1618 2222 septimana
1661 2145 1810 2222 post
1847 2134 2021 2201 illius
2066 2137 2375 2223 temporis
2419 2146 2771 2204 mercatum
2810 2140 3135 2227 integram

276 2247 344 2301 et
391 2235 652 2322 plenam
694 2232 1000 2321 deinceps
1043 2233 1370 2320 persolvet
1421 2236 1734 2323 primario
1790 2235 2109 2322 praesidi,
2170 2235 2375 2302 donec
2418 2237 2613 2301 fuerit
2663 2236 2841 2303 aliud
2894 2241 3125 2305 consti·

279 2343 506 2398 tutum.
584 2331 714 2413 Qui
769 2333 894 2398 hoe
946 2333 1161 2398 facere
1215 2334 1576 2419 neglexerit
1633 2342 1746 2399 aut
1800 2357 1928 2401 non
1982 2336 2500 2423 repensataverit
2549 2344 2752 2401 totam
2811 2360 3125 2405 summam
3148 2350 3209 2405 1⁵

279 2430 544 2497 debitae
583 2432 917 2518 pecuniae,
961 2432 1042 2497 de
1084 2454 1159 2497 eo
1199 2433 1556 2499 iniunctum
1598 2443 1698 2500 est
1738 2432 2025 2521 praesuli
2067 2434 2183 2518 illi,
2225 2443 2300 2499 ut
2342 2434 2427 2499 ad
2470 2436 2776 2523 cuiusque
2814 2444 3125 2525 temporis

284 2542 606 2597 rectorem
682 2532 1020 2597 referatur.
1104 2531 1252 2597 Hoc
1318 2555 1444 2619 quo
1508 2533 1740 2599 melius
1803 2532 1948 2615 fiat,
2022 2543 2313 2619 tempore
2376 2532 2800 2601 elocationum
2866 2560 3128 2603 suarum

283 2632 595 2717 magister
649 2631 1089 2715 unusquisque
1149 2630 1494 2717 diligenter
1549 2632 1918 2713 annotabit3
1974 2631 2225 2697 videbit
2282 2640 2515 2715 autem,
2572 2643 2644 2699 ut
2700 2634 3128 2703 habitationes

287 2728 584 2795 omnibus
628 2730 1080 2795 convenienter
1120 2730 1609 2796 distribuantur.
1681 2732 1814 2797 Pro
1857 2731 1983 2798 hac
2022 2753 2223 2818 opera
2266 2753 2385 2796 sua
2427 2731 2509 2797 de
2549 2732 2821 2818 singulis
2862 2734 3125 2801 florenis

285 2851 368 2895 ex
413 2832 804 2896 consumatis
843 2827 1254 2895 mercedibus
1294 2832 1500 2917 partis
1545 2852 1702 2897 suae
1745 2833 1960 2918 capiet
1997 2829 2424 2917 praemiolum
2464 2833 2683 2917 grossi
2723 2832 2937 2899 unius.
3140 2844 3209 2901 20

1553 3032 1777 3097 Caput
1809 3034 1908 3084 111.

449 3160 838 3230 Praesidum
912 3162 1108 3228 trium
1191 3161 1593 3230 contubernii
1673 3165 2097 3254 praecipuum
2174 3164 2456 3231 officium
2534 3174 2632 3231 est
2710 3164 3125 3253 inspectionis

290 3288 499 3331 rerum
543 3262 964 3346 contubernii,
1025 3261 1197 3351 quod
1245 3286 1369 3352 quo
1423 3273 1717 3352 tempore
1773 3265 2035 3331 libuerit
2079 3266 2294 3332 facere
2347 3265 2475 3331 illis
2529 3265 2694 3332 licet.
2775 3265 2942 3330 Tum
2995 3288 3126 3332 non

289 3364 477 3430 modo
521 3363 823 3451 discipuli
868 3353 933 3428 et
977 3364 1256 3429 ministri
1303 3361 1418 3428 sed
1463 3373 1524 3428 et
1568 3365 1863 3452 magistri
1906 3365 2288 3452 interrogati
2330 3364 2712 3452 simpliciter
2766 3374 2830 3429 et
2879 3363 3123 3453 liquido

291 3463 735 3552 respondeant.
819 3463 1023 3528 Nemo
1082 3461 1489 3527 mendacium
1547 3465 1758 3529 sciens
1814 3464 2012 3530 dicito
2068 3474 2180 3530 aut
2229 3465 2575 3531 veritatem
2632 3463 2862 3530 callide
2916 3461 3119 3530 invol-
3138 3471 3205 3528 25

289 3564 431 3629 vito.
514 3561 604 3627 Et
668 3562 972 3648 quoniam
1038 3561 1121 3626 ab
1183 3560 1512 3648 inquilinis
1574 3585 1770 3650 saepe
1833 3563 2265 3640 habitationes
2330 3563 2689 3629 redduntur
2751 3561 3122 3646 deteriores,

291 3660 517 3728 debent
567 3663 894 3749 magistri,
957 3662 1067 3750 qui
1116 3659 1364 3742 locant,
1429 3659 1700 3750 singulis
1753 3660 2171 3726 semestribus
2217 3662 2286 3726 in
2333 3663 2801 3751 comprehensa
2857 3664 3122 3748 regione

289 3763 550 3849 quisque
593 3783 712 3826 sua
734 3762 976 3844 venire,
1019 3769 1084 3825 et
1111 3737 1179 3825 si
1222 3759 1376 3847 quid
1413 3758 1802 3826 labefactum
1841 3770 2300 3848 corruptumve
2347 3763 2450 3845 sit,
2493 3760 2731 3827 debere
2771 3760 3121 3849 inquilinos

291 3864 616 3928 restituere
655 3870 720 3926 et
763 3862 1026 3944 sarcire,
1066 3869 1211 3934 utut
1251 3859 1390 3943 fuit,
1433 3859 1708 3926 efficere.

1534 4045 1748 4110 Caput
1781 4047 1870 4099 lv.
3134 4053 3207 4112 30

440 4178 546 4245 De
587 4187 862 4267 quatuor
900 4179 1232 4265 magistris
1270 4178 1515 4244 nemini
1554 4198 1931 4248 concessum
1967 4199 2111 4244 esse
2148 4177 2361 4262 debet,
2408 4188 2479 4244 ut
2517 4178 2833 4266 oppidum
2866 4178 3114 4245 itineris

299 4279 564 4346 faciendi
605 4301 807 4345 causa
847 4277 1238 4365 egrediatur,
1293 4277 1422 4342 nisi
1463 4278 1534 4341 in
1574 4277 1930 4343 curationis
1971 4300 2129 4344 suae
2179 4278 2389 4345 locum
2450 4277 2650 4344 alium
2705 4279 3118 4344 substituerit.

301 4379 606 4448 Profectio
635 4389 848 4445 autem
891 4380 948 4443 si
985 4378 1372 4464 suscipietur
1402 4375 1486 4440 ab
1521 4375 1740 4463 aliquo
1780 4375 2055 4462 longior,
2099 4376 2184 4444 ad
2225 4377 2395 4442 hanc
2434 4379 2895 4465 permissione⁴
2933 4399 3122 4463 prae·

302 4478 440 4544 sidis
481 4479 579 4544 uti
619 4489 684 4544 et
720 4477 834 4561 illi,
878 4479 1022 4563 quis
1065 4478 1316 4542 interea
1355 4477 1571 4540 vices-'³
1608 4477 1814 4562 ipsius
1857 4484 2119 4542 acturus
2164 4477 2267 4559 sit,
2322 4475 2614 4543 indicare
2669 4498 2876 4562 neque
2935 4475 3123 4541 aliter

303 4576 618 4644 discedere
657 4576 936 4645 debebit.
1014 4577 1094 4642 In
1136 4598 1264 4662 quo
1309 4578 1369 4640 si
1405 4573 1767 4662 deliquerit,
1806 4574 2049 4642 mulcta
2088 4585 2226 4642 esto
2268 4574 2483 4642 florini
2523 4576 2735 4641 unius.
3136 4583 3203 4640 35

449 4780 474 4830 1
513 4773 631 4830 Fur
663 4791 768 4844 quo
796 4774 943 4830 steht
977 4773 1029 4843 ἢ
1038 4794 1062 4842 ,·
1098 4773 1230 4829 oder
1263 4773 1424 4828 sollte
1457 4773 1708 4828 letzteres
1740 4789 1850 4829 von
1881 4773 2065 4844 Vogel
2098 4773 2344 4830 vet-lesen
2377 4775 2493 4831 sein
2523 4779 2663 4830 statt
2694 4775 2786 4828 IV
2790 4776 2818 4829 ,θ

450 4864 482 4914 2
519 4857 894 4916 Geschrieben
927 4857 1075 4914 steht
1099 4859 1471 4930 praua-ipen.

449 4947 480 4998 3
519 4941 684 4997 Etwa
721 4943 1066 5014 partitione!
1128 4942 1298 4999 Jeder
1329 4959 1440 4997 von
1471 4941 1654 5011 ihnen,
1698 4942 1759 5012 je
1808 4940 2077 4998 nachdem
2119 4942 2200 4998 sie
2243 4943 2333 4999 die
2366 4941 2630 5000 Gebaude
2667 4947 2829 4999 unter
2862 4941 3121 4998 einander

307 5027 539 5083 vertheilt
594 5025 800 5092 haben,
865 5027 966 5082 hat
1021 5028 1128 5083 den
1183 5025 1504 5083 Misthszins
1552 5043 1663 5083 von
1713 5024 1901 5083 seinen
1946 5025 2307 5084 Abmiethern
2354 5026 2745 5084 einzuueiben.
2816 5027 2979 5082 Auch
3030 5026 3121 5082 die

305 5110 767 5184 vorhergehenden
801 5111 994 5168 Worte
1037 5110 1162 5168 sind
1213 5109 1448 5168 iiberaus
1492 5111 1726 5184 fliichtig
1771 5111 2129 5184 geschrieben
2170 5111 2281 5166 und
2332 5109 2475 5167 ohne
2518 5111 2627 5168 alle
2670 5112 3119 5184 Interpuuction3

310 5195 383 5252 fuir
407 5199 554 5252 Sum
591 5195 738 5252 steht
775 5214 924 5252 cuae.
1470 5247 1479 5252 -

451 5287 485 5337 4
521 5279 894 5338 Geschrieben
926 5277 1072 5334 steht
1101 5280 1538 5350 promissionem.

457 5371 488 5421 5
525 5363 900 5422 Gesehrieben
941 5362 1089 5420 steht
1119 5364 1278 5418 iaris.
