4038 6358
1372 638 1474 689 Dis
1507 636 1748 689 statuten
1781 648 1908 687 vom
1939 634 2109 687 Jahn
2152 634 2297 689 1445.
3134 636 3257 701 275

301 808 712 878 concludat
763 817 976 883 iuxta
1015 838 1250 883 vocum
1291 815 1746 903 pluralitatem.
1827 814 1919 881 Et
1973 816 2189 921 primo
2244 815 2655 902 praepositus
2709 818 3000 903 requirat
3044 839 3258 904 quem-

299 907 482 975 libet
529 916 1010 999 mag-istrum,
1053 915 1228 1001 quod
1271 914 1353 981 de
1396 913 1640 980 talibus
1682 914 1906 980 arduis
1937 913 2161 980 dicat
2141 934 2371 981 vocem
2412 936 2597 979 suam
2641 936 2760 1001 pro
2792 914 2962 981 bono
3005 915 3263 1002 collegii

305 1020 378 1075 et
425 1009 530 1075 ad
572 1011 874 1081 nullius
917 1014 1268 1101 singularis
1313 1036 1632 1100 personae
1673 1013 2233 1111 complacentiam.

498 1114 628 1177 23.
707 1112 904 1181 Item
919 1118 938 1157 ¹
981 1113 1252 1201 quilibet
1293 1112 1676 1198 collegiatus
1725 1121 1941 1200 potest
1983 1111 2190 1179 libere
2233 1110 2521 1199 quolibet
2558 1110 2775 1176 medio
2812 1134 2981 1179 anno
3023 1114 3263 1180 absens

309 1230 470 1273 esse
524 1232 578 1274 a
629 1211 947 1300 collegio
987 1234 1106 1299 per
1150 1236 1350 1279 unum
1393 1232 1712 1294 mensem3
1769 1211 1934 1277 alias
1979 1232 2050 1276 se
2090 1210 2303 1275 nullus
2350 1208 2699 1277 absentare
2752 1214 2993 1296 poterit
3046 1236 3087 1279 a
3140 1213 3263 1279 col·
3313 1224 3347 1279 ⁵

311 1306 504 1393 legio
557 1307 784 1377 ultra
829 1334 1118 1379 mensem
1163 1314 1304 1377 sine
1343 1310 1610 1376 licentia
1647 1309 1906 1395 88118311
1951 1308 2241 1395 speciali.
2322 1308 2412 1374 Et
2454 1311 2509 1373 si
2560 1309 2647 1374 811
2698 1310 2981 1375 medium
3024 1333 3265 1377 annum

313 1406 428 1471 vel
477 1406 700 1475 ultra
753 1411 1006 1478 absens
1043 1410 1182 1477 vult
1223 1410 1466 1477 habere
1505 1409 1856 1491 licentiam,
1897 1417 2152 1474 tenetur
2192 1407 2529 1473 absentiae
2566 1430 2829 1475 causam
2874 1432 3094 1477 coram
3138 1411 3265 1477 eol-

315 1504 512 1591 legio
559 1511 1008 1595 exprimere,
1065 1509 1420 1576 secundum
1477 1511 1658 1574 cuius
1713 1508 2246 1595 legitimationem
2290 1505 2630 1594 collegium
2677 1508 2862 1574 dabit
2903 1508 3029 1574 sibi
3071 1510 3269 1576 licen-

319 1606 504 1669 tiam
559 1610 968 1675 secundm
1009 1618 1266 1695 tempus
1307 1608 1581 1695 petitum
1609 1607 1714 1673 vel
1757 1608 2083 1673 rescisius.
2125 1605 2411 1671 Tenetur
2452 1616 2669 1671 tamen
2711 1606 2863 1673 talis
2904 1610 3001 1674 sic
3038 1620 3267 1699 petens

325 1704 720 1772 licentiam
777 1709 1106 1773 dimittere
1145 1718 1634 1794 procuratorem
1671 1706 1742 1770 in
1765 1704 2059 1791 collegio,
2100 1703 2513 1791 collegiatum
2554 1716 2963 1792 praesentem
3001 1722 3065 1774 et
3108 1722 3353 1777 onusto

335 1808 900 1891 procurationis
939 1806 1312 1873 huiusmodi
1355 1807 1425 1870 in
1467 1805 1839 1891 praesentia
1882 1801 2141 1889 collegii
2182 1813 2614 1869 assumentem
2662 1828 2804 1870 cum
2856 1806 3049 1893 pleno
3089 1828 3277 1878 man-

338 1901 510 1969 dato
559 1904 646 1967 in
699 1906 912 1971 factis
955 1903 1300 1991 collegium
1347 1901 1452 1991 [28
1467 1900 1518 1989 b]
1567 1902 2124 1986 concernentibus,
2178 1904 2291 1990 qui
2344 1902 2507 1968 sibi²
2546 1902 2873 1969 intimabit
2912 1907 3273 1974 intimanda

337 2022 470 2087 per
519 2002 912 2090 collegium
971 2013 1034 2068 et
1047 2052 1066 2087 ‚
1121 2005 1179 2068 si
1219 2026 1388 2090 opus
1441 2003 1667 2084 fuerit,
1726 2003 1946 2089 ipsum
1997 2023 2311 2067 revocare
2368 2000 2689 2089 disponat.
2774 2002 2968 2085 Quod
3022 2008 3078 2071 si
3132 2008 3271 2072 sine

343 2100 654 2167 licentia.
727 2103 906 2169 ultra
961 2124 1249 2169 mensem
1307 2104 1452 2190 quis
1511 2100 1747 2166 absens
1806 2101 2004 2166 fuerit
2056 2110 2123 2165 et
2176 2110 2665 2188 procuratorem
2718 2102 3088 2171 huiusmodi
3140 2128 3271 2172 non

347 2198 770 2287 reliquerit,
815 2212 1056 2267 extunc
1097 2202 1244 2288 ipso
1287 2201 1462 2267 facto
1503 2201 1588 2265 sit
1629 2199 1900 2285 collegio
1940 2200 2259 2286 privatus,
2302 2196 2481 2265 nulla
2520 2200 2651 2266 alia
2690 2203 3041 2269 monitione
3082 2218 3355 2293 prae-15

354 2297 694 2383 cedente,
753 2322 902 2365 cum
943 2308 1161 2365 tamen
1217 2299 1382 2367 alias
1433 2297 1824 2384 regulariter
1878 2296 2093 2363 nullus
2152 2299 2403 2385 privari
2460 2296 2695 2365 debeat
2743 2302 3093 2369 monitione
3144 2327 3275 2371 888

357 2401 794 2485 praemissa.
875 2398 948 2465 Si
1007 2420 1170 2464 vero
1221 2407 1624 2485 procurator,
1686 2419 1805 2483 per
1858 2397 2245 2481 magistrum
2290 2394 2627 2462 absentem
2674 2397 2999 2483 dimissus,
3056 2401 3273 2491 aliquo

367 2518 546 2585 casu
597 2518 686 2563 se
727 2496 1193 2580 absentaverit,
1248 2496 1376 2563 hoc
1415 2498 1484 2561 in
1521 2495 1697 2561 nullo
1739 2494 2195 2582 praeiudicare
2237 2493 2431 2560 debet
2483 2497 2797 2582 magistro
2839 2497 3115 2585 absenti,
3164 2505 3276 2590 qui

367 2614 530 2659 eum
581 2597 958 2679 constituit,
1003 2598 1158 2684 quin
1201 2598 1448 2661 moneri
1491 2594 1754 2678 debeat,
1791 2596 2169 2682 priusquam
2214 2595 2527 2681 privetur.

561 2700 685 2761 24.
748 2695 934 2778 Item,
985 2696 1044 2760 si
1097 2717 1288 2780 quem
1331 2693 1818 2778 collegiatorum
1873 2716 2019 2759 cum
2061 2714 2379 2759 consensu
2432 2693 2687 2779 collegii
2738 2697 3084 2783 contigerit
3134 2722 3277 2766 esse
3292 2708 3364 2767 20

375 2789 774 2876 absentem,
815 2804 971 2859 tunc
1015 2803 1286 2880 possunt
1327 2793 1628 2879 magistri
1671 2791 1753 2858 118
1797 2791 2071 2878 88118318
2104 2814 2293 2857 usum
2329 2792 2654 2859 fructuum
2694 2792 2983 2860 absentis
3019 2796 3281 2865 tradere

379 2888 600 2955 8118111
655 2894 978 2977 magistro
1029 2915 1114 2957 ex
1169 2892 1464 2979 collegio,
1523 2894 1590 2957 in
1645 2893 1830 2957 8111118
1883 2912 2375 2977 recompensam
2430 2891 2539 2956 hic
2592 2891 2972 2959 substitutus
3024 2905 3167 3015 oret
3216 2906 3283 2964 et

381 2986 672 3055 laboret
713 3012 836 3077 pro
883 3012 979 3072 eo,
1022 2989 1270 3059 scilicet
1314 2990 1590 3073 absenti,
1634 2989 1846 3056 11181118
1889 2988 2004 3055 diu
2046 3010 2247 3075 supra
2288 2990 2503 3055 dictis.

571 3094 686 3155 25.
744 3089 914 3155 Item
961 3089 1233 3175 8111311118
1287 3091 1476 3155 annis
1529 3088 1864 3176 perpetuis
1919 3098 2141 3174 tempo
2156 3084 2263 3174 [29
2275 3086 2527 3175 Ι“]1·18118
2580 3088 2852 3175 quilibet
2902 3064 3283 3179 collegiatus

394 3197 462 3252 et
505 3191 664 3254 eius
707 3189 1096 3256 substitutus
1143 3190 1212 3254 in
1255 3189 1484 3255 ordine
1541 3211 1656 3254 suo
1699 3190 1902 3254 faciat
1957 3207 2321 3252 sermonem
2373 3187 2638 3252 brevem
2686 3211 2892 3277 usque
2941 3190 3030 3256 ad
3082 3193 3277 3260 finem
3296 3195 3365 3262 2'5

397 3287 692 3354 secundi
731 3287 1026 3354 ferculi
1005 3311 1076 3352 18
1115 3287 1580 3355 festivitatibus
1623 3286 2081 3372 infrascriptis,
2138 3285 2443 3352 videlicet
2494 3287 2797 3373 paschae,
2860 3293 3280 3376 ascensionis,

399 3397 859 3472 pentecostes,
937 3389 1230 3474 corporis
1301 3386 1580 3468 Christi,
1660 3386 1968 3451 Iohannis
2041 3384 2397 3471 baptistae,
2474 3387 2937 3473 assumptionis
3007 3389 3281 3475 Mariae,

399 3485 706 3558 omnium
765 3495 1156 3568 sanctorum,
1213 3485 1574 3551 nativitatis
1622 3483 1888 3566 Christi,
1943 3483 2355 3571 epiphaniae,
2400 3484 2875 3570 purificationis
2914 3485 3169 3554 Mariae
3218 3499 3283 3556 et

406 3584 939 3650 annunciationis
989 3584 1314 3668 eiusdem3
1373 3594 1438 3650 et
1479 3585 1735 3666 totiens,
1793 3585 2091 3670 quotiens
2134 3587 2277 3670 quis
2330 3582 2400 3646 in
2440 3581 2667 3650 ordine
2709 3605 2829 3648 suo
2866 3605 2995 3650 11811
3036 3587 3281 3671 fecerit,

408 3680 636 3748 solvat
690 3684 1025 3769 magistris
1073 3683 1140 3747 in
1197 3705 1476 3770 poenam
1531 3682 2002 3769 propinamquo
2056 3689 2078 3746 1
2128 3698 2226 3766 95„
2282 3681 2529 3746 faciens
2583 3703 2739 3747 vero
2792 3681 3031 3748 habeat
3080 3707 3277 3750 unam
3296 3693 3370 3752 30·

411 3778 762 3848 dimidiam
803 3781 1066 3848 stubam
1105 3782 1474 3848 cerevisiae·
1491 3780 1574 3846 de
1601 3779 1894 3866 collegio.
1937 3779 2028 3843 Et
2055 3781 2468 3866 praepositus
2498 3802 2859 3846 sermonem
2902 3784 2999 3848 sic
3038 3783 3281 3850 factum

414 3879 540 3944 sub
585 3882 896 3967 expensis
939 3879 1195 3967 collegii
1237 3879 1514 3947 rescribi
1555 3880 1756 3944 faciat
1793 3880 1863 3943 in
1900 3877 2141 3944 librum
2188 3877 2274 3942 ad
2317 3876 2438 3942 hoc
2480 3878 2877 3966 deputatum.

589 3984 689 4046 26.
751 3979 918 4045 Item
983 3980 1197 4045 senior
1262 3977 1608 4066 presbyter
1665 3976 1749 4040 de
1815 3975 2029 4042 Slesia
2094 3975 2477 4062 collegiatus
2542 3975 2783 4044 habeat
2844 3979 3152 4069 reliquias
3216 3985 3285 4052 in

419 4097 634 4160 parva
685 4079 1138 4146 monstrantia.
1222 4076 1537 4142 Similiter
1583 4084 1648 4140 et
1703 4073 1990 4157 calicem,
2048 4074 2359 4162 quamdiu
2418 4073 2793 4161 collegiatus
2838 4084 3287 4164 permanserit,

421 4183 486 4238 et
526 4185 678 4262 post
717 4198 862 4242 eum
913 4178 1147 4242 iterum
1204 4177 1422 4242 senior
1475 4174 1556 4240 de
1615 4173 1841 4240 eadem
1886 4175 2230 4261 provincia
2274 4176 2579 4257 existens,
2633 4177 2743 4261 qui
2786 4177 2855 4241 in
2894 4177 3025 4246 fine
3072 4181 3281 4247 euius-
3300 4191 3368 4248 ³5

421 4270 584 4338 libet
647 4275 1146 4361 praepositurae
1207 4283 1465 4340 tenetur
1527 4272 1898 4361 praedictas
1964 4293 2071 4337 res
2131 4270 2233 4358 [29
2248 4268 2301 4358 b]
2366 4274 2738 4360 praeposito
2803 4284 2867 4340 et
2926 4276 3285 4365 collegiatis

427 4371 703 4458 singulis
745 4374 1088 4440 ostendere
1131 4383 1198 4439 et
1238 4383 1677 4461 praesentare,
1721 4371 1843 4438 sub
1890 4393 2107 4458 poena
2148 4373 2534 4458 privationis
2577 4374 2947 4440 earundem.

587 4475 688 4538 27.
751 4471 916 4540 Item
972 4471 1247 4560 quilibet
1305 4471 1703 4557 collegiatus,
1749 4470 1836 4536 ad
1881 4469 2148 4558 aliquod
2189 4470 2435 4536 factum
2478 4469 2733 4557 collegii
2777 4471 3123 4560 deputatus
3167 4497 3287 4562 per

427 4569 788 4656 collegium,
831 4580 1085 4637 tenetur
1126 4570 1249 4636 hoc
1289 4591 1620 4637 assumere
1661 4570 1780 4635 sub
1821 4591 2035 4657 poena
2075 4570 2269 4636 unius
2308 4569 2555 4653 florini3
2600 4569 2795 4635 debet
2833 4582 3051 4638 tamen
3096 4573 3287 4639 colle-

427 4671 604 4756 gium
646 4671 716 4736 in
755 4669 873 4736 tali
915 4670 1336 4758 deputatione
1377 4691 1640 4736 servare
1683 4667 2161 4754 aequalitatem,
2204 4669 2274 4733 in
2312 4679 2624 4756 quantum
2666 4679 2894 4756 potest.
3302 4685 3373 4741 40

599 4956 622 5006 1
663 4950 865 5006 Dieser
897 4949 1109 5005 Absatz
1162 4949 1248 5006 bis
1293 4968 1366 5006 zu
1409 4951 1518 5008 den
1551 4950 1788 5006 Worten
1835 4948 2137 5006 monitione
2178 4965 2290 5002 non
2330 4948 2642 5018 prmissa
2690 4946 2865 5004 findet
2898 4949 3019 5006 sich
3052 4953 3197 5008 auch
3230 4955 3291 5009 in

431 5031 524 5088 der
555 5033 832 5090 Urkunde
871 5050 978 5088 von
1021 5039 1182 5106 14653
1233 5052 1340 5090 nur
1385 5034 1570 5090 fehlen
1617 5030 1794 5086 durch
1837 5031 2079 5108 Abirren
2120 5031 2217 5087 des
2256 5030 2449 5103 Auges
2495 5049 2604 5088 von
2637 5033 2832 5104 fuer-it
2873 5052 2944 5090 zu
2975 5038 3165 5107 ficet-it
3201 5038 3293 5114 die

431 5115 650 5172 Worte:
685 5117 866 5187 ipsum
900 5135 1160 5173 revocare
1195 5118 1280 5174 bis
1315 5117 1507 5174 absens
1527 5117 1732 5187 fuerit.

598 5207 630 5256 2
665 5199 872 5256 Hieflir
905 5201 1052 5256 steht
1083 5202 1144 5258 in
1175 5201 1272 5258 der
1286 5199 1580 5257 Abschrifl:
1601 5217 1728 5255 vom
1752 5197 1926 5255 J'ahre
1944 5205 2072 5258 1540
2096 5199 2215 5254 eine
2240 5197 2605 5268 Abkiirzung,
2641 5197 2730 5254 die
2764 5206 2921 5256 sonst
2952 5201 3045 5260 fiir
3082 5207 3291 5260 scilic-et

433 5284 714 5340 vermdt
749 5301 822 5339 au
855 5284 1074 5340 werden
1111 5285 1314 5358 pflegt3
1347 5285 1442 5342 die
1473 5285 1745 5342 Urkunde
1779 5301 1888 5338 von
1927 5287 2056 5338 1465
2094 5281 2227 5338 aber
2261 5281 2361 5336 hat
2394 5279 2641 5337 deutlich
2674 5283 2788 5336 sibi

2838 5378 2955 5442 18·
