4038 6358
1189 615 1360 668 Dritte
1395 614 1926 679 summes-otios,
1958 629 2069 666 von
2109 611 2492 668 nub-149⁰.
3141 609 3263 676 395

249 789 478 878 quod
547 793 932 866 scola-res
985 797 1329 886 diligenter
1385 799 1836 868 examinentur
1889 806 1954 864 et
2003 797 2384 879 audiantur,
2448 804 2518 860 ut
2569 815 2791 860 eorum
2839 791 3261 879 ignoraneiae

257 903 856 962 succurratur.
926 898 1002 964 Si
1043 909 1258 965 autem
1299 921 1630 964 resumens
1671 897 1946 966 voluerit
1985 896 2231 984 aliquid
2270 895 2763 985 pronuncciare,
2806 901 2880 958 ut
2918 914 2961 958 a
3000 889 3263 958 scolari-

253 987 410 1056 bus
465 997 862 1062 materia
899 997 1235 1083 habeatur,
1292 999 1493 1065 faciat
1533 999 1659 1064 hoc
1699 1019 1832 1063 una
1870 996 1995 1078 die,
2038 996 2332 1084 sequenti
2372 1017 2529 1059 vero
2570 989 3097 1070 reexaminando,
3136 986 3258 1054 sub

265 1111 540 1176 poena.
597 1096 1070 1180 privacionis
1121 1107 1348 1185 pastus
1389 1096 1681 1164 eiusdem
1730 1097 2199 1184 resumpcionis
2256 1105 2321 1161 et
2372 1093 2814 1181 suspensionis
2865 1090 2951 1156 ab
3010 1088 3263 1154 actibus

269 1189 752 1262 scolasticis
813 1207 884 1266 et
927 1195 1374 1266 emolumentis
1412 1197 1740 1264 facultatis
1785 1196 1871 1263 ad
1911 1218 2113 1262 unum
2158 1217 2420 1262 annum.
2484 1193 2577 1260 Et
2618 1192 2905 1257 decanus
2946 1211 3077 1254 una
3114 1209 3258 1253 cum
3310 1195 3344 1252 5

273 1293 876 1365 executoribus
941 1298 1028 1364 sit
1090 1299 1396 1366 astrictus
1463 1297 1550 1365 ad
1613 1295 2008 1364 visitandum
2080 1303 2481 1360 resumentes
2542 1293 2711 1363 sicut
2774 1296 3149 1356 exercentes
3200 1295 3265 1352 et

277 1389 654 1478 legentes
675 1443 704 1478 ‚
777 1418 874 1462 ne
913 1397 1142 1484 pocius
1189 1398 1813 1486 pronuncciaciones
1857 1417 2053 1486 quam
2096 1395 2581 1484 resumpciones
2629 1391 2947 1474 dicantur,
3005 1387 3261 1456 statutis

277 1492 544 1558 eciam
601 1492 947 1584 desuper
989 1497 1298 1564 confectis
1339 1497 1560 1566 salvis.

504 1831 708 1892 Nun
767 1835 1006 1914 lte-finnt
1047 1836 1268 1898 wieder
1307 1835 1404 1897 die
1447 1845 1604 1896 erate
1644 1837 1868 1896 Hand.-

373 1995 474 2078 ν,
533 1999 660 2064 19.
719 1995 858 2086 [ΒΙ.
897 1996 1002 2088 9¹⁵]
1046 2018 1140 2068 nn
1185 2017 1416 2068 cosm
1457 2017 1918 2068 ossnnvnma
1959 2018 2052 2066 nr
2094 2013 2517 2066 numm-rs
2558 2015 2651 2064 nr
2691 2009 3203 2064 msrurscloim
3284 2001 3347 2057 10

1669 2117 2029 2168 snsornu.

1617 2246 1668 2286 a.
1705 2231 1804 2288 De
1838 2247 2072 2288 coena.

517 2347 740 2414 Item
779 2349 850 2414 in
890 2347 1068 2416 nullo
1111 2347 1528 2436 collegiorum
1587 2359 1702 2415 aut
1743 2349 2091 2416 bursarum
2134 2371 2337 2416 coena
2391 2347 2535 2413 fieri
2586 2346 2779 2413 debet
2819 2354 2931 2412 aut
2972 2345 3058 2411 ad
3115 2367 3261 2410 eam

335 2445 636 2534 pulsari
707 2458 866 2514 ante
916 2448 1146 2514 horam
1203 2451 1512 2536 quintam,
1567 2448 1687 2515 sub
1747 2472 1958 2539 poena
2009 2459 2287 2536 quatuor
2346 2468 2744 2536 grossorum,
2801 2447 3048 2511 tociens
3105 2466 3261 2532 quo-

347 2548 552 2615 ciens
621 2570 674 2614 a.
737 2547 986 2614 decano
1042 2547 1372 2615 facultatis
1419 2550 1668 2616 arcium
1725 2547 2339 2638 extorquendorum,
2395 2555 2665 2636 propter
2706 2546 2973 2612 nimiam
3016 2553 3344 2632 vagan-15

343 2647 536 2712 ciam
584 2647 812 2714 nimis
857 2648 1052 2736 longo
1093 2657 1384 2735 tempore
1425 2656 1577 2738 post
1617 2671 1885 2715 coenam
1927 2647 2281 2714 vitandam.

1521 2813 1590 2885 b„
1618 2814 1715 2870 De
1749 2813 2155 2870 latinitate.

545 2930 742 2996 Item
798 2930 1064 3020 placuit,
1118 2939 1191 2996 ut
1243 2931 1465 2996 stricte
1510 2941 1804 2997 servetur
1846 2932 2145 2998 continue
2200 2929 2489 3002 latinitas
2542 2933 2611 2998 in
2666 2931 2883 2998 bursis
2937 2953 3057 3018 per
3114 2953 3261 2996 con-

362 3039 732 3112 ventores,
781 3040 916 3096 tam
961 3052 1087 3119 quo
1131 3029 1218 3095 ad
1272 3029 1677 3096 baccalarios
1721 3052 1914 3116 quam
1965 3052 2092 3116 quo
2148 3030 2234 3098 ad
2294 3031 2642 3120 simplices,
2700 3033 2885 3096 iuxta
2928 3031 3261 3116 antiquum

373 3129 782 3197 conclusum
823 3129 1103 3219 desuper
1132 3130 1494 3197 confectum
1535 3131 1606 3196 in
1639 3129 1960 3197 decanatu
1990 3132 2290 3219 magistri
2317 3131 2679 3199 Hermanni
2703 3129 3005 3199 Wolkow
3034 3135 3347 3209 (1427220

371 3252 438 3293 u„
489 3234 672 3298 1435
689 3235 764 3314 ⁸),
809 3232 991 3295 cuius
1035 3239 1222 3295 tenor
1265 3238 1362 3295 est
1403 3231 1556 3295 iste:
1582 3232 1602 3272 ¹

555 3329 742 3394 Item
800 3327 974 3417 quod
1029 3338 1455 3396 conventores
1499 3330 2010 3397 conswetudines
2064 3329 2447 3413 laudabiles,
2502 3352 2667 3418 quae
2721 3352 2841 3417 pro
2884 3329 3161 3394 utilitate
3200 3338 3265 3395 et

381 3426 750 3495 honestate
787 3428 1140 3495 bursarum
1177 3428 1586 3495 introductae
1630 3440 1808 3514 sunt,
1865 3431 2112 3497 faciant
2161 3429 2532 3513 observari;
2587 3440 2651 3495 et
2692 3427 2864 3518 quod
2903 3416 2974 3494 in
3015 3437 3264 3494 aestate

386 3537 541 3613 post
587 3550 868 3594 coenam
909 3526 1078 3593 sicut
1119 3529 1189 3592 in
1225 3528 1460 3613 hyeme
1499 3532 1891 3597 exercicium
1934 3532 2003 3595 in
2048 3527 2557 3617 sophismatibus
2581 3528 2836 3595 Alberti
2857 3528 2961 3593 vel
3004 3530 3070 3593 in
3112 3528 3260 3595 aliis

388 3624 477 3691 ad
519 3630 748 3693 minus
791 3626 878 3693 ad
915 3648 1116 3697 unam
1154 3627 1386 3695 horam
1427 3627 1776 3713 habeatur-3
1819 3639 1883 3695 et
1923 3629 2195 3695 latinum
2232 3630 2303 3693 in
2340 3627 2556 3695 bursis
2590 3628 2888 3697 continue
2932 3625 3051 3693 sub
3085 3637 3263 3694 certa
3277 3637 3342 3695 25

393 3746 616 3811 poena
661 3728 1057 3815 proferatur,
1113 3735 1178 3793 et
1218 3729 1519 3815 pecunia,
1575 3750 1741 3817 quae
1785 3752 1826 3793 a
1862 3727 2237 3794 bursalibus
2281 3726 2362 3794 de
2405 3728 2635 3816 poenis
2679 3726 3023 3813 colligitur,
3068 3726 3262 3795 cedat

397 3824 650 3893 eisdem
696 3849 819 3915 pro
861 3826 1122 3911 solatio;
1167 3834 1384 3915 potest
1410 3837 1627 3892 tamen
1661 3813 1988 3917 'quaedam
2031 3828 2277 3915 porcio,
2318 3835 2391 3893 ut
2416 3827 2627 3892 tercia
2653 3848 2810 3914 pars
2847 3836 2961 3893 aut
3003 3837 3256 3915 quarta,

398 3945 519 4010 pro
559 3925 953 3993 utensilibus
998 3927 1316 4017 coquinae
1357 3927 1700 3992 reservari.

1306 4096 1405 4159 20.
1451 4110 1546 4158 m:
1589 4110 1812 4160 suasa
1855 4110 2364 4161 comm-oms.

564 4226 733 4295 Item
789 4224 1066 4315 placuit,
1123 4225 1324 4313 quod,
1383 4227 1896 4315 quandocunque
1949 4235 2099 4292 sunt
2141 4225 2365 4293 decem
2404 4227 2695 4315 integrae
2738 4226 2977 4293 bursae
3020 4252 3257 4317 ponen-
3276 4238 3345 4295 30

411 4324 576 4391 cium
605 4325 714 4391 vel
756 4324 949 4410 ultra,
998 4324 1175 4415 quod
1215 4334 1369 4391 tunc
1411 4327 1788 4393 conventori
1828 4324 2018 4391 cedat
2058 4348 2189 4392 una
2227 4325 2430 4393 bursa
2465 4328 2727 4414 integra
2766 4336 2831 4392 et
2869 4350 3034 4393 unus
3080 4351 3260 4414 gros-

413 4445 515 4490 sus
555 4448 769 4493 novus
811 4448 934 4517 pro
975 4424 1288 4515 panibus3
1335 4426 1390 4491 si
1431 4448 1588 4494 vero
1631 4426 1870 4491 fuerint
1908 4426 2082 4491 infra
2120 4425 2362 4510 decem,
2404 4437 2561 4492 tunc
2600 4436 2952 4493 conventor
2991 4429 3265 4515 recipiat

413 4520 748 4593 dimidiam
790 4524 1057 4593 bursam
1099 4534 1350 4595 tantum
1393 4548 1538 4593 cum
1581 4549 1710 4593 uno
1751 4547 1983 4613 grosso
2028 4549 2197 4593 novo
2239 4549 2360 4615 pro
2403 4524 2701 4614 panibus.

1459 4698 1558 4761 21.
1603 4710 1698 4758 nn
1740 4708 2217 4759 PAEDAGOGIO.

568 4824 734 4893 Item
777 4824 1041 4917 placuit,
1085 4833 1159 4891 ut
1199 4826 1380 4913 rigor
1423 4824 1801 4892 scolasticus
1842 4834 2139 4889 servetur
2180 4824 2250 4889 in
2289 4824 2701 4917 paedagogio
2734 4806 2797 4893 et
2833 4827 3009 4916 quod
3053 4840 3257 4896 recto·
3275 4840 3343 4897 35

419 4944 512 4991 res
569 4922 854 4993 eiusdem
917 4947 1066 4991 cum
1123 4922 1476 5013 diligencia
1531 4934 1715 4990 actus
1773 4922 2016 4991 ibidem
2082 4926 2465 5013 respiciant3
2534 4927 2738 4993 eciam
2793 4927 2970 5013 quod
3024 4927 3260 5018 aliquis

423 5042 632 5093 eorum
673 5027 744 5093 in
784 5047 1070 5113 persona
1107 5026 1382 5113 propria
1423 5022 1666 5091 habeat
1702 5046 1900 5091 unum
1943 5032 2181 5107 actum,
2234 5025 2363 5089 nisi
2404 5023 2714 5091 absencia
2762 5024 2893 5093 loci
2932 5036 3048 5093 aut
3086 5028 3262 5095 infir-

579 5296 603 5347 1
641 5291 840 5349 Die-or
873 5289 1172 5349 Bmhluss
1205 5287 1279 5347 ist
1315 5287 1376 5345 in
1408 5286 1520 5343 den
1551 5284 1704 5343 alten
1738 5284 2000 5349 statutas
2032 5288 2192 5353 nicht
2221 5288 2640 5365 mugen-agen
2677 5288 2913 5349 worden.
