4038 6358
1379 650 1486 688 von
1522 636 1736 701 Herzog
1767 636 1959 689 Morit-
1995 638 2252 703 bestiast.
3092 640 3174 706 79

1573 823 1789 887 capu
1825 820 1923 873 111.

1159 971 1253 1018 DE
1297 969 1634 1019 RECTORIS
1672 970 1842 1019 NOVI
1881 970 2436 1021 DECLAMTIONE.

457 1084 836 1153 Rectorem
859 1087 1137 1175 quinque
1158 1086 1273 1170 illi,
1316 1096 1387 1152 ut
1410 1085 1654 1152 dictum
1677 1096 1795 1170 est,
1838 1110 1984 1152 cum
2013 1089 2395 1170 creaverint,
2420 1086 2711 1173 deligant
2730 1110 2927 1153 unum
2949 1111 3032 1154 ex
3055 1112 3168 1156 suo

292 1208 597 1271 numere,
654 1188 774 1275 qui
816 1185 1071 1274 publice
1116 1185 1403 1252 declaret
1448 1195 1736 1252 creatum
1782 1190 1915 1281 suis
1958 1188 2285 1274 suffragiis
2327 1196 2662 1252 rectorem.
2725 1186 2855 1268 Qui
2897 1190 2952 1253 si
2975 1210 3164 1276 prae-

294 1308 443 1353 sens
488 1287 676 1353 forte
723 1310 854 1353 non
892 1287 1102 1369 fuerit,
1146 1285 1394 1352 dabunt
1437 1309 1703 1374 operam
1746 1288 2026 1376 quinque
2040 1286 2168 1371 ffli,
2215 1288 2325 1375 qui
2352 1288 2640 1370 fecerint,
2683 1296 2755 1352 ut
2776 1288 3164 1354 conveniant
3184 1298 3216 1353 5

295 1410 440 1451 eum
485 1396 558 1452 et
601 1386 696 1452 de
741 1389 1127 1474 magistratu
1168 1387 1296 1473 ipsi
1340 1384 1731 1451 demandato
1777 1388 2116 1453 certiorem
2162 1386 2445 1453 reddant
2483 1396 2546 1452 et
2590 1389 2727 1453 eius
2766 1387 3165 1453 voluntatem

295 1498 739 1574 cognoscant.
824 1487 953 1570 Qui
993 1489 1088 1552 ita
1127 1488 1338 1553 factus
1390 1486 1618 1570 fuerit,
1681 1487 1740 1551 ei
1792 1508 2096 1553 recusare
2147 1489 2598 1574 magistratum
2654 1510 2785 1553 non
2835 1487 3005 1555 licet.
3090 1488 3162 1553 si

295 1588 549 1672 fecerit,
592 1588 915 1654 mulctam
959 1586 1191 1654 solvito
1235 1586 1624 1652 florenorum
1662 1588 1951 1673 triginta,
1998 1588 2126 1652 nisi
2168 1589 2300 1652 iam
2341 1597 2534 1652 antea
2572 1597 2791 1653 rector
2830 1590 2975 1676 ipse
3014 1590 3164 1673 (sua

295 1710 424 1753 non
465 1687 758 1754 alterius
795 1686 967 1771 vice)
1006 1688 1200 1753 fuerit
1242 1696 1352 1752 aut
1391 1685 1553 1751 alias
1596 1709 1869 1773 magnas
1925 1695 1990 1752 et
2032 1709 2270 1774 graves
2331 1689 2758 1753 recusationis
2813 1711 3044 1754 causas
3099 1710 3168 1752 se

297 1788 473 1853 bona
517 1787 666 1853 fide
711 1789 953 1855 habere
995 1787 1434 1853 affirmaverit.
1523 1784 1710 1867 Quae
1753 1788 1810 1851 si
1851 1787 2061 1852 iustae
2099 1788 2338 1852 fuerint
2382 1789 2620 1853 rectori
2672 1798 2739 1853 et
2779 1788 3165 1855 consiliariis
3187 1796 3250 1852 10

297 1889 512 1975 ipsius
561 1887 874 1976 pluribus
916 1890 1118 1975 visae,
1164 1893 1303 1953 sine
1345 1887 1583 1953 mulcta
1624 1886 1735 1952 ille
1778 1887 2140 1952 dimittatur
2183 1896 2248 1952 et
2288 1887 2514 1953 ordine
2551 1910 2629 1954 ac
2655 1889 2906 1955 ratione
2928 1887 3166 1971 debita,

303 1991 741 2075 congregatis
780 2013 1005 2055 rursus
1047 1990 1117 2054 in
1155 2010 1353 2053 unum
1393 1986 1783 2070 nationibus,
1827 1985 1910 2051 de
1949 1988 2204 2073 integro
2248 1986 2454 2053 altera
2495 1987 2723 2054 electio
2767 1991 3162 2078 suscipiatur

305 2097 366 2153 et
405 2102 804 2176 peragatur.
885 2087 1135 2155 Eodem
1176 2098 1425 2171 autem,
1484 2109 1610 2174 quo
1651 2089 1924 2175 quisque
1975 2087 2186 2153 factus
2228 2086 2450 2173 fuerit,
2510 2089 2962 2174 magistratum
3013 2099 3162 2154 ante

303 2186 458 2253 solis
499 2211 820 2255 occasum
865 2184 970 2253 die
1012 2189 1311 2275 accipere
1354 2185 1640 2252 debebit.
1694 2186 1919 2275 Neque
1961 2189 2029 2252 in
2068 2187 2430 2254 recusando
2478 2188 2753 2255 ullorum
2793 2189 3163 2277 privilegio-

305 2311 448 2353 rum
494 2298 860 2377 praetextu
902 2289 1243 2377 quisquam
1277 2291 1293 2332 ¹
1337 2285 1800 2354 sublevabitur.
3189 2298 3252 2354 15

1660 2486 1873 2553 Caput
1903 2488 1997 2542 IV.

386 2642 482 2689 DE
533 2641 994 2692 LAUDATIONE
1037 2640 1379 2690 RECTORIS
1419 2641 1511 2688 ET
1557 2640 1738 2702 QUAE
1780 2641 1922 2689 ILLI
1966 2640 2180 2688 TRADI
2223 2638 2705 2701 comn'rTlQUE
2750 2641 3085 2691 SOLEANT.

477 2758 763 2842 Rector‚
818 2759 928 2846 qui
979 2758 1075 2823 ita
1129 2767 1204 2822 ut
1257 2757 1500 2822 dictum
1560 2765 1661 2820 est
1703 2764 1959 2820 creatus
1997 2758 2193 2821 fuerit
2231 2767 2296 2822 et
2328 2759 2781 2843 magistratum
2824 2760 3168 2846 acceperit,

316 2859 485 2923 intra
525 2880 822 2925 mensem
866 2857 972 2924 die
1010 2858 1226 2946 aliquo
1267 2858 1498 2922 festivo
1518 2857 1545 2897 ²
1589 2855 1848 2942 publice
1872 2856 1998 2919 viri
2021 2857 2193 2922 docti
2217 2867 2280 2922 et
2305 2856 2599 2922 honorati
2627 2860 2920 2923 oratione
2945 2858 3166 2924 lauda-

317 2957 488 3023 bitur
545 2970 749 3045 atque
803 2961 897 3023 ita
938 2956 1174 3023 deinde
1214 2955 1508 3021 tradetur
1551 2956 1644 3019 illi
1690 2978 1808 3042 per
1846 2964 2165 3021 rectorem
2211 2958 2448 3043 prioris
2493 2959 2821 3023 semestris
2877 2957 3159 3044 sigillum
3181 2968 3249 3024 20

319 3068 684 3126 rectoratus
729 3081 874 3124 cum
914 3057 1081 3123 libro
1125 3066 1505 3122 statutorum
1547 3056 1987 3121 universitatis
2036 3055 2475 3122 scholasticae.
2568 3056 2720 3144 Ipse
2779 3068 2913 3123 tum
2971 3061 3165 3124 iusiu-

319 3157 594 3225 randum
641 3158 825 3225 dabit
864 3160 932 3224 in
971 3157 1133 3223 haec
1169 3155 1393 3223 verba.

1589 3359 1796 3423 Caput
1837 3359 1904 3412 V.

1197 3507 1674 3557 IUSIURANDUM
1711 3509 1882 3558 NOVI
1919 3507 2281 3558 HECTORIS.

320 3626 571 3693 Iurabit
616 3647 826 3693 novus
868 3634 1113 3690 rector:
2110 3631 2117 3636 ’
3173 3638 3240 3695 25

479 3728 727 3812 Primo,
769 3748 839 3791 se
881 3725 1070 3791 huius
1114 3726 1405 3812 corporis
1446 3726 1887 3792 universitatis
1930 3724 2359 3792 scholasticae
2400 3725 2759 3792 membrum
2798 3747 2960 3793 esse.

480 3826 808 3910 Secundo,
850 3824 1025 3911 quod
1068 3847 1190 3913 pro
1228 3825 1404 3892 civili
1447 3835 1634 3912 parte
1676 3849 1795 3892 sua
1836 3826 2178 3892 commoda
2231 3836 2296 3892 et
2345 3828 2743 3893 incrementa
2797 3829 3155 3894 studiorum

332 3936 392 3992 et
427 3928 876 3994 universitatis
919 3925 1340 3992 scholasticae
1382 3948 1735 4013 procurare
1776 3925 1932 3993 velit
1945 3974 1964 4010 ,
2007 3930 2077 3991 in
2119 3949 2246 4014 quo
2286 3936 2502 3992 tamen
2546 3925 2709 3992 levis
2750 3929 3158 4015 ignorantiae

327 4025 413 4092 illi
454 4028 657 4114 culpa
696 4026 872 4092 nullo
912 4026 1105 4091 modo
1147 4025 1590 4118 imputabitur.

478 4128 712 4194 Tertio
726 4176 746 4208 ,
804 4149 875 4192 se
930 4125 1302 4191 academiae
1361 4135 1427 4191 et
1483 4128 1768 4192 omnium
1828 4124 2083 4190 aedium
2132 4123 2669 4192 scholasticarum
2720 4137 2785 4192 et
2838 4129 3244 4215 imprimis30

329 4229 470 4293 novi
528 4225 788 4314 collegii
827 4225 1085 4291 Paulini
1137 4225 1484 4313 privilegia
1523 4247 1602 4290 ac
1639 4224 2038 4307 libertatem,
2075 4223 2491 4291 illustrissimi
2536 4229 2854 4315 principis
2894 4230 3154 4293 nomine

330 4348 400 4391 ac
438 4328 850 4415 protectione
889 4326 1144 4411 fretum,
1186 4325 1482 4410 fideliter,
1528 4324 1832 4408 studiose,
1876 4323 2101 4390 sedulo
2145 4337 2673 4392 conservaturum
2717 4338 2910 4416 atque
2939 4327 3153 4394 defen-

331 4445 540 4494 surum
551 4478 571 4513 ‚
629 4449 881 4492 necnon
924 4435 1164 4492 statuta
1205 4436 1270 4493 et
1306 4428 1437 4492 iam
1483 4426 1744 4492 condita
1795 4436 1860 4492 et
1900 4427 1956 4493 si
1994 4447 2124 4514 qua
2163 4426 2439 4514 posthac
2478 4426 2760 4514 legitime
2801 4427 3153 4494 condentur

330 4537 754 4612 servaturum,
793 4527 1072 4614 itemque
1110 4547 1373 4614 operam
1415 4525 1809 4613 diligentem,
1851 4536 1921 4592 ut
1958 4527 2044 4592 ab
2086 4526 2232 4592 aliis
2273 4548 2526 4615 quoque
2566 4537 2922 4613 serventur,
2966 4527 3148 4594 datu·

334 4647 459 4694 rum
500 4650 662 4694 esse.
3166 4637 3235 4694 35

485 4728 760 4812 Quarto,
804 4749 874 4792 se
910 4725 1148 4792 nullius
1188 4748 1422 4792 nomen
1462 4729 1631 4793 inter
1658 4725 1952 4792 subditos
1977 4727 2385 4792 universitati
2413 4726 2837 4794 scholasticae
2859 4738 3151 4818 receptu·

336 4849 456 4896 mm
471 4880 494 4916 ‚
555 4830 684 4894 nisi
738 4827 848 4917 qui
914 4825 995 4892 de
1059 4849 1236 4892 more
1291 4827 1640 4893 secundum
1697 4825 2025 4913 publicam
2091 4823 2615 4892 constitutionem
2678 4839 3151 4896 sacramentum

335 4927 573 4996 dixerit.

483 5027 748 5111 Quinte,
791 5023 964 5116 quod
1000 5035 1136 5092 toto
1176 5037 1467 5114 tempore
1507 5027 1926 5113 magistratus
1967 5027 2069 5091 sui
2128 5027 2471 5114 pecuniam
2521 5050 2773 5094 omnem
2827 5029 3154 5117 publicam

534 5247 557 5296 1
601 5242 780 5313 Vogel
813 5240 1054 5296 schreibt
1081 5249 1398 5312 praetatus
1430 5242 1669 5311 quisque.

528 5332 558 5382 2
579 5331 741 5396 sesto
777 5325 953 5396 Vogel
