4038 6358
888 630 1009 698 334
1868 629 1971 683 Die
2016 624 2455 698 philosophialis
2492 625 2747 683 Facultat.

886 834 1032 878 rum
1081 834 1200 900 per
1255 810 1572 878 decanum
1615 811 1961 878 facultatis.
2038 811 2147 878 Ad
2188 835 2351 901 quas
2395 812 2677 879 decanus
2717 822 2781 879 et
2824 812 3302 879 examinatores
3338 809 3754 896 transibunt,

887 921 951 977 et
1000 910 1224 978 volens
1278 910 1557 998 aliquem
1614 910 1956 977 admittere
2010 921 2210 997 ponat
2262 913 2402 977 sine
2453 911 2602 979 dolo
2656 921 2722 978 et
2773 912 3003 977 fraude
3057 913 3272 1000 pisum
3327 910 3428 978 ad
3489 912 3754 978 mitram

888 1012 1116 1099 ipsius,
1169 1009 1396 1076 volens
1447 1021 1660 1076 autem
1702 1013 1949 1076 reicere
2004 1018 2206 1097 ponat
2258 1011 2483 1077 eodem
2526 1009 2718 1078 modo
2759 1009 3084 1099 lapillum3
3144 1034 3274 1100 qua
3310 1012 3754 1099 imposicione

888 1132 1010 1198 pro
1065 1108 1364 1176 omnibus
1419 1131 1621 1198 usque
1675 1110 1760 1175 ad
1818 1109 2011 1175 finem
2067 1108 2408 1197 completa,
2461 1110 2580 1176 fiat
2624 1111 3005 1177 scrutinium
3055 1112 3402 1176 mitrarum
3447 1111 3527 1174 in
3569 1131 3754 1198 prae·

806 1220 840 1275 ⁵
893 1211 1100 1278 sentia
1144 1208 1374 1275 decani
1417 1217 1480 1275 et
1531 1210 2046 1274 examinatorum
2089 1210 2394 1292 omnium,
2448 1208 2810 1277 inchoando
2855 1233 2897 1275 a
2937 1211 3283 1298 principio.
3367 1208 3473 1275 Et
3522 1210 3583 1275 si
3624 1211 3748 1275 tria

888 1311 1037 1397 pisa
1075 1309 1146 1374 in
1179 1308 1372 1374 mitra
1415 1307 1684 1374 alicuius
1726 1307 2152 1396 promovendi
2195 1307 2280 1373 ad
2321 1308 2531 1374 minus
2585 1311 2851 1375 inventa
2903 1309 3160 1392 fuerint,
3220 1310 3308 1374 sit
3372 1307 3749 1394 admissus3

890 1410 946 1475 si
988 1417 1202 1474 autem
1243 1417 1375 1473 tres
1417 1406 1623 1494 lapilli
1665 1407 1751 1473 ad
1790 1408 2001 1472 minus
2045 1406 2138 1473 ibi
2178 1409 2424 1474 inventi
2463 1409 2723 1492 fuerint,
2768 1410 2853 1474 sit
2892 1411 3190 1493 reiectus,
3234 1408 3503 1497 absque
3537 1407 3749 1496 aliqua

884 1507 1178 1574 ulteriori
1238 1506 1450 1573 vocali
1508 1507 1903 1573 induccione.
1984 1506 2074 1572 Et
2135 1506 2345 1572 nullus
2409 1509 2869 1597 magistrorum
2929 1508 3049 1576 sub
3113 1530 3234 1576 sua
3298 1508 3744 1592 consciencia,

907 1606 1063 1695 quid
1103 1607 1500 1697 imposuerit,
1544 1605 1738 1672 debet
1778 1604 1971 1670 alicui
2012 1605 2359 1672 revelare.¹

813 1817 874 1873 ιο
1081 1813 1178 1874 47.
1239 1824 1334 1872 DE
1377 1822 1963 1873 unsronslomnns
2005 1821 2248 1872 cnn'rls
2287 1824 2424 1872 rna
2467 1824 2802 1873 naemu
2842 1824 3339 1876 Pnouovmmls
3383 1825 3546 1876 non

2074 1922 2540 1972 Assmnmnm.

1050 2055 1216 2121 Item
1257 2054 1537 2120 decanus
1582 2056 1701 2120 sub
1745 2078 1955 2143 poena
1993 2056 2263 2143 periurii
2304 2055 2461 2121 nulli
2503 2056 2944 2143 promovendo
2977 2078 3097 2144 per
3131 2078 3202 2122 se
3223 2056 3333 2124 vel
3379 2079 3512 2146 per
3548 2055 3740 2121 alium

890 2165 1131 2221 certam
1184 2157 1673 2243 responsionem
1727 2154 1919 2220 debet
1972 2155 2328 2241 assignare,
2385 2176 2507 2220 nec
2559 2157 2766 2222 eciam
2818 2155 3394 2223 vicecancellarius
3454 2157 3734 2222 existens

893 2255 974 2321 de
1019 2254 1325 2321 facultate
1365 2255 1632 2337 arcium,
1677 2254 1795 2319 sub
1844 2252 2070 2318 eadem
2111 2276 2343 2341 poena.

814 2463 875 2520 15
949 2459 1050 2523 48.
1091 2470 1186 2518 ΒΕ
1228 2470 1460 2520 ΡΟΕΝΔ
1501 2469 2044 2519 uoLESTANcnm
2080 2470 2617 2521 ExamNATOREs
2654 2472 2747 2520 ET
2790 2473 2884 2521 DE
2924 2473 3367 2525 ASSISTENCIA
3411 2471 3666 2522 FAOUL-

2051 2569 2252 2620 TATIS
2291 2570 2570 2620 msmffl.

2044 2706 2165 2770 νει.
2210 2721 2257 2758 a.
2295 2705 2372 2758 st.
2410 2706 2492 2775 27,
2528 2708 2575 2762 5.

1055 2840 1219 2906 Item
1256 2838 1466 2904 nullus
1510 2838 1773 2904 accione
1813 2836 1921 2903 vel
1960 2837 2231 2920 ulcione,
2274 2860 2393 2926 per
2437 2861 2506 2904 se
2544 2838 2648 2905 vel
2709 2862 2827 2928 per
2867 2840 3085 2924 alium,
3129 2841 3379 2908 directe
3424 2840 3536 2908 vel
3576 2840 3724 2907 indi-

895 2949 1093 3023 recte,
1144 2937 1345 3006 verbo
1396 2936 1502 3004 vel
1551 2938 1724 3004 facto
1772 2935 1876 3003 vel
1928 2959 2312 3026 quocunque
2365 2937 2492 3004 alio
2548 2938 2741 3008 modo
2794 2941 3065 3028 impetat
3115 2941 3221 3016 vel
3274 2940 3579 3008 molestet
3623 2940 3720 3005 ali-

815 3049 884 3105 20
902 3061 1091 3126 quem
1146 3036 1229 3102 de
1281 3038 1610 3123 magistris
1663 3035 1766 3102 vel
1828 3035 2379 3103 examinatoribus
2430 3060 2550 3124 pro
2606 3062 2700 3123 eo,
2762 3041 2934 3130 quod
2986 3041 3264 3130 aliquem
3324 3040 3414 3108 de
3469 3042 3602 3106 suis
3647 3038 3721 3104 ad

898 3137 1173 3226 gradum
1228 3136 1586 3223 magisterii
1626 3134 1731 3203 vel
1789 3133 2266 3202 baccalariatus
2321 3156 2405 3201 ex
2457 3159 2655 3205 causa
2693 3140 3091 3207 ·racionabili
3141 3164 3273 3208 non
3323 3140 3595 3208 admisit
3629 3136 3720 3204 vel

899 3240 1104 3333 eciam
1147 3235 1421 3301 eundem
1469 3237 1655 3301 iuxta
1705 3236 2179 3302 conscienciam
2224 3258 2409 3302 suam
2448 3250 2515 3303 et
2553 3240 2983 3306 iuramentum
3024 3251 3355 3329 tamquam
3402 3241 3720 3327 indignum

894 3337 1130 3403 reiecit.
1209 3334 1623 3402 Contrarium
1659 3335 1904 3402 faciens
1944 3336 2118 3402 ultra
2161 3346 2411 3402 reatum
2452 3338 2741 3425 periurii,
2796 3339 2969 3426 quod
3019 3341 3165 3427 ipso
3216 3340 3396 3406 facto
3448 3338 3717 3417 incurrit,

898 3446 962 3502 et
1005 3445 1256 3501 centum
1296 3433 1690 3501 florenorum
1742 3457 2037 3523 poenam,
2089 3458 2362 3524 quorum
2414 3435 2726 3503 medietas
2784 3436 2973 3502 cedat
3024 3436 3119 3502 illi
3170 3438 3275 3504 vel
3333 3439 3489 3523 illis,
3548 3456 3716 3522 quem

817 3543 884 3600 25
903 3535 1008 3600 vel
1050 3557 1209 3622 quos
1251 3534 1345 3600 sic
1383 3535 1638 3622 impetit
1677 3532 1783 3599 vel
1825 3533 2145 3618 molestat,
2191 3530 2295 3621 [60
2308 3530 2360 3621 b]
2404 3533 2534 3600 alia
2570 3534 2884 3601 medietas
2930 3536 3120 3602 cedat
3156 3537 3472 3621 facultati,
3534 3537 3716 3602 eciam

897 3642 1207 3721 perpetue
1259 3656 1300 3698 a
1357 3632 1663 3699 facultate
1715 3635 1964 3698 arcium
2013 3635 2098 3698 sit
2152 3631 2471 3700 exclusus.
2553 3633 2836 3700 Tenetur
2887 3637 3093 3701 eciam
3147 3636 3430 3704 facultas
3487 3634 3578 3701 illi
3625 3631 3712 3699 vel

899 3731 1047 3817 illis,
1106 3733 1214 3819 qui
1259 3732 1352 3796 sic
1398 3733 1731 3819 impetitur
1773 3730 1877 3795 vel
1927 3732 2341 3819 impetuntur,
2394 3731 2771 3799 molestatur
2809 3733 2915 3799 vel
2968 3734 3416 3820 molestantur,
3477 3733 3712 3801 realiter

899 3853 1047 3897 cum
1090 3831 1318 3896 effectu
1361 3831 1665 3896 assistere
1708 3840 1799 3913 et,
1856 3831 1912 3896 si
1954 3853 2116 3918 opus
2159 3832 2381 3914 fuerit,
2437 3833 2642 3899 eciam
2686 3832 2805 3899 sub
2848 3836 3153 3921 expensis
3202 3835 3531 3902 facultatis
3577 3854 3708 3921 pro-

897 3932 1062 4020 priis
1105 3930 1377 3997 eundem
1419 3928 1524 3996 vel
1567 3927 1843 4014 eosdem,
1899 3932 2105 3996 eciam
2153 3952 2194 3995 a
2234 3930 2740 4019 quibuscunque,
2789 3932 2941 3998 totis
2982 3932 3232 3999 viribus
3272 3932 3606 4001 defensare
3640 3940 3709 4011 et,

820 4040 889 4096 30
908 4039 1214 4119 quantum
1250 4029 1318 4093 in
1358 4051 1436 4094 ea
1471 4029 1686 4113 fuerit,
1728 4052 2106 4097 assecurare
2146 4052 2267 4096 nec
2304 4052 2437 4096 non
2475 4029 2758 4097 totaliter
2800 4030 3199 4118 exbrigare.²

999 4234 1100 4296 49.
1148 4244 1337 4309 Quor
1383 4243 1626 4295 ouosm
1671 4246 1997 4295 TEMPORE
2041 4246 2368 4296 Examls
2409 4247 2455 4297 A
2493 4245 2986 4297 ruouovssnms
3028 4248 3259 4298 mom
3298 4247 3615 4299 Possum.

2047 4383 2169 4447 νει.
2200 4342 2250 4434 A.
2292 4382 2369 4435 st.
2406 4382 2487 4446 26,
2523 4382 2572 4434 9.

1070 4515 1231 4581 Item
1271 4536 1392 4579 nec
1431 4512 1712 4581 decanus
1761 4536 1882 4580 nec
1938 4513 2176 4602 aliquis
2228 4514 2744 4581 examinatorum
2797 4536 2838 4579 a
2890 4512 3391 4586 baccalariando
3441 4528 3701 4602 tempore

905 4617 1219 4683 examinis
1263 4614 1482 4701 capiat
1520 4613 1628 4679 vel
1684 4614 1883 4680 faciat
1935 4616 2086 4701 capi
2139 4613 2310 4679 ultra
2353 4635 2470 4678 sex
2520 4635 2803 4700 grossos,
2857 4620 2921 4679 et
2974 4636 3016 4679 a
3066 4617 3505 4703 magistrando
3553 4612 3698 4678 ultra

821 4725 889 4783 35
902 4713 1569 4882 ἓξΐοὲιιέζοίῗὲἕοθῃα
1610 4715 1898 4804 periurii,
1942 4714 2220 4801 demptis
2263 4722 2477 4779 tamen
2517 4714 2828 4800 pecuniis,
2871 4735 3032 4800 quas
3075 4737 3195 4804 pro
3237 4716 3402 4785 locis
3439 4723 3697 4783 tenentur

1062 5085 1085 5137 1
1126 5076 1420 5135 Beschluss
1449 5094 1575 5134 vom
1609 5081 1687 5134 30.
1724 5077 1949 5150 August
1985 5082 2130 5135 1436.

1058 5168 1088 5219 2
1125 5162 1416 5220 Beschluss
1449 5179 1576 5218 vom
1613 5168 1686 5219 12.
1725 5160 1966 5217 October
2006 5166 2150 5221 1436.
