4038 6358
1502 636 1742 687 Libanus
1773 636 2091 689 formum-50.
3102 638 3215 701 101

349 820 668 887 ficienter
707 828 770 884 et
811 820 970 885 satis
1013 818 1128 885 diu
1169 818 1677 885 satisfactionem
1708 818 2290 907 expectaverimus,
2334 819 2479 905 ipse
2520 828 2757 902 tamen,
2798 821 2867 885 in
2910 842 3031 885 sua
3071 841 3219 885 con-

349 920 664 985 tumacia
711 918 1084 1002 induratus,
1141 919 1518 985 satisfacere
1561 940 1641 983 ac
1683 918 1951 985 obedire
1993 920 2259 985 minime
2301 919 2583 1000 curavit,
2642 918 2915 1006 ideoque
2958 921 3221 985 attentis

349 1019 786 1107 praemissis,
861 1019 1040 1085 trina
1099 1020 1450 1089 monitione
1517 1017 1949 1106 praecedente
1962 1068 1981 1102 ‚
2059 1019 2129 1083 in
2203 1020 2706 1103 congregatione
2768 1016 2831 1107 [9
2844 1017 2897 1107 b]
2965 1021 3221 1085 univer-

350 1120 598 1185 sitatis
645 1118 730 1183 ad
787 1118 910 1184 hoc
951 1118 1126 1185 facta
1166 1120 1530 1206 praefatum
1573 1119 1670 1184 .N.
1714 1140 1756 1183 a
1797 1140 2073 1205 corpore
2117 1116 2528 1205 saepedictae
2566 1119 3012 1186 universitatis
3060 1128 3219 1185 tam-

349 1241 580 1305 quam
616 1217 973 1286 membrum
1015 1218 1350 1307 putridum
1389 1217 1780 1284 exclusimus
1821 1227 1888 1283 et
1924 1217 2308 1284 rescidimus
2338 1225 2459 1282 etc.
2480 1227 2552 1284 ut
2586 1220 2654 1283 in
2682 1218 2963 1285 formula
2990 1220 3215 1307 priori.
3237 1227 3269 1283 5

611 1392 704 1453 11.
766 1402 1223 1454 nmoa'rs'rlo
1263 1402 1402 1453 Pno
1444 1402 1874 1452 Assocuimo
1918 1402 2181 1464 ALIQUO
2224 1402 2499 1451 Domo
2544 1402 2987 1453 ucssn'rmro.

549 1520 860 1586 Hortatur
919 1520 1138 1591 omnia
1189 1529 1254 1585 et
1301 1518 1556 1606 singula
1595 1528 1730 1585 tam
1773 1517 2097 1607 graduata
2137 1541 2331 1607 quam
2368 1541 2499 1584 non
2540 1519 2865 1605 graduata
2904 1520 3219 1586 universi-

351 1621 534 1685 tatis
579 1617 868 1685 eiusdem
908 1620 1278 1706 supposita,
1323 1622 1642 1704 quatenus
1682 1640 1830 1685 cras
1873 1618 2037 1685 hora
2080 1642 2163 1683 .n.
2206 1620 2273 1683 in
2316 1620 2501 1684 curia
2547 1618 2991 1686 habitationis
3022 1618 3221 1685 hono—

356 1718 654 1784 rabilem
693 1718 1024 1785 dominum
1059 1718 1153 1784 .N.
1197 1718 1279 1785 de
1321 1720 1416 1783 .N.
1457 1720 1846 1785 conveniant
1897 1716 1984 1783 ad
2037 1718 2485 1786 assotiandum
2525 1718 2963 1785 venerabilem
3006 1719 3224 1783 virum

354 1818 708 1884 dominum
767 1819 862 1885 .N.
915 1819 1152 1884 artium
1211 1818 1594 1905 magistrum
1647 1830 1712 1884 et
1751 1820 1818 1883 in
1859 1818 2001 1883 iure
2044 1820 2357 1885 canonico
2399 1818 2845 1885 licentiatum¹
2889 1818 2974 1883 ad
3014 1816 3305 1883 eccle-10

360 1922 550 1983 siam
604 1921 811 1985 sancti
866 1920 964 1984 .N.
1018 1940 1138 2006 pro
1193 1919 1493 2005 insigniis
1557 1918 1932 1985 doctoratus
1976 1918 2047 1983 in
2088 1918 2315 1984 eodem
2355 1921 2498 1984 iure
2541 1920 2851 1985 canonico
2894 1917 3057 1983 inibi
3098 1916 3220 1982 sol-

355 2018 675 2085 lemniter
725 2017 1185 2106 suscipiendis,
1246 2019 1674 2086 consimilium
1729 2040 1998 2111 operum
2052 2019 2501 2085 reverentialis
2554 2019 2999 2086 honorationis
3043 2016 3222 2084 exhi·

359 2118 686 2185 bitionem
710 2120 779 2185 in
803 2118 1246 2207 adipiscendis
1274 2118 1632 2187 honoribus
1657 2122 1949 2186 vicissim
1971 2128 2414 2207 expectatura.
2456 2119 2704 2185 Datum
2726 2127 3087 2184 rectoratus
3104 2126 3219 2182 etc.

648 2293 734 2353 12.
793 2303 1152 2353 nemum
1195 2303 1333 2353 rao
1381 2304 1656 2353 rumas
1698 2302 2017 2353 Amemus
2065 2302 2425 2352 surposrm
2467 2302 2961 2352 connucmmo.

539 2420 864 2485 Hortatur
904 2422 1121 2486 omnia
1161 2430 1226 2485 et
1275 2420 1534 2508 singula
1572 2420 1856 2487 nationis
1901 2420 1996 2485 .N.
2040 2420 2381 2506 supposita
2420 2420 2867 2486 universitatis
2908 2418 3222 2502 eiusdem,
3243 2428 3304 2485 15

364 2530 696 2609 quatenus
751 2519 946 2585 hodie
998 2518 1164 2587 hora
1202 2544 1284 2587 .n.
1327 2522 1394 2585 in
1437 2521 1620 2585 curia
1661 2519 1918 2605 collegii
1962 2542 2043 2584 .n.
2086 2518 2223 2596 (vel
2264 2528 2413 2585 ante
2456 2518 2798 2605 collegium
2839 2526 2949 2599 .n.)
2989 2540 3223 2585 conve-

363 2621 562 2685 niant
616 2618 701 2683 ad
758 2617 1245 2685 conducendum
1299 2619 1491 2685 funus
1544 2618 1868 2707 quondam
1911 2618 2177 2685 discreti
2218 2619 2315 2684 .N.
2358 2617 2441 2684 de
2482 2620 2579 2685 .N.
2618 2618 2827 2687 felicis
2869 2620 3221 2685 memoriae

367 2720 458 2785 ad
513 2716 862 2785 ecclesiam
921 2720 1130 2783 sancti
1175 2718 1276 2783 .N.
1313 2718 1556 2805 vigiliis
1611 2717 1855 2784 ibidem
1911 2716 2335 2785 decantandis
2379 2729 2444 2784 et
2484 2742 2632 2785 cras
2674 2718 2839 2784 hora
2880 2742 2959 2785 .n.
3001 2719 3219 2783 missis

369 2842 494 2907 pro
553 2816 786 2885 eodem
827 2816 990 2883 inibi
1037 2816 1444 2883 celebrandis
1487 2840 1630 2883 sese
1669 2818 2101 2905 personaliter
2142 2818 2470 2885 offerendo
2514 2828 2930 2907 praesentent
2943 2869 2962 2903 ‚
3014 2819 3220 2885 consi-

369 2918 628 2985 milium
684 2939 954 3003 operum
1009 2917 1268 3003 pietatis
1321 2916 1784 2984 exhibitionem
1845 2927 1996 3003 post
2044 2919 2273 2985 funera
2326 2940 2447 2985 sua
2494 2919 2873 3007 gaudiosius
2917 2929 3219 3007 expecta·
3239 2927 3308 2984 20

371 3028 541 3085 tura.
637 3016 886 3083 Datum
926 3025 1286 3083 rectoratus
1328 3016 1449 3083 sub
1491 3016 1727 3103 sigillo.

641 3191 734 3254 13.
781 3181 903 3272 [Bl.
942 3181 1084 3272 10⁸]
1151 3202 1539 3250 mmrun
1583 3201 1722 3250 rso
1759 3201 2039 3250 rmus:
2083 3201 2415 3252 mers'rm
2456 3202 2955 3253 coruncanum

533 3317 816 3384 Mandat
869 3317 1170 3384 omnibus
1222 3327 1288 3383 et
1336 3317 1607 3404 singulis
1663 3318 2110 3384 universitatis
2149 3316 2438 3384 eiusdem
2478 3320 2830 3407 suppositis
2845 3369 2864 3403 ‚
2909 3328 3224 3407 quatenus

377 3419 568 3485 hodie
607 3419 776 3484 hora
815 3441 894 3483 ,ιι
937 3427 1056 3484 etc.
1097 3427 1170 3484 ut
1205 3419 1277 3484 in
1313 3417 1592 3484 formula
1633 3418 1858 3506 priori.

385 3592 472 3653 14.
509 3602 903 3653 uANDATUM
941 3601 1194 3651 nomm
1229 3601 1567 3652 RECTORIS
1593 3601 1731 3652 PRO
1770 3601 2235 3652 SUSPENSIONE
2262 3600 2550 3650 Ac'rmm
2584 3595 3308 3652 SCHOLASTICORUM.25

537 3719 676 3785 Nos
739 3717 834 3783 .N.
895 3726 1014 3785 etc.
1072 3726 1286 3782 rector
1347 3741 1430 3782 ex
1493 3718 1754 3785 decreto
1797 3721 2247 3807 communique
2289 3741 2639 3802 consensu,
2697 3718 3007 3784 concordi
3049 3718 3223 3784 deni-

381 3841 500 3904 que
541 3819 870 3886 sententia
903 3817 1364 3904 magistrorum
1391 3827 1456 3883 et
1482 3817 1818 3886 doctorum
1843 3817 2211 3885 antedictae
2240 3828 2506 3885 nostrae
2528 3820 2975 3884 universitatis
3003 3841 3225 3884 omnes

384 3929 560 3984 actus
607 3916 1028 3985 scholasticos
1072 3925 1342 4004 propter
1385 3927 1596 3982 certas
1637 3917 1980 3984 violentias
2027 3929 2093 3984 et
2132 3918 2465 3986 molestias
2483 3968 2502 4003 ‚
2556 3918 2906 3985 iamdictae
2962 3920 3223 3985 univer-

389 4020 558 4084 sitati
597 4027 666 4084 et
711 4019 846 4082 suis
889 4016 1245 4104 suppositis
1287 4017 1602 4082 iniuriose
1643 4018 1858 4083 illatas
1875 4067 1894 4101 ‚
1940 4019 2432 4106 suspendimus,
2474 4022 2542 4084 in
2584 4019 2713 4084 hiis
2753 4021 3015 4107 scriptis
3043 4043 3222 4085 man-

386 4117 603 4184 dantes
659 4115 958 4182 omnibus
1016 4123 1082 4180 et
1120 4115 1392 4202 singulis
1433 4119 1793 4203 magistris,
1843 4117 2249 4202 doctoribus,
2309 4117 2656 4184 licentiatis
2720 4129 2784 4184 et
2832 4118 3223 4186 baccalariis
3240 4129 3309 4187 30

391 4238 907 4304 quarumcunque
948 4214 1326 4282 facultatum
1337 4266 1356 4300 ‚
1418 4238 1502 4281 ne
1559 4216 1794 4303 aliquis
1821 4219 1904 4282 *in
1948 4227 2145 4283 antea
2186 4216 2469 4306 aliquem
2509 4229 2725 4284 actum
2768 4218 3228 4285 scholasticum

392 4340 598 4385 coram
655 4325 918 4382 nostrae
969 4316 1414 4381 universitatis
1470 4317 1823 4404 suppositis
1877 4317 2137 4405 publice
2193 4327 2529 4400 exerceat,
2600 4317 2807 4385 donec
2871 4318 3051 4384 aliud
3105 4340 3224 4406 per

389 4415 866 4482 universitatem
905 4413 1102 4480 fuerit
1145 4414 1506 4480 diffinitum.
1594 4415 1729 4481 Sub
1773 4439 1986 4504 poena
2011 4418 2303 4506 periurii,
2350 4419 2679 4486 carentiae
2720 4417 3099 4484 libertatum
3140 4440 3220 4483 ac

392 4516 670 4582 tuitionis
711 4515 1174 4581 universitatis.
1250 4514 1496 4580 Datum
1537 4523 1656 4584 etc.

755 4685 844 4746 15.
907 4697 1304 4747 RELAXATIO
1351 4697 1832 4748 SUSPENSIONIS
1873 4699 2163 4749 ACTUUM
2210 4698 2847 4750 SCHOLASTICORUM.
3240 4691 3306 4748 35

542 4813 676 4880 Nos
719 4811 812 4880 .N.
855 4823 974 4878 etc.
1013 4824 1226 4882 rector
1269 4815 1354 4882 ad
1399 4813 1792 4880 desiderium
1835 4823 1902 4878 et
1941 4813 2423 4903 beneplacitum
2462 4815 2804 4882 reverendi
2844 4816 2913 4881 in
2957 4815 3221 4883 Christo

400 4915 582 4998 patris
645 4923 712 4978 et
768 4912 1012 4979 domini
1027 4962 1046 4996 ‚
1105 4913 1350 4980 domini
1391 4915 1486 4980 .N.
1529 4914 1843 4982 ecclesiae
1885 4912 2447 5002 Merseburgensis
2500 4917 2822 5003 episcopi,
2876 4916 3225 4982 iamdictae

401 5023 638 5078 nostrae
689 5014 1132 5080 universitatis
1193 5014 1562 5081 cancellarii
1615 5016 1791 5084 unici
1847 5022 1912 5078 et
1953 5013 2322 5100 dignissimi
2337 5064 2356 5098 ‚
2416 5014 2659 5081 domini
2702 5018 2908 5082 nostri
2949 5018 3224 5105 gratiosi

407 5111 544 5186 (velt
593 5111 864 5179 illustris
905 5114 1224 5203 principis
1265 5125 1330 5180 et
1370 5114 1614 5182 domini
1629 5163 1648 5197 ,
1703 5113 1949 5180 domini
1991 5114 2088 5179 .N.
2141 5113 2327 5180 ducis
2382 5113 2713 5180 Saxoniae
2724 5165 2743 5200 ‚
2824 5116 3225 5204 landtgravii

523 5335 540 5384 1
575 5331 683 5386 Am
715 5329 914 5386 Raude
944 5330 1000 5386 si
1014 5330 1204 5400 fica-it
1235 5330 1544 5400 theoloqm:
1575 5329 1952 5401 superiacum,
