4038 6358
1342 605 1445 658 Die
1480 606 1719 661 Sumen
1758 624 1863 660 von
1903 605 2248 662 1439-1511.
3111 607 3226 674 201

340 786 431 855 Si
486 801 709 858 autem
752 789 841 856 ad
880 789 1154 858 alterum
1198 789 1560 858 officiorum
1598 791 1793 858 modo
1837 790 2213 880 supradicto
2260 790 2582 856 duntaxat
2621 791 2934 873 venerint,
2988 789 3232 857 medie·

339 898 577 955 tatem
637 890 986 956 habebunt.
1069 890 1399 960 Tenentur
1456 894 1661 958 eciam
1718 894 2016 979 magistri
2078 893 2364 958 omnium
2418 890 2614 955 trium
2670 888 3086 975 collegiorum
3095 939 3115 973 ,
3175 890 3232 955 si

342 988 753 1056 sacerdotes
790 991 1065 1073 fuerint,
1116 990 1333 1078 legere
1374 993 1611 1058 missas
1663 993 2050 1075 animarum,
2105 986 2377 1080 quilibet
2417 1012 2635 1074 unam,
2690 1013 2821 1056 non
2862 989 3232 1056 sacerdotes

340 1110 531 1156 vero
577 1089 849 1178 quilibet
889 1090 1156 1177 vigilias
1199 1091 1271 1155 ix
1326 1091 1677 1158 lectionum
1732 1094 1799 1157 in
1853 1092 2082 1158 eadem
2140 1094 2523 1180 septimana.
2608 1089 2718 1156 Ad
2772 1109 3042 1177 quorum
3101 1112 3235 1155 om-

340 1189 551 1255 nium
598 1188 1087 1276 expedicionem
1128 1192 1342 1278 capiet
1385 1193 1793 1279 praepositus
1850 1191 2107 1278 collegii
2155 1193 2422 1258 maioris
2482 1190 2757 1278 singulis
2813 1189 3000 1254 annis
3056 1190 3234 1254 circa
3283 1198 3316 1253 5

341 1287 611 1354 festum
672 1290 880 1354 sancti
936 1289 1113 1355 Galli
1165 1313 1206 1355 a
1261 1290 1575 1356 facultate
1623 1293 1869 1356 arcium
1930 1293 2004 1357 xi
2065 1290 2342 1358 florenos
2399 1292 2467 1355 in
2529 1292 2824 1378 pecunia,
2878 1291 2945 1354 in
2997 1287 3233 1375 quibus

348 1386 556 1454 dicta
601 1388 881 1455 facultas
923 1390 1131 1456 eidem
1172 1388 1445 1477 collegio
1498 1391 1761 1456 racione
1803 1389 2034 1457 domus
2077 1392 2457 1478 posterioris
2511 1399 2574 1455 et
2635 1388 2911 1454 aliarum
2960 1387 3235 1453 duarum

350 1487 935 1573 domunculam,
989 1512 1112 1555 nec
1162 1511 1292 1556 non
1333 1499 1399 1556 et
1441 1511 1653 1572 areae,
1711 1491 1778 1555 in
1836 1513 1966 1578 qua
2019 1490 2429 1558 aedificatum
2481 1500 2579 1556 est
2636 1487 3136 1577 paedagogium,
3193 1508 3236 1550 a

358 1587 657 1675 collegio
703 1599 1085 1676 emptarum,
1129 1588 1474 1676 obligatur,
1519 1592 1708 1656 iuxta
1742 1599 2029 1655 tenorem
2071 1591 2327 1656 litterae
2369 1585 2841 1675 recognicionis
2872 1608 3067 1673 super
3113 1585 3236 1652 hoc

358 1709 496 1774 per
539 1687 917 1754 facultatem
960 1691 1207 1755 arcium
1251 1689 1523 1776 collegio
1568 1691 1800 1756 maiori
1842 1690 2053 1773 datae,
2102 1690 2184 1760 de
2226 1688 2460 1777 quibus
2502 1686 2790 1777 quolibet
2829 1706 2998 1751 anno
3040 1686 3230 1752 nscio
3254 1695 3316 1748 10

354 1785 716 1854 Saxonum
759 1787 1100 1856 habebit'l
1151 1789 1216 1854 fl.
1263 1790 1329 1854 in
1390 1791 1666 1875 pecunia
1718 1813 1838 1878 pro
1895 1790 2400 1855 conservacione
2439 1787 2632 1876 spolii
2674 1786 2971 1851 nacionis
3010 1795 3073 1850 et
3113 1807 3233 1871 pro

360 1885 737 1952 luminibus
789 1889 969 1953 circa
1007 1887 1296 1954 tumbam
1352 1891 1421 1954 in
1464 1889 1704 1976 vigiliis
1747 1899 1812 1956 et
1866 1891 2070 1956 missa
2114 1888 2555 1976 disponendis.
2642 1884 2894 1966 Quibus
2939 1883 3237 1950 omnibus

357 1985 712 2074 expeditis
746 1983 919 2074 [122‘]
960 1986 1289 2056 residuum
1333 1990 1502 2054 inter
1539 1991 1887 2076 magistros
1930 1988 2189 2075 collegii
2230 1988 2497 2054 maioris
2540 1994 2915 2075 praesentes
2949 1994 3012 2049 et
3049 2004 3237 2070 prae-

356 2086 584 2151 missa
642 2087 958 2152 facientes
1016 2088 1375 2175 aequaliter
1425 2088 1775 2154 dividatur.
1860 2087 2212 2154 Praedicta
2263 2109 2519 2176 quoque
2574 2085 2909 2152 ordinacio
2964 2107 3005 2148 a
3060 2080 3236 2148 nullo

361 2186 839 2272 magistrorum
903 2186 1159 2273 collegii
1216 2188 1485 2253 maioris
1543 2186 1663 2253 sub
1721 2189 1991 2275 periurii
2051 2210 2264 2275 poena
2321 2186 2734 2273 impediatur.
2817 2182 2890 2248 Si
2943 2204 3097 2247 vero
3154 2202 3238 2245 ex
3257 2188 3320 2244 15

363 2308 581 2350 causa
635 2285 1020 2352 racionabili
1033 2336 1052 2370 ,
1108 2285 1191 2351 de
1234 2308 1363 2374 qua
1416 2285 1705 2354 iudicare
1759 2286 2093 2353 habebunt
2147 2287 2275 2353 duo
2327 2285 2626 2352 doctores
2687 2283 2997 2371 praefati,
3057 2280 3235 2345 dum-

358 2383 565 2449 modo
611 2396 962 2472 supersunt
1005 2384 1109 2450 vel
1152 2384 1316 2451 alter
1358 2388 1649 2473 ipsorum
1701 2397 2030 2474 superstes
2074 2388 2289 2469 fuerit,
2335 2386 2521 2451 fieret
2561 2383 3042 2472 praedictarum
3085 2402 3233 2446 exe·

364 2484 677 2572 quiarum
715 2482 1066 2549 translacio
1109 2483 1195 2549 ad
1238 2496 1530 2551 sanctum
1567 2486 1866 2567 Paulum,
1925 2496 2164 2552 extunc
2215 2486 2330 2551 fiat
2383 2508 2502 2572 per
2544 2486 2761 2550 omnia
2804 2483 2992 2547 iuxta
3032 2480 3230 2545 conti-

365 2584 675 2648 nenciam
716 2584 939 2647 statuti
993 2585 1433 2671 exequiarum,
1504 2607 1623 2672 per
1663 2585 1750 2649 M.
1793 2586 2214 2671 Henningum
2260 2585 2341 2650 de
2382 2582 2808 2652 Hildenshem
2852 2580 3062 2645 bonae
3104 2601 3232 2643 me-

367 2684 625 2748 moriae
686 2704 808 2768 pro
870 2680 1324 2748 fundatoribus
1397 2686 1841 2750 universitatis
1916 2694 1979 2748 et
2051 2682 2576 2750 benefactoribus
2643 2679 2898 2764 collegii
2961 2680 3229 2744 maioris
3249 2687 3317 2743 20

370 2780 868 2869 dispositarum,
925 2780 1006 2846 de
1047 2803 1174 2867 quo
1214 2782 1588 2848 immediate
1628 2807 1830 2871 supra
1873 2793 2022 2849 ante
2074 2805 2386 2871 praesens
2437 2791 2760 2848 statutum.
2842 2778 2932 2843 Et
2985 2780 3053 2843 in
3097 2779 3233 2865 qui-

373 2877 667 2946 buslibet
706 2878 946 2944 talibus
989 2883 1302 2968 exequiis,
1344 2893 1478 2948 tam
1513 2884 1656 2947 istis
1694 2904 1889 2971 quam
1924 2879 2486 2970 praecedentibus,
2525 2880 2935 2968 praepositus
2981 2875 3234 2966 collegii

376 2981 650 3045 maioris
695 2978 891 3044 finem
936 2979 1309 3066 vigiliarum
1358 2991 1422 3045 et
1478 2983 1826 3047 missarum
1882 2981 2338 3048 defunctorum
2382 2989 2733 3067 expectare
2785 2987 3097 3059 teneatur,
3151 2975 3238 3041 ad

370 3077 755 3160 videndum,
809 3078 984 3165 quod
1041 3079 1298 3164 singula
1338 3081 1525 3146 iuxta
1579 3080 2062 3177 ordinacionem
2106 3090 2495 3148 statutorum
2551 3078 2633 3143 de
2687 3078 2979 3165 exequiis
3035 3077 3237 3142 facto-

376 3202 544 3265 rum,
591 3177 901 3244 scilieet
883 3200 950 3242 ιιι
982 3178 1304 3246 cantando
1329 3155 1733 3247 ‘Recordare'
1768 3191 1833 3246 et
1875 3181 2128 3263 ceteris,
2168 3179 2467 3245 effectum
2511 3177 2804 3245 debitum
2849 3177 3227 3244 sorciantur.
3250 3184 3315 3240 25

375 3278 450 3343 Si
492 3300 653 3342 vero
708 3278 1119 3364 praepositus
1162 3279 1511 3366 impeditus
1561 3280 1630 3345 id
1687 3302 1805 3397 per
1853 3304 1922 3346 se
1977 3281 2194 3346 facere
2245 3302 2374 3345 non
2430 3278 2700 3365 poterit,
2759 3276 3065 3363 disponat
3118 3298 3235 3364 per

376 3376 577 3443 alium
621 3378 1005 3462 magistrum
1044 3375 1125 3440 de
1166 3377 1460 3464 collegio,
1500 3382 1611 3464 qui
1652 3382 1796 3446 vice
1843 3381 1943 3444 sui
1989 3379 2059 3444 id
2101 3386 2479 3466 exequatur.

375 3614 474 3676 59.
524 3606 647 3697 [Bl.
694 3607 833 3698 13²]
881 3627 1252 3676 s'rA'ru'ruM
1296 3628 1749 3677 comunimus
1795 3629 2040 3677 novum
2084 3626 2581 3675 coLLEera'ruu
2623 3626 3030 3673 mrmrsu
3073 3625 3235 3674 COL-

373 3726 645 3775 nseltm
692 3727 785 3773 ΕΤ
829 3726 1193 3775 melsa-ms
1238 3727 1789 3794 comessura-u,
1843 3728 1969 3777 sus
2012 3724 2701 3775 VIcEPRAEmsn-URA
2744 3724 2932 3773 Mem.
2971 3724 3237 3773 nmmcl
3265 3774 3280 3789 .

486 3826 767 3873 GREVEN
808 3826 902 3872 DE
948 3826 1407 3877 GOT'HNGENN
1450 3827 1586 3876 PRO
1633 3827 1849 3875 Meno.
1892 3825 2206 3874 MARTINO
2249 3825 2344 3873 DE
2385 3824 2649 3873 Kom'rz
2691 3824 3129 3872 mscRIP'rUu.
3252 3815 3321 3871 30
3385 3848 3390 3853 ’

541 3971 734 4037 Αιιιιο
790 3972 1035 4038 domini
1092 3973 1428 4039 millesimo
1488 3972 2124 4061 quadringentesimo
2184 3973 2812 4057 octogesimooctavo
2855 3971 3240 4038 duodecima

378 4070 486 4136 die
544 4073 787 4137 mensis
844 4072 1230 4139 Novembris
1289 4068 1482 4156 (1488
1537 4078 1593 4134 d.
1638 4078 1734 4139 12.
1778 4078 1932 4136 Nov.
1936 4072 1991 4157 ),
2061 4095 2226 4158 quae
2282 4071 2459 4137 cadit
2508 4073 2578 4136 in
2637 4084 3007 4160 sequentem
3065 4070 3239 4136 diem

379 4179 531 4257 post
571 4170 809 4236 festum
848 4170 1137 4254 Martini,
1190 4171 1344 4258 quia
1386 4165 1633 4258 plura
1614 4195 1684 4236 ιιι
1722 4172 1846 4237 hoc
1889 4171 2164 4258 collegio
2210 4172 2440 4236 maiori
2486 4169 2788 4237 aedificia
2827 4169 3130 4236 hincinde
3170 4172 3238 4235 in

382 4268 605 4335 multis
649 4268 809 4335 locis
851 4271 1264 4356 reperiuntur
1306 4271 1548 4357 partim
1590 4272 1856 4337 ruinosa
1897 4273 2138 4359 partim
2177 4270 2499 4357 frequenti
2535 4268 2908 4355 indigencia
2947 4271 3238 4335 refectio-

379 4390 462 4434 ne
517 4378 583 4433 et
622 4368 823 4433 fiscus
865 4367 1124 4454 collegii
1185 4367 1273 4435 ad
1312 4368 1483 4434 hanc
1535 4369 1901 4435 faciendam
1952 4376 2052 4448 (ut
2093 4376 2373 4448 constat)
2418 4371 2685 4434 minime
2739 4378 2837 4433 est
2891 4368 3236 4449 sufficiens,
3255 4375 3321 4433 35

379 4469 639 4554 integra
692 4468 845 4532 item
887 4489 1061 4533 nova
1104 4467 1334 4533 domus
1378 4467 1618 4533 bursae
1661 4468 2072 4535 Bavarorum
2116 4492 2199 4533 ex
2256 4467 2676 4533 fundamento
2733 4489 2852 4554 per
2896 4465 3235 4552 collegium

378 4564 707 4631 laboriose
751 4575 852 4630 est
889 4574 1260 4632 constructa
1300 4568 1558 4655 iamque
1602 4566 1688 4632 ad
1722 4567 1915 4632 finem
1968 4578 2033 4633 et
2085 4567 2373 4633 totaliter
2425 4576 2888 4647 consummata,
2939 4563 3055 4630 ubi
3110 4563 3237 4629 col·

382 4664 631 4751 legium
671 4664 1026 4730 notabilem
1068 4668 1383 4752 pecuniae
1424 4688 1741 4735 summam
1783 4666 2128 4753 expendit,
2184 4676 2248 4731 et
2286 4664 2556 4754 quilibet
2598 4664 2681 4731 de
2722 4664 2992 4750 collegio
3035 4665 3238 4749 magi-

393 4774 672 4829 strorum
719 4784 1009 4829 seorsum
1062 4765 1271 4833 eciam
1325 4763 1404 4829 de
1458 4766 1742 4852 propriis
1798 4766 1959 4830 satis
2009 4764 2365 4832 notabilem
2422 4764 2506 4828 ad
2564 4764 2733 4829 hanc
2782 4787 3020 4829 novam
3074 4775 3237 4830 stru-

388 4874 636 4929 cturam
681 4862 927 4929 exolvit
970 4864 1334 4949 pecuniam,
1392 4885 1560 4949 quae
1612 4876 1829 4928 tamen
1885 4886 2007 4950 pro
2067 4863 2356 4929 eiusdem
2396 4884 2607 4928 novae
2657 4861 2886 4928 domus
2932 4864 3027 4929 sic
3066 4886 3235 4931 com·
3255 4875 3323 4930 40

385 4961 599 5050 pletae
661 4972 725 5028 et
786 4962 1113 5049 perfectae
1176 4961 1494 5029 solutione
1552 4984 1964 5049 nequaquam
2031 4963 2312 5043 suffecit,
2378 4970 2645 5048 propter
2710 4960 2885 5048 quod
2944 4970 3236 5028 mutuum

381 5061 578 5127 iidem
618 5060 921 5147 magistri
965 5059 1292 5148 collegiati
1331 5062 1624 5148 recipere
1667 5059 1928 5125 aliunde
1968 5061 2226 5126 fuerunt
2270 5059 2499 5141 coacti,
2562 5069 2627 5124 et
2681 5069 2753 5124 ut
2794 5059 2956 5126 illud
3007 5061 3235 5128 melius

382 5170 575 5248 atque
613 5158 842 5225 melius
888 5158 1054 5225 solvi
1096 5160 1306 5247 possit
1342 5181 1420 5224 ac
1463 5160 1671 5224 eciam
1712 5157 2011 5225 aedificia
2062 5161 2193 5226 iam
2245 5166 2615 5225 constructa
2667 5158 2924 5225 facilius
2978 5161 3047 5224 in
3096 5183 3239 5227 esse

382 5266 946 5341 conservarentur,
977 5254 1081 5346 [13
1095 5257 1148 5347 b]
1189 5252 1392 5324 multa
1433 5256 1901 5324 deliberatione
1938 5270 2002 5326 et
2040 5258 2531 5325 interlocutione
2572 5226 2994 5346 praehabitis,
3040 5268 3238 5327 statu-
