4038 6358
1143 627 1331 683 Panae
1361 625 1889 695 Statuteureduction,
1919 642 2041 682 vom
2069 621 2238 684 Jahre
2276 631 2415 686 1507.
3083 630 3204 697 509

356 810 563 881 lector
629 814 890 880 omnino
950 823 1346 900 surrogetur,
1408 814 1519 900 qui
1582 814 1918 899 promittat
1982 814 2228 882 decano
2288 823 2354 878 et
2418 813 2551 878 suis
2614 810 3068 879 executoribus
3120 811 3219 877 de·

361 915 599 979 maiori
661 912 1000 999 diligentia
1048 913 1381 995 facienda3
1443 911 1550 977 vel
1612 913 1830 978 mitius
1886 925 2119 1001 agatur
2172 925 2237 980 et
2291 912 2635 977 inducatur
2649 961 2667 995 ,
2726 923 2798 978 ut
2848 914 2917 977 in
2976 934 3205 977 manus

367 1012 600 1077 decani
629 1014 812 1099 prius
844 1014 1129 1099 resignet
1171 1022 1234 1077 et
1276 1012 1509 1077 deinde
1554 1034 1708 1077 mox
1750 1013 1914 1079 alius
1956 1014 2161 1081 lector
2202 1009 2499 1099 eligatur.
2557 1011 2727 1078 Nam
2760 1013 2829 1076 in
2870 1012 2972 1077 his
3013 1011 3207 1077 rebus

359 1114 598 1177 nociva
635 1121 734 1176 est
772 1134 990 1195 mora,
1038 1121 1101 1176 et
1145 1110 1414 1199 expedit
1458 1111 1818 1177 studiorum
1863 1136 2097 1178 causas
2143 1112 2438 1178 celeriter
2482 1113 2734 1197 agitari.
2819 1111 2973 1176 Pari
3014 1110 3205 1176 modo

364 1211 704 1277 observari
767 1210 959 1277 debet
1018 1233 1142 1296 quo
1205 1209 1292 1275 ad
1356 1209 1762 1296 diligentiam
1827 1214 2288 1298 magistrorum
2352 1211 2530 1276 eirca
2591 1212 2914 1276 exercicia
2977 1209 3209 1298 dispu-
3256 1219 3289 1274 5

362 1311 583 1393 tanda,
629 1311 903 1398 denique
948 1334 1144 1398 super
1191 1311 1651 1395 magistrorum
1693 1333 1853 1376 vera
1892 1313 2365 1399 acturegentia,
2402 1332 2485 1375 ne
2525 1309 2708 1375 dolus
2753 1309 2988 1397 aliquis
3032 1331 3207 1375 com-

363 1414 656 1475 mittatur
728 1422 791 1475 et
865 1400 1152 1476 facultas'
1210 1409 1592 1496 decipiatur.
1722 1409 1793 1476 Si
1861 1423 2075 1476 autem
2150 1411 2429 1499 aliquem
2494 1409 2805 1474 lectorum
2866 1432 2950 1474 ex
3010 1432 3210 1475 causa

367 1508 743 1575 rationabili
810 1509 895 1575 ad
958 1509 1224 1596 aliquod
1281 1507 1642 1574 tollerabile
1715 1519 1971 1597 tempus
2053 1509 2387 1577 ambulare
2449 1507 2553 1572 vel
2620 1511 2977 1595 aegrotari,
3037 1510 3209 1595 quod

369 1608 545 1674 absit
563 1658 582 1692 ,
640 1610 988 1696 contigerit
1005 1657 1025 1692 ,
1075 1617 1227 1674 tunc
1285 1607 1435 1673 talis
1454 1657 1472 1690 ,
1526 1631 1607 1672 ne
1666 1609 1945 1675 studium
2008 1620 2073 1675 et
2134 1610 2321 1675 lectio
2376 1619 2567 1673 vacet
2629 1610 2697 1672 in
2755 1631 2939 1674 suum
3000 1607 3212 1674 locum

369 1709 569 1774 alium
628 1710 1012 1793 magistrum
1066 1707 1397 1790 idoneum,
1457 1707 1538 1772 de
1600 1730 1918 1773 consensu
1982 1720 2195 1776 tamen
2255 1708 2484 1773 decani
2544 1719 2608 1774 et
2661 1730 2924 1773 suorum
2982 1731 3208 1774 execu-
3232 1718 3295 1774 10

366 1818 600 1889 torum,
643 1807 1031 1874 substituere
1075 1809 1345 1896 poterit3
1411 1809 1467 1872 si
1508 1829 1665 1871 vero
1728 1830 1912 1872 secus
1950 1809 2192 1873 factum
2255 1809 2448 1872 fuerit
2467 1855 2486 1889 ,
2553 1806 2880 1890 electores,
2947 1808 3034 1872 ad
3086 1808 3210 1874 hoc

366 1908 648 1973 officilun
727 1904 829 1992 [4'3
845 1903 898 1994 b]
972 1906 1266 1994 deputati
1338 1917 1401 1971 et
1482 1929 1598 1993 per
1670 1904 1985 1972 decanum
2059 1930 2138 1973 ac
2215 1930 2365 1972 suos
2439 1917 2817 1972 executores
2891 1908 3206 1995 requisiti,

367 2007 570 2072 alium
610 2006 914 2072 lectorem
957 2007 1026 2071 in
1070 2007 1207 2072 eius
1251 2005 1463 2071 locum
1480 2056 1494 2080 ‚
1537 2028 1620 2069 ne
1660 2005 1987 2073 auditores
2029 2007 2459 2093 negligantur,
2503 2004 2742 2091 eligere
2787 2004 3025 2071 debent
3068 2029 3210 2072 esse

367 2107 673 2172 asstricti.
756 2106 1136 2188 Praeterea,
1183 2106 1239 2169 si
1295 2108 1439 2192 quis
1499 2104 1810 2170 lectorum
1865 2109 2117 2172 ratione
2175 2106 2447 2171 alicuius
2493 2103 2689 2169 officii
2706 2153 2720 2181 ,
2762 2104 2871 2170 hic
2911 2106 3017 2171 vel
3057 2105 3217 2171 alibi

369 2207 688 2292 assumpti
711 2253 729 2287 ,
773 2227 900 2288 quo
945 2207 1157 2269 minus
1205 2204 1549 2291 diligenter
1589 2203 1806 2290 legere
1848 2206 2089 2292 poterit
2111 2255 2126 2282 ,
2184 2204 2532 2293 impeditus
2587 2204 2816 2287 fuerit,
2875 2206 3212 2291 resignare
3234 2215 3296 2269 15

371 2328 555 2370 suam
574 2353 593 2387 ,
637 2325 833 2390 quam
878 2302 1103 2385 babet,
1157 2302 1493 2369 lectionem
1556 2304 1909 2386 tenebitur,
1955 2315 2018 2370 et
2062 2304 2250 2369 alteri
2295 2315 2447 2368 tunc
2489 2305 2923 2369 committatur
2966 2303 3211 2388 lectori,

367 2406 499 2469 nisi
556 2404 746 2490 quasi
795 2401 993 2468 finem
1044 2404 1231 2467 istius
1268 2401 1562 2470 lectionis
1607 2406 1963 2489 attigisset3
2019 2414 2172 2469 tunc
2217 2403 2298 2468 de
2337 2425 2653 2469 consensu
2696 2403 2924 2468 decani
2968 2414 3033 2469 et
3075 2427 3216 2470 suo·

369 2527 514 2568 rum
561 2511 1004 2585 executorum,
1050 2503 1105 2566 si
1151 2504 1244 2567 eis
1275 2501 1601 2566 videbitur
1630 2502 1961 2588 expedire,
2004 2502 2205 2567 alium
2249 2504 2630 2588 magistrum
2672 2505 2740 2568 in
2776 2502 2987 2568 locum
3030 2526 3216 2569 suum

372 2612 585 2689 potest
629 2601 1034 2667 substituere.
1114 2600 1631 2666 Praemissorum
1673 2603 1956 2666 omnium
2001 2624 2198 2666 causa
2241 2609 2358 2684 est,
2403 2603 2555 2689 quia
2595 2601 2853 2667 lectoris
2895 2602 3215 2667 idoneitas

374 2713 440 2766 et
497 2701 775 2788 qualitas
838 2705 1017 2767 circa
1079 2700 1338 2766 modum
1405 2701 1817 2766 docti-inandi
1883 2723 2000 2788 per
2062 2702 2371 2766 electores
2434 2702 2782 2787 magistros
2848 2700 3211 2788 deputatos,
3233 2711 3300 2768 20

378 2800 750 2887 specialiter
791 2812 1080 2889 tempore
1124 2800 1474 2884 electionis,
1517 2803 1814 2888 inspecta
1855 2799 2343 2888 ponderataque
2384 2802 2520 2865 fuit.

731 3041 826 3104 28.
868 3052 961 3099 DE
1004 3049 1236 3099 DUBIIS
1282 3050 1666 3099 OCCASIONE
1708 3052 2239 3100 PRAEMISSOBUM
2284 3052 2873 3101 OCCUBRENTIBUS.

546 3185 620 3250 Si
661 3207 793 3270 qua
836 3184 1034 3249 dubia
1080 3187 1421 3250 occasione
1465 3184 1949 3271 praedictorum
1993 3184 2438 3250 ordinatorum
2495 3185 2562 3249 in
2606 3187 2864 3250 statutis
2907 3188 3221 3273 praemis-

385 3288 475 3351 sis
519 3286 933 3366 occurrerint,
980 3307 1062 3349 ex
1103 3295 1256 3348 tunc
1301 3283 1585 3349 decanus
1631 3306 1778 3349 cum
1843 3286 1975 3349 suis
2018 3283 2472 3349 executoribus
2519 3294 2615 3367 et,
2680 3286 2735 3349 si
2792 3307 2954 3371 opus
3010 3286 3221 3370 fuerit,

387 3386 707 3451 adiunctis
755 3387 946 3450 etiam
990 3383 1318 3449 facultatis
1359 3384 1690 3470 magistris
1736 3383 2120 3460 senioribus,
2162 3385 2349 3448 iuxta
2391 3405 2611 3448 eorum
2637 3382 3095 3449 discretionem
3140 3394 3301 3451 ea25

384 3486 771 3567 discernere,
817 3485 1107 3549 iudicare
1153 3494 1215 3548 et
1254 3485 1604 3548 terminare
1649 3482 1916 3565 debent,
1958 3506 2042 3547 ne
2085 3504 2248 3570 opus
2292 3485 2375 3546 sit
2431 3482 2689 3568 singula
2744 3482 2945 3548 dubia
2998 3483 3084 3549 ad
3126 3494 3218 3549 to-

379 3598 512 3650 tam
561 3584 814 3649 deferre
856 3583 1236 3648 facultatem
1277 3594 1341 3647 et
1377 3605 1521 3646 eam
1564 3583 1823 3667 saepius
1867 3583 2245 3669 inquietare.
2327 3580 2399 3646 Si
2458 3591 2674 3646 autem
2727 3581 2879 3648 dicti
2921 3584 3219 3669 magistri

383 3684 781 3750 concordare
822 3685 989 3747 inter
1033 3705 1103 3747 se
1145 3683 1409 3746 minime
1452 3682 1736 3767 poterint
1777 3679 1877 3744 vel
1919 3683 2181 3766 penitus
2225 3679 2630 3764 dissentiunt,
2688 3690 2841 3747 tunc
2884 3682 2971 3749 ad
3013 3685 3219 3749 consi·

384 3785 540 3851 lium
587 3786 780 3850 totius
821 3782 1147 3847 facultatis
1193 3782 1541 3867 negotium,
1586 3779 1668 3843 de
1709 3801 1834 3866 quo
1874 3778 1979 3843 vel
2031 3802 2228 3866 super
2272 3801 2399 3866 quo
2446 3778 2883 3864 contenditur,
2939 3782 3223 3847 remitta-

382 3895 489 3949 tur
532 3894 597 3948 et
639 3905 757 3969 per
799 3881 958 3947 illud
1002 3882 1376 3946 diffiniatur.
1459 3879 1745 3964 Reputat
1788 3890 1998 3943 autem
2039 3878 2346 3960 facultas,
2399 3878 2514 3943 illa
2565 3878 2703 3944 fore
2760 3878 2963 3946 dubia
3004 3903 3220 3946 occur·
3240 3892 3310 3947 30

385 3983 627 4064 rentia,
693 4003 858 4069 quae
925 3981 1051 4047 alio
1118 3982 1332 4068 aliquo
1396 3989 1635 4043 statuto
1696 3977 2023 4042 facultatis
2094 4001 2221 4043 non
2287 3977 2539 4043 sublato
2604 3978 2707 4043 vel
2768 3981 3226 4047 reformatione

386 4083 654 4149 illustris
702 4082 1019 4169 principis
1063 4103 1189 4146 non
1228 4090 1378 4145 sunt
1419 4077 1899 4165 comprehensa.

1379 4246 1498 4347 χᾼνᾶ
1543 4242 1798 4311 laudem
1844 4242 1948 4308 dei
1987 4243 2218 4310 Amen.

1679 4400 1944 4461 .1.5.0.7.

558 4870 823 4947 Dar-auf
854 4890 968 4930 von
1003 4871 1266 4928 ander-er
1306 4871 1502 4928 Hand
1539 4869 1616 4927 im
1656 4870 1851 4928 Jakre
1898 4870 2054 4931 1512
2094 4868 2567 4946 naehqetraqen:
3247 4882 3315 4940 35

904 5056 1003 5118 29.
1049 5067 1300 5129 omaus
1343 5066 1414 5113 IN
1457 5067 1752 5117 surmus
1795 5066 2091 5114 Pusmcs
2137 5066 2413 5114 Laesus
2459 5066 2730 5117 LmEA'r.

563 5200 738 5281 Quia
779 5200 846 5264 in
892 5199 1056 5264 bene
1099 5208 1161 5265 et
1205 5198 1542 5287 praeclare
1587 5201 1881 5264 instituta
1926 5196 2298 5286 republica,
2341 5209 2412 5263 ut
2452 5203 2749 5287 magistri
2796 5200 3222 5290 doctoresque

396 5301 801 5384 auctoritate,
845 5299 1023 5382 locis,
1062 5297 1492 5387 dignitatibus
1534 5308 1601 5364 et
1641 5298 2006 5386 insignibus
2055 5297 2139 5363 ab
2187 5297 2592 5366 scholasticis
2643 5310 2819 5367 recte
2862 5298 3057 5369 divisi
3101 5302 3229 5370 dis-
