4038 6358
1369 632 1474 683 Die
1509 630 1748 681 Statnten
1780 642 1886 679 von
1929 628 2274 682 1415-1490,
3124 634 3246 700 589

335 812 514 881 bus
583 812 889 881 ascendet
952 811 1269 879 faciendis
1335 813 1462 877 nisi
1523 812 1606 879 de
1669 833 1986 879 consensu
2053 809 2287 876 decani
2350 819 2416 875 et
2477 809 2811 879 doctorum
2878 813 3239 881 medicinae

339 914 812 989 facultatis.)¹

1355 1046 1719 1096 SECUNTUR
1759 1048 1920 1096 ALIA
1967 1044 2301 1093 STATUTA.

561 1182 754 1247 Anno
812 1179 1057 1245 domini
1117 1178 1222 1241 Μ0
1269 1178 1497 1247 CCCC
1549 1180 1786 1245 XXIX
1840 1180 2092 1245 decima
2152 1180 2257 1243 die
2316 1178 2483 1244 Iunii
2540 1176 2733 1265 (1429
2776 1185 2888 1242 den
2937 1188 3027 1250 10.
3064 1182 3244 1269 Juni)

355 1281 770 1371 approbata
817 1289 966 1345 sunt
1007 1301 1126 1366 per
1169 1276 1542 1342 facultatem
1581 1278 1940 1356 medicinae
1983 1286 2225 1343 statuta
2264 1279 2702 1365 infrascripta.
3294 1290 3327 1347 ⁵

565 1387 667 1448 27.
713 1380 1003 1445 Primum
1057 1375 1325 1465 quilibet
1366 1376 1590 1442 volens
1649 1380 2018 1466 promoveri
2061 1379 2128 1441 in
2181 1376 2621 1443 baccalarium
2677 1378 3035 1445 medicinae
3078 1390 3249 1445 tene-

357 1490 502 1545 tur
545 1490 737 1546 antea
779 1502 925 1545 cum
969 1477 1183 1563 aliquo
1228 1476 1490 1542 doctore
1531 1476 1636 1541 vel
1697 1476 2073 1542 doctoribus
2122 1477 2425 1541 visitasse
2483 1480 2841 1565 practicam
2894 1479 3251 1545 medicinae

363 1603 514 1667 per
557 1580 888 1645 biennium
933 1576 1292 1663 diligenter.

563 1686 662 1749 28.
707 1680 874 1745 Item
916 1674 1187 1766 quilibet
1227 1675 1452 1740 volens
1496 1678 1866 1762 promoveri
1909 1677 1978 1741 in
2019 1675 2456 1743 baccalarium
2502 1678 2859 1743 medicinae
2884 1676 2990 1743 vel
3033 1678 3249 1745 docto-

375 1803 540 1845 rem
617 1790 869 1845 tenetur
947 1785 1096 1842 ante
1159 1776 1488 1863 privatum
1551 1798 1736 1840 suum
1802 1797 2078 1840 examen
2144 1776 2401 1863 publice
2461 1779 2531 1842 in
2590 1776 2782 1843 scolis
2848 1777 2969 1841 sub
3034 1777 3249 1863 aliquo
3276 1787 3338 1843 10

381 1879 669 1944 doctore
713 1877 1153 1967 quaestionem
1192 1873 1638 1940 medicinalem
1686 1873 2118 1942 determinare
2162 1886 2225 1941 et
2266 1899 2381 1942 suo
2424 1876 2673 1943 doctori
2707 1887 2771 1942 et
2802 1876 2949 1943 aliis
2980 1900 3253 1964 arguen-

379 1978 580 2044 tibus
625 1988 852 2044 contra
895 1976 1136 2041 dictam
1180 1976 1618 2061 quaestionem
1661 1975 2073 2063 respondere.

571 2082 667 2145 29.
730 2076 891 2142 Item
953 2073 1226 2165 quilibet
1286 2073 1725 2141 doctorandus
1787 2076 1854 2138 in
1916 2074 2239 2141 medicina
2303 2084 2597 2163 tempore
2660 2075 3093 2165 conplecionis
3158 2078 3255 2143 sui

385 2178 672 2265 byennii
717 2176 1038 2243 tenebitur
1082 2174 1426 2261 diligenter
1470 2172 1774 2249 lectiones
1819 2173 2153 2242 doctorum
2196 2176 2481 2240 visitare.

571 2282 670 2345 30.
726 2276 890 2342 Item
943 2284 1278 2362 promotus
1330 2275 1400 2338 in
1444 2273 1771 2339 doctorem
1813 2273 2173 2339 medicinae
2225 2277 2293 2340 in
2343 2274 2474 2341 alia
2530 2276 2951 2340 universitate
3006 2275 3255 2341 famosa
3279 2285 3340 2340 15

398 2378 462 2441 si
509 2375 838 2442 desiderat
880 2375 1086 2460 recipi
1128 2373 1215 2439 ad
1256 2371 1627 2439 facultatem
1671 2372 2053 2459 medicinae,
2108 2376 2320 2463 primo
2363 2373 2593 2439 doceat
2631 2374 2711 2439 de
2756 2374 3097 2441 doctoratu
3142 2397 3255 2441 suo

397 2500 522 2565 per
566 2476 955 2541 autenticam
1008 2496 1211 2556 suam,
1256 2474 1324 2537 in
1377 2494 1506 2559 qua
1551 2472 1781 2539 modus
1833 2496 1988 2541 suae
2040 2476 2477 2561 promocionis
2536 2475 2920 2539 continetur.
3000 2474 3259 2559 Deinde

397 2576 663 2665 publice
701 2575 772 2641 in
813 2572 1008 2640 scolis
1051 2570 1436 2637 determinet
1479 2575 1923 2659 quaestionem
1955 2573 2425 2657 medicinalem,
2467 2573 2553 2639 ad
2595 2596 2789 2662 quam
2829 2573 3255 2662 respondebit

401 2674 783 2743 doctoribus
837 2683 902 2739 et
954 2671 1251 2738 omnibus
1311 2671 1457 2736 aliis
1517 2682 1746 2737 contra
1799 2672 2069 2738 eandem
2131 2696 2405 2760 arguere
2449 2672 2831 2739 volentibus.
2916 2673 3031 2755 (Et
3084 2674 3259 2761 quod

403 2775 564 2841 velit
605 2784 828 2863 petere
872 2773 1114 2839 assumi
1160 2770 1245 2837 ad
1287 2770 1657 2837 facultatem
1697 2771 2057 2839 medicinae
2102 2772 2452 2839 secundum
2494 2783 2735 2839 statuta
2789 2784 2938 2862 post
2985 2798 3251 2863 respon·
3269 2784 3338 2841 20

409 2877 684 2959 sionem3
723 2895 909 2964 quae
959 2872 1296 2960 responsio
1341 2872 1426 2937 sit
1465 2870 1609 2937 loco
1653 2873 1994 2939 examinis.
2078 2873 2165 2938 Et
2216 2873 2332 2939 fiat
2384 2873 2757 2939 immediate
2799 2883 2949 2963 post
2990 2897 3254 2963 respon·

411 2976 654 3041 sionem
705 2996 890 3038 suam
931 2995 1048 3038 sua
1090 2971 1550 3058 assumpcio.)²

574 3079 675 3140 31.
717 3072 881 3138 Item
925 3080 1261 3159 promotus
1303 3073 1371 3135 in
1413 3069 1854 3135 baccalarium
1887 3072 2248 3137 medicinae
2274 3075 2344 3137 in
2374 3073 2503 3138 alia
2527 3074 2949 3141 universitate
2990 3076 3259 3160 famosa,

409 3171 788 3238 desiderans
831 3173 1038 3258 recipi
1083 3170 1168 3237 ad
1221 3169 1594 3237 facultatem
1652 3178 1982 3258 tamquam
2039 3171 2446 3238 baccalarius
2505 3172 2881 3258 medicinae,
2939 3175 3259 3242 tenebitur

409 3275 592 3360 prius
635 3272 868 3338 docere
911 3272 992 3336 de
1041 3293 1157 3336 suo
1201 3269 1646 3335 baccalariatu
1691 3292 1807 3356 per
1850 3275 2243 3338 autenticam
2286 3295 2490 3338 suam.
2572 3273 2827 3338 Deinde
2872 3275 2991 3341 sub
3040 3277 3259 3366 aliquo
3279 3288 3345 3344 25

415 3372 679 3438 doctore
738 3370 1196 3438 determinabit
1253 3371 1694 3457 quaestionem
1751 3370 2223 3456 medicinalem,
2275 3372 2365 3438 ad
2416 3394 2609 3460 quam
2666 3374 3089 3460 respondebit
3150 3400 3265 3442 suo

413 3472 665 3539 doctori
708 3480 773 3537 et
815 3471 960 3538 aliis
1002 3492 1278 3556 arguere
1317 3466 1702 3534 volentibus.

585 3787 672 3878 [S.
727 3785 790 3877 4]
855 3788 1048 3854 Anno
1108 3786 1350 3854 domini
1407 3785 1748 3853 millesimo
1807 3787 2447 3874 quadringentesimo
2505 3789 3003 3878 quadragesimo
3062 3797 3265 3862 tercio

412 3892 724 3956 vicesima
779 3890 993 3976 prima
1044 3886 1152 3952 die
1193 3888 1435 3952 mensis
1485 3887 1774 3955 Ianuarii
1832 3891 2023 3968 (1443
2068 3893 2183 3951 den
2225 3895 2325 3955 21.
2363 3894 2643 3970 Januar)
2704 3891 3071 3979 approbata
3122 3905 3270 3962 sunt

409 4014 528 4078 per
569 3988 942 4055 facultatem
984 3995 1226 4066 statuta
1261 3989 1699 4075 infrascripta.
3281 4005 3351 4060 30

577 4094 673 4158 32.
717 4089 1006 4153 Primum
1064 4085 1340 4152 facultas
1396 4087 1758 4152 medicinae
1815 4085 2055 4152 habeat
2107 4085 2440 4172 decanum,
2487 4092 2597 4176 qui
2647 4091 2731 4156 sit
2784 4093 2997 4158 senior
3042 4093 3268 4159 doctor

409 4203 746 4277 promotus
791 4197 902 4252 aut
943 4195 1316 4274 assumptus
1360 4189 1428 4251 in
1470 4186 1779 4252 facultate
1820 4185 2184 4276 medicinae
2215 4189 2657 4254 universitatis
2686 4189 3087 4277 Lipczensis.
3136 4193 3266 4274 Qui

410 4291 468 4354 si
506 4290 575 4354 in
627 4289 1037 4374 possessione
1073 4288 1393 4352 mensium
1437 4309 1554 4352 sex
1598 4295 1892 4372 tempore
1951 4289 2383 4372 permanserit
2442 4298 2505 4352 et
2562 4287 2726 4354 alter
2784 4289 3011 4356 doctor
3065 4291 3265 4357 medi·

412 4389 596 4454 cinae
635 4409 710 4452 eo
755 4388 971 4453 senior
1011 4407 1142 4451 non
1183 4386 1539 4469 advenerit,
1582 4387 1710 4452 nisi
1753 4385 2149 4452 domicilium
2190 4385 2275 4451 ab
2319 4386 2445 4452 hac
2470 4390 2891 4456 universitate
2918 4390 3266 4476 transtulit,

415 4509 688 4574 semper,
736 4508 1074 4575 quousque
1111 4485 1420 4570 voluerit,
1465 4486 1748 4554 decanus
1792 4485 2221 4573 permanebit.
3286 4501 3353 4559 35

592 4726 612 4776 1
652 4719 848 4776 Dieser
881 4719 1214 4792 Paragraph
1251 4721 1323 4775 ist
1366 4719 1799 4790 nachgetragen,
1841 4718 1955 4772 und
2004 4735 2153 4777 zwar
2193 4737 2263 4773 zu
2302 4719 2453 4774 einer
2487 4720 2623 4792 Zeit,
2672 4723 2755 4779 als
2796 4725 2886 4780 die
2920 4721 3273 4799 Bezifferung

413 4805 511 4862 der
545 4802 946 4876 Paragraphen
980 4803 1184 4860 bereits
1219 4803 1636 4876 stattgefunden
1670 4801 1852 4870 hatte3
1901 4819 1962 4857 er
1995 4802 2070 4856 ist
2104 4801 2279 4858 daher
2310 4803 2467 4858 nicht
2510 4805 2846 4878 mitgezahlt.
2917 4811 3010 4865 Da
3042 4810 3131 4867 die
3165 4811 3270 4868 Be-

415 4887 686 4959 zifferung
717 4886 805 4943 bis
839 4893 870 4955 ς
904 4893 970 4944 43
1003 4889 1134 4943 incl.
1187 4887 1414 4961 geflihrt
1460 4887 1554 4954 ist,
1605 4903 1666 4942 so
1703 4884 1924 4942 mochis
1971 4903 2101 4942 man
2137 4888 2343 4944 daraus
2388 4887 2701 4962 schliessen,
2746 4909 2910 4950 unser
2942 4893 3272 4966 Paragraph

416 4973 494 5030 sei
535 4974 742 5044 jiinger
785 4971 868 5026 als
917 4977 1008 5028 147
1019 4978 1072 5041 ¹3
1126 4971 1340 5026 freilich
1388 4973 1541 5027 kann
1589 4971 1679 5026 die
1725 4970 2080 5042 Bezifferung
2124 4975 2311 5043 spater
2360 4973 2699 5046 fortgeffihrt
2744 4977 2879 5047 sein,
2926 4978 3041 5032 und
3093 4978 3273 5035 dieser

416 5055 643 5112 Schluss
687 5055 946 5111 entbehrt
988 5055 1163 5111 daher
1195 5056 1294 5111 der
1327 5055 1508 5112 vollen
1543 5054 1874 5126 Sicherbeit‚
1922 5055 2056 5112 aber
2100 5055 2243 5112 nach
2286 5061 2409 5113 1443
2457 5057 2584 5114 faut
2630 5061 2729 5116 der
2762 5061 2963 5117 Zusatz
3012 5062 3116 5116 mit
3148 5063 3274 5118 Evi-

416 5141 555 5197 denz
591 5140 656 5212 (s.
689 5140 780 5213 0.).

586 5229 616 5280 2
655 5223 762 5280 Die
799 5221 1324 5294 eingeklammerten
1358 5225 1554 5282 Worte
1589 5225 1714 5280 sind
1750 5224 2165 5297 nachgetragen
2202 5223 2342 5294 (also
2376 5227 2521 5282 nach
2562 5230 2721 5300 1443).
2792 5229 2867 5283 Es
2900 5229 2975 5286 ist
3010 5231 3098 5288 ein
3136 5231 3269 5291 Ver-

417 5309 550 5368 bum
587 5307 957 5380 susgelassen‚
989 5312 1134 5362 etwa
1158 5311 1455 5380 promittet.
2994 5326 3001 5334 “
