4038 6358
1074 589 1243 640 Dritte
1278 589 1807 653 statuunt-adamica,
1850 606 1957 641 von
1994 586 2375 645 nub—1490.
3019 592 3140 654 415

259 790 403 833 non
454 767 888 856 protenditur
932 770 1105 835 ultra
1148 794 1379 856 genua.
1465 771 1594 852 Qui
1641 773 1697 835 si
1742 773 2137 837 contrarium
2180 772 2431 854 fecerit,
2490 773 2558 835 in
2601 770 2869 836 dimidio
2909 768 3153 837 floreno

266 890 401 954 per
446 868 790 934 decanum
831 869 1156 937 facultatis
1202 871 1445 935 arcium
1490 871 1811 957 puniatur.
1879 871 2006 953 Qui
2050 875 2104 936 si
2151 894 2219 936 se
2263 872 2656 959 opposuerit,
2698 868 2782 935 ad
2815 870 3156 936 ulteriores

264 970 748 1053 promotiones
788 970 856 1034 in
896 968 1148 1034 artibus
1189 992 1321 1037 non
1362 968 1752 1036 admittatur.

453 1119 640 1185 Item
681 1119 894 1187 nullus
940 1119 1455 1189 baccalariorum
1498 1143 1617 1185 nec
1658 1119 1924 1208 aliquod
1967 1122 2371 1208 suppositum
2417 1119 2740 1185 facultatis
2784 1119 3028 1185 arcium
3083 1119 3163 1184 de

267 1228 515 1283 cetero
564 1242 715 1283 cum
755 1223 1059 1286 rostratis
1103 1219 1360 1303 calceis,
1414 1218 1694 1285 colleriis
1753 1219 2146 1302 cancellatis,
2199 1221 2473 1284 manicis
2515 1219 2788 1306 depictis
2832 1241 2944 1284 seu
2986 1218 3158 1285 flori·
3210 1230 3243 1284 5

271 1319 460 1381 satis
514 1327 640 1383 aut
681 1320 944 1401 strictis,
1001 1342 1203 1408 usque
1243 1319 1328 1384 ad
1368 1318 1658 1385 cubitum
1703 1320 2128 1405 semiaperti8‚
2184 1328 2295 1383 aut
2345 1319 2491 1384 aliis
2527 1314 2817 1385 vestibus
2866 1317 3165 1385 indecen-

266 1416 464 1481 tibus
535 1417 819 1482 incedat.
905 1417 1100 1498 Quod
1159 1422 1213 1485 si
1267 1420 1410 1507 quis
1469 1421 1865 1485 contrarium
1921 1420 2147 1483 fecerit
2197 1428 2310 1483 aut
2360 1419 2575 1484 facere
2629 1420 3159 1504 praesumpserit,

272 1515 580 1603 quilibet
626 1518 1091 1605 magistrorum
1134 1529 1446 1606 tempore,
1507 1541 1632 1605 quo
1656 1516 1826 1583 ’talis
1870 1518 2149 1603 aliquem
2191 1517 2466 1604 gradum
2510 1518 2579 1582 in
2617 1517 2867 1582 artibus
2912 1540 3165 1583 sumere

272 1615 617 1698 voluerit,
676 1616 1107 1684 denuncciare
1151 1629 1215 1685 et
1255 1618 1574 1705 impedire
1616 1628 1868 1704 potest3
1926 1627 1990 1682 et
2032 1618 2160 1681 nisi
2204 1640 2273 1681 se
2315 1616 2787 1699 emendaverit,
2846 1617 2940 1680 ita
2995 1616 3168 1704 quod

273 1717 551 1780 vestitu
591 1715 867 1800 decenti,
909 1719 1049 1783 vita
1091 1728 1156 1783 et
1194 1717 1481 1784 moribus
1516 1717 1756 1781 existat
1795 1715 2363 1800 commendanduS,
2408 1715 2493 1780 ad
2528 1738 2800 1780 examen
2829 1713 2933 1780 vel
2959 1724 3163 1803 temp·
3190 1726 3251 1781 10

280 1824 530 1879 tamen
574 1837 706 1880 non
747 1815 1141 1883 admittatur:

817 2003 914 2065 16.
955 2018 1050 2065 m:
1090 2016 1602 2066 mssuuclonn
1648 2016 2232 2066 BACCALAmoRuu
2280 2017 2673 2068 osnmsnu.

1438 2153 1552 2216 vgl.
1592 2153 1686 2217 v1,
1726 2154 1803 2204 ιι.
1839 2153 1961 2213 vn,
1995 2155 2045 2206 4.

475 2283 647 2347 Item
691 2281 938 2369 placet,
993 2282 1170 2370 quod
1213 2283 1483 2372 quilibet
1523 2282 1931 2349 baccalarius
1982 2286 2048 2349 in
2094 2284 2344 2349 artibus
2387 2293 2638 2349 tenetur
2676 2285 2743 2350 in
2786 2284 3014 2351 ordine
3058 2308 3172 2351 suo

291 2380 404 2445 die
455 2381 789 2447 dominico
845 2381 1205 2469 disputare,
1270 2390 1414 2449 cum
1455 2384 1869 2448 intimacione
1912 2382 2177 2470 publica
2217 2406 2348 2448 non
2391 2383 2597 2449 solum
2645 2384 2732 2449 ad
2771 2382 3000 2450 valvas
3044 2383 3253 2450 col-15

290 2479 632 2567 legiorum
676 2481 793 2546 sed
835 2483 1044 2546 eciam
1090 2482 1174 2546 ad
1220 2482 1489 2547 bursam
1531 2482 1880 2565 facultatis,
1926 2505 2095 2569 quae
2138 2493 2236 2548 est
2276 2482 2455 2549 locus
2500 2482 2920 2570 paedagogii3
2976 2506 3172 2570 quam

294 2579 821 2668 disputationem
869 2581 1153 2649 decanus
1197 2590 1451 2649 tenetur
1494 2582 1618 2647 sibi
1661 2581 1753 2647 ad‘
1793 2592 1937 2648 octo
1983 2582 2119 2647 dies
2178 2592 2328 2648 ante
2379 2605 2498 2669 per
2551 2582 2865 2649 famulum
2919 2582 3173 2671 univer-

299 2680 532 2745 sitatis
575 2683 893 2747 intimare.
975 2681 1064 2747 Et
1102 2683 1170 2746 in
1209 2680 1600 2768 disputando
1649 2681 1976 2753 ordinarie
2018 2705 2148 2747 non
2194 2682 2412 2768 capiat
2452 2683 2884 2768 quaestiones,
2935 2684 3064 2747 nisi
3106 2683 3173 2746 in

296 2777 509 2866 loyca
547 2789 611 2845 et
650 2781 719 2845 in
750 2780 1163 2868 philosophia
1194 2779 1496 2864 naturali,
1535 2804 1655 2846 nec
1691 2781 2095 2868 sophismata
2130 2782 2257 2846 nisi
2294 2783 2362 2846 in
2393 2780 2821 2867 grammatica
2862 2791 2927 2846 et
2966 2779 3177 2867 loyca,

300 2881 401 2943 sic
465 2880 647 2967 quod
701 2880 1027 2947 rethorica
1079 2890 1338 2945 maneat
1404 2903 1522 2966 pro
1583 2883 1916 2967 magistris
1975 2891 2243 2967 propter
2294 2882 2566 2946 tercium
2622 2880 2991 2967 sophisma,
3051 2880 3258 2945 sub20

304 3000 531 3063 poena
572 2979 793 3045 decem
834 3003 1229 3068 grossorum,
1291 3002 1452 3068 quos
1507 2979 1792 3046 decanus
1849 2981 1969 3047 sub
2026 3003 2140 3046 suo
2189 2982 2551 3047 iuramento
2593 2989 2847 3045 tenetur
2888 2982 3178 3066 rigorose

308 3088 710 3166 extorquere
752 3079 837 3145 ab
881 3080 1126 3146 eodem.
2495 3102 2502 3107 “

712 3268 808 3329 17.
850 3280 1500 3348 Dnmsrumclonn
1545 3280 2163 3330 Ex‘rRAonnmAnu
2203 3280 2803 3330 BAocALAnloRuu.

1568 3418 1687 3482 νει.
1729 3417 1850 3477 vn,
1886 3420 1935 3469 5.

488 3545 652 3611 Item
696 3548 959 3634 placuit,
1002 3548 1175 3636 quod
1218 3547 1427 3616 nullus
1473 3547 1985 3613 baccalariorum
2033 3548 2180 3634 plus
2225 3571 2420 3635 quam
2464 3547 2661 3614 semel
2697 3548 2770 3612 in
2813 3546 2918 3612 die
2958 3557 3258 3613 extra-25

318 3646 653 3716 ordinarie
698 3646 985 3733 disputet
1026 3650 1092 3712 in
1148 3648 1364 3736 aliquo
1418 3648 1848 3730 lectoriorum,
1906 3670 2052 3711 cum
2095 3648 2499 3712 intimatione
2543 3646 2806 3734 publica
2850 3646 3181 3736 ethabitu

316 3745 719 3832 magistrali,
751 3741 844 3811 'et
883 3745 1124 3812 habeat
1165 3748 1328 3813 duas
1372 3749 1780 3835 quaestiones
1825 3757 1889 3811 et
1933 3746 2061 3812 duo
2107 3747 2516 3834 sophismata
2559 3750 2625 3811 in
2667 3748 2941 3811 materia
2996 3769 3180 3832 prae-

320 3847 588 3933 scripta,
637 3844 1029 3934 disputando
1087 3847 1172 3911 ad
1229 3848 1475 3930 horam,
1525 3846 1645 3911 sub
1690 3869 1902 3933 poena
1951 3868 2080 3912 non
2126 3847 2623 3933 computationis
2664 3847 2852 3910 istius
2896 3844 3180 3932 disputa-

323 3945 520 4010 tionis
576 3946 885 4035 utrisque‚
924 3947 1172 4036 scilicet
1211 3956 1343 4012 tam
1388 3945 1930 4034 respondentibus
1974 3969 2172 4034 quam
2216 3945 2594 4033 disputanti.

599 4149 692 4212 18.
738 4161 832 4210 DE
876 4162 1337 4213 LECTIONIBUS
1378 4162 1961 4214 BACCALARIORUM
2005 4161 2333 4210 TEMPORE
2380 4161 2918 4212 CANICULARrUM.
3197 4155 3265 4210 30

1561 4300 1684 4364 vgl.
1720 4299 1836 4359 VII,
1875 4299 1921 4350 6.

490 4431 657 4496 Item
700 4428 978 4517 placuit,
1033 4440 1105 4496 ut
1161 4429 1516 4496 baccalarii
1559 4440 1851 4517 tempore
1908 4429 2351 4516 suspensionis
2405 4428 2680 4494 aliarum
2734 4429 3078 4496 lectionum
3117 4431 3185 4493 in

330 4528 559 4595 diebus
605 4529 1082 4596 canicularibus
1127 4529 1401 4616 legendo
1449 4528 1694 4617 aliquid
1737 4531 1804 4594 in
1856 4531 2238 4615 gramatica,
2297 4528 2619 4594 rethorica
2662 4532 2882 4596 autin
2925 4553 3182 4616 compu-

328 4628 615 4695 tualibus
659 4639 723 4694 et
764 4628 1114 4716 algorismo
1157 4628 1438 4694 debeant
1480 4651 1549 4693 se
1591 4627 1935 4715 diligenter
1979 4628 2358 4694 exercitare.

1479 4783 1574 4846 19.
1623 4797 1744 4860 νει.
1780 4797 1902 4857 vn,
1951 4798 1998 4847 τ.
2453 4749 2462 4754 ”
3200 4804 3267 4863 3⁵

494 4914 660 4979 Item
686 4951 691 4962 =
718 4913 960 5001 placet,
1020 4912 1193 5002 quod
1255 4912 1621 5001 quindecim
1676 4911 2030 4977 baccalarii
2086 4913 2394 4993 seniores,
2452 4911 2680 4976 diebus
2734 4913 3076 4979 dominicis
3118 4916 3187 4979 in

336 5012 775 5100 disputatione
836 5013 1353 5079 bacca-lariorum
1413 5021 1818 5100 praesentes,
1874 5010 2161 5076 habeant
2222 5010 2494 5096 quilibet
2549 5011 2831 5078 medium
2891 5033 3196 5099 grossum·

336 5135 604 5196 novum,
667 5135 827 5198 quos
890 5112 1301 5178 baccalarius
1366 5112 1705 5198 disputans
1772 5109 2222 5198 praesentabit
2281 5110 2524 5175 eisdem
2587 5111 2811 5177 eodem
2869 5113 3005 5197 die,
3067 5113 3186 5179 sub

336 5233 545 5298 poena
586 5221 732 5276 octo
776 5234 1173 5299 grossorum,
1217 5233 1378 5298 quos
1419 5210 1703 5275 decanus
1747 5220 2136 5298 extorquere
2175 5217 2445 5278 tenetur.
