4038 6358
1203 588 1380 639 Visne
1417 588 1954 649 Statutenrcdaction,
2001 604 2107 639 von
2152 587 2500 641 1499—1522.
3151 590 3272 655 487

892 853 1070 919 XVI.
1117 851 1404 942 [Bl.31b]
1463 873 1954 922 (unrocum
1994 871 2393 921 osonum
2434 871 2800 921 smmum.

582 1020 910 1086 Statuta
949 1022 1519 1109 respiciencia
1558 1022 2016 1109 magistros
2071 1021 2420 1108 aliarum
2462 1021 3108 1089 universitatum
3223 1030 3226 1032 ’

724 1122 1166 1208 cupientes
1208 1124 1517 1188 assumi
1555 1121 1654 1189 ad
1696 1123 2093 1208 gremium
2136 1131 2474 1187 nostrae
2515 1119 2975 1187 facultatis.

501 1279 555 1338 l.
594 1290 689 1337 An
737 1289 919 1350 QUAE
962 1290 1313 1342 onmoARE
1357 1291 1435 1339 ss
1481 1290 1714 1338 mmm
1763 1288 2117 1338 mamma
2156 1275 2591 1352 mmmmm,
2634 1288 2823 1336 APUD
2856 1287 3193 1337 Daemon

1027 1389 1299 1439 vomens
1340 1390 1607 1455 Assum,
1648 1389 1833 1437 ANTE
1876 1388 2060 1438 sUAM
2102 1387 2654 1437 Rsssronsionssu.
3322 1381 3356 1436 5

586 1505 845 1571 Placuit
861 1555 880 1589 ,
923 1505 1098 1594 qu‘od
1138 1507 1402 1572 inantea
1441 1506 1752 1591 magister
1793 1505 2077 1587 arcium,
2122 1505 2192 1568 in
2247 1502 2379 1569 alia
2428 1503 2857 1569 universitate
2911 1512 3270 1590 promotus,

400 1606 478 1671 si
537 1607 609 1670 in
668 1606 797 1670 ista
850 1605 1007 1671 velit
1063 1605 1457 1693 respondere
1515 1628 1637 1692 pro
1697 1604 2152 1694 assumpcione
2217 1603 2305 1669 ad
2359 1603 2736 1669 facultatem
2789 1613 2854 1669 et
2907 1603 3103 1668 fuerit
3158 1602 3273 1668 ad·

395 1706 663 1771 missus
681 1754 699 1788 ,
766 1704 960 1770 debet
1016 1704 1248 1770 offerre
1304 1714 1437 1770 tres
1499 1703 1717 1770 titulos
1785 1703 2270 1792 quaestionum,
2336 1726 2421 1769 ex
2481 1703 2717 1791 quibus
2772 1702 3061 1768 decanus
3125 1725 3272 1768 cum

406 1815 702 1892 quatuor
756 1805 1119 1871 senioribus
1176 1805 1522 1872 nacionum
1575 1805 1816 1890 poterit
1865 1803 2107 1889 eligere
2162 1825 2359 1869 unum
2417 1802 2544 1868 sibi
2598 1802 2962 1890 placentem
3021 1810 3087 1867 et
3140 1825 3273 1867 ma-

398 1907 626 1989 gistro
665 1903 902 1970 volenti
931 1904 1329 1992 respondere
1358 1902 1631 1970 eundem
1660 1904 2017 1989 assignare.
2105 1902 2236 1983 Qui
2269 1904 2579 1989 magister
2621 1900 3047 1968 assumendus
3077 1900 3272 1968 debet
3293 1911 3355 1968 10

412 2014 580 2068 tunc
619 2004 902 2070 formare
954 2006 1131 2070 circa
1188 2006 1591 2089 assignatum
1645 2001 1907 2068 titulum
1961 2001 2407 2068 conclusiones
2469 2011 2535 2066 et
2586 2000 2938 2068 correlaria
2991 2023 3071 2067 ac
3126 2011 3277 2067 ante

407 2101 587 2169 duos
634 2102 772 2168 dies
821 2127 976 2170 suae
1018 2105 1459 2192 responsionis
1503 2101 1777 2168 eundem
1820 2125 1937 2189 per
1975 2101 2287 2167 famulum
2331 2102 2775 2167 universitatis
2826 2103 3044 2167 facere
3087 2123 3274 2189 prae-

416 2203 670 2268 sentari
712 2202 1010 2269 omnibus
1052 2206 1416 2291 magistris,
1459 2215 1593 2268 tam
1632 2204 1702 2267 in
1743 2224 1938 2289 quam
1980 2212 2169 2267 extra
2211 2202 2548 2268 consilium
2601 2199 2934 2266 facultatis
2986 2202 3269 2266 existen·

420 2301 621 2386 tibus,
661 2312 733 2368 ut
770 2304 1067 2389 magistri
1104 2302 1185 2368 de
1229 2305 1367 2370 eius
1411 2303 1744 2392 posicione
1780 2300 2137 2367 reddantur
2179 2301 2520 2368 cerciores·

1816 2475 1876 2536 2.
3290 2474 3352 2530 15

561 2602 756 2668 ,Item
799 2601 1073 2688 placuit,
1115 2602 1292 2688 quod
1346 2601 1558 2668 nullus
1609 2602 1923 2689 magister
1977 2601 2059 2666 de
2112 2599 2244 2665 alia
2291 2598 2715 2665 universitate
2759 2606 3050 2665 nostram
3092 2619 3275 2664 acce·

423 2700 588 2766 dens
632 2699 826 2766 debet
865 2700 1120 2767 admitti
1179 2702 1266 2770 ad
1321 2701 1844 2790 respondendum
1905 2723 2027 2789 pro
2085 2691 2526 2788 assumptione
2569 2698 2656 2764 ad
2697 2697 3068 2763 facultatem
3087 2747 3105 2781 ,
3147 2698 3275 2762 nisi

422 2801 608 2887 prius
652 2801 988 2887 promittat
1030 2801 1275 2867 decano
1323 2801 1634 2889 stipulata
1676 2825 1872 2868 manu
1913 2811 1979 2866 et
2019 2799 2140 2865 sub
2182 2799 2355 2865 bona
2407 2798 2565 2881 fide,
2621 2796 2794 2884 quod
2855 2797 3277 2884 responsione

422 2899 600 2964 facta
642 2899 800 2964 velit
839 2912 1061 2987 petere
1104 2924 1224 2989 pro
1272 2903 1726 2989 assumpcione
1769 2900 1853 2966 ad
1895 2899 2269 2965 facultatem
2326 2906 2391 2962 et
2443 2906 2782 2983 praestare
2838 2897 3275 2961 iuramentum

424 3009 802 3064 consuetum
847 2999 928 3064 de
979 2998 1412 3086 legittimitate
1467 3011 1530 3065 et
1585 3000 1732 3066 aliis
1786 3002 1854 3065 in
1910 2998 2165 3064 statutis
2221 2998 2565 3079 contentis,
2626 3007 2690 3060 et
2741 2996 3076 3082 signanter
3116 2995 3276 3060 velit
3292 3001 3362 3060 20

436 3097 689 3164 solvere
731 3098 1042 3165 solvenda
1085 3109 1148 3165 et
1184 3101 1402 3165 facere
1440 3100 1742 3166 facienda
1786 3101 1972 3165 iuxta
2012 3095 2339 3163 facultatis
2380 3097 2630 3161 arcium
2673 3103 2941 3161 statuta.

1821 3272 1877 3335 3.

589 3398 753 3463 Item
796 3397 989 3464 debet
1030 3398 1206 3464 idem
1250 3403 1561 3487 magister
1606 3398 2036 3467 assumendus
2082 3420 2224 3463 esse
2280 3395 2584 3462 astrictus
2647 3403 2786 3461 tota
2845 3393 2953 3461 die
3008 3414 3273 3483 respon·

427 3496 601 3581 dere,
647 3501 702 3563 si
739 3498 967 3564 saltem
1007 3501 1308 3585 magistri
1349 3509 1694 3587 arguentes
1739 3499 1826 3565 ad
1863 3508 2115 3564 tantum
2156 3495 2471 3583 temporis
2515 3504 2891 3580 praesentes
2932 3495 3189 3561 fuerint.

425 3688 484 3749 4.
517 3698 892 3748 ΒΤΑΤΠΤΠΜ
919 3699 1327 3748 MAGISTRUM
1348 3701 1817 3750 ASSUMENDUM
1842 3700 2021 3749 POST
2048 3698 2205 3746 EIUS
2234 3693 2765 3747 RESPONSIONEM
2796 3694 3271 3760 CONCERNENS,
3290 3685 3358 3742 25

763 3799 970 3887 quod
1017 3799 1186 3887 legi
1237 3799 1483 3866 debet
1524 3801 1603 3865 in
1645 3799 2134 3890 praesencia
2187 3797 2445 3863 totius
2486 3793 2946 3860 facultatis.

603 3948 887 4033 Placuit,
944 3949 1115 4038 quod
1167 3949 1378 4017 nullus
1434 3950 1894 4037 magistrorum
1966 3948 2232 4014 alterius
2290 3944 2735 4012 universitatis
2752 3993 2770 4027 ,
2824 3943 3055 4010 saltem
3111 3941 3276 4009 Ger-

425 4050 690 4115 maniae
708 4098 727 4132 ,
771 4049 857 4114 ad
897 4047 1271 4115 facultatem
1324 4052 1573 4116 arcium
1614 4059 2011 4132 assumatur,
2053 4048 2181 4113 nisi
2224 4047 2408 4134 prius
2450 4047 2518 4111 in
2563 4045 2689 4110 hac
2725 4045 3150 4110 universitate
3192 4041 3278 4107 ad

430 4157 679 4214 certum
724 4157 1014 4236 tempus,
1056 4160 1216 4236 puta
1258 4149 1343 4215 ad
1387 4149 1641 4216 dimidii
1681 4151 1836 4214 anni
1878 4149 2206 4236 spacium,
2261 4146 2512 4211 steterit
2572 4153 2663 4210 etx
2687 4143 2979 4210 moribus
3023 4165 3103 4208 ac
3141 4144 3281 4207 vita

427 4246 744 4314 laudabili
804 4248 1263 4336 comprobatus
1324 4250 1539 4315 fuerit.
1641 4249 1732 4314 Et
1784 4249 1936 4331 hoc,
1997 4249 2053 4312 si
2111 4247 2182 4311 in
2236 4246 2405 4310 ista¹
2463 4243 2885 4310 universitate
2955 4256 3148 4308 antea
3200 4242 3272 4306 in
3290 4250 3361 4307 30

431 4347 874 4413 baccalarium
914 4356 1247 4436 promotus
1291 4349 1404 4432 sit3
1454 4350 1511 4414 si
1553 4371 1709 4414 vero
1754 4348 2012 4413 omnino
2058 4355 2408 4411 extraneus
2452 4344 2674 4425 fuerit,
2718 4341 2805 4407 ad
2842 4342 3082 4429 integri
3121 4341 3277 4407 anni

430 4445 823 4512 curriculum
861 4450 1000 4513 vita
1041 4458 1105 4514 et
1142 4446 1431 4513 moribus
1473 4447 1930 4536 comprobetur
1973 4456 2039 4513 et
2093 4445 2357 4512 tandem
2408 4446 2596 4509 iuxta
2647 4441 2975 4508 facultatis
3029 4442 3278 4507 arcium

431 4556 672 4612 statuta
714 4557 1114 4629 assumatur,
1155 4548 1249 4611 ita
1287 4546 1461 4635 quod
1502 4558 1774 4635 uterque
1816 4569 1934 4612 sex
1986 4546 2266 4611 florenos
2323 4544 2567 4627 solvat,
2625 4563 2895 4628 quorum
2950 4540 3266 4607 medietas

429 4645 620 4712 cedat
669 4645 992 4728 facultati,
1036 4645 1167 4711 alia
1209 4669 1361 4712 vero
1408 4647 1721 4712 medietas
1780 4669 1899 4734 pro
1946 4644 2050 4731 [32
2067 4641 2119 4732 ⁸]
2172 4644 2521 4709 refectione
2585 4642 3049 4727 magistrorum
3113 4639 3271 4705 dicti

429 4744 684 4810 consilii
713 4745 1040 4823 facultatis
1069 4746 1522 4812 distribuaturs
1598 4745 1940 4834 Debetque
1982 4744 2157 4810 idem
2198 4751 2529 4831 promotus
2570 4744 2639 4807 in
2679 4740 2809 4806 alia
2847 4740 3269 4806 universitate
3287 4749 3356 4805 35

427 4845 740 4930 magister
782 4845 1016 4912 docere
1057 4866 1239 4911 suam
1282 4848 1762 4933 promocionem
1802 4845 2037 4910 litteris
2096 4843 2436 4910 autenticis
2495 4864 2650 4907 suae
2715 4839 3159 4907 universitatis
3207 4848 3273 4904 et

429 4944 778 5029 facultatis,
811 4945 916 5012 vel
942 4946 1183 5012 habere
1210 4946 1373 5012 duos
1401 4946 1771 5031 magistros,
1811 4946 1922 5034 qui
1965 4967 2087 5031 pro
2130 4966 2206 5010 eo
2250 4941 2664 5024 fideiubeant,
2707 4951 2781 5006 ut
2820 4938 2984 5005 tales
3024 4936 3272 5005 litteras

607 5183 625 5233 1
665 5178 926 5249 Beachte,
961 5179 1063 5234 mit
1095 5180 1157 5233 in
1182 5178 1286 5233 hac
1317 5179 1465 5232 mciv.
1502 5176 1575 5233 ist
1606 5176 1696 5231 die
1730 5174 1952 5246 fremde‚
1987 5176 2089 5231 mit
2123 5176 2183 5231 in
2216 5176 2327 5231 ista
2358 5176 2507 5233 univ.
2544 5173 2636 5230 die
2668 5170 3012 5230 Universiffit
3044 5170 3281 5244 Leipzig

430 5262 687 5333 gemeint.
