4038 6358
1312 644 1412 695 Die
1448 643 1691 696 Statnten
1725 659 1833 696 von
1869 643 2225 697 1439-1511.
3076 648 3184 711 191

427 866 504 927 9.
556 879 649 927 ΒΕ
690 876 1032 927 Pssomsso
1075 876 1596 943 MAGISTRORUM,
1639 876 1832 937 QUOD
1876 876 2106 925 FACTO
2147 876 2553 925 IURALOENTO
2595 877 2640 924 A
2681 877 3113 927 PRAEPOSITO

1266 978 1398 1026 SIBI
1439 976 1837 1025 PRAESTARE
1886 976 2280 1024 TENENTUR.

512 1094 672 1158 Item
726 1092 901 1158 facto
943 1094 1304 1158 iuramento
1350 1092 1710 1179 praepositi
1757 1091 2030 1180 quilibet
2069 1093 2381 1177 magister
2425 1091 2762 1178 promittat
2802 1095 3196 1180 praeposite,

315 1192 526 1278 quod
563 1192 721 1257 velit
762 1192 848 1257 ad
888 1193 1395 1258 convocaciones
1437 1192 1646 1277 ipsius
1689 1192 2045 1278 praepositi
2087 1193 2311 1255 venire
2354 1200 2465 1258 aut
2509 1212 2752 1277 poenas
2797 1191 3046 1258 solvere
3088 1203 3198 1258 aut

312 1312 399 1354 se
440 1291 677 1378 poenis
721 1291 1103 1358 submittere
1140 1293 1209 1355 in
1244 1301 1468 1356 tenore
1498 1290 1992 1355 convocacionis
2026 1290 2378 1376 expressis,
2421 1299 2486 1355 et
2516 1291 2956 1355 reverenciam
2983 1301 3200 1357 tenere
3247 1305 3280 1359 5

314 1411 509 1475 erga
565 1393 1012 1478 praepositum
1066 1391 1135 1455 in
1178 1410 1406 1454 mensa
1461 1388 1745 1473 collegii,
1804 1390 1871 1453 in
1928 1388 2512 1455 convocacionibus
2569 1401 2638 1455 et·
2689 1391 2755 1454 in
2809 1389 2956 1456 aliis
3012 1392 3200 1458 factis

316 1488 607 1577 collegii
659 1500 725 1555 et
782 1490 1061 1556 fideliter
1117 1490 1491 1578 praeposito
1547 1489 1851 1554 assistere
1906 1489 1973 1552 in
2033 1488 2160 1554 hiis
2219 1512 2384 1576 quae
2440 1488 2680 1558 bonum
2742 1489 2997 1577 collegii
3055 1513 3202 1558 con-

316 1599 633 1655 cernunt.

769 1729 861 1790 10.
903 1740 998 1787 DE
1041 1737 1375 1787 COMPUTO
1416 1737 1551 1785 PER
1594 1738 2082 1787 PRAEPOSITUM
2126 1739 2387 1787 FIENDO
2428 1739 2519 1786 ET
2565 1738 2810 1787 POENA.

507 1857 673 1922 Item
720 1853 991 1942 quilibet
1045 1855 1459 1941 praepositus
1511 1863 1763 1919 tenetur
1815 1852 1916 1918 bis
1972 1854 2190 1918 facere
2240 1856 2569 1920 racionem
2617 1854 2699 1920 de
2751 1857 3069 1943 expositis
3128 1868 3193 1924 et
3218 1869 3281 1925 10

326 1958 676 2043 perceptis
738 1977 893 2020 suae
951 1956 1479 2042 praepositurae,
1542 1954 1635 2018 ita
1692 1952 1864 2040 quod
1922 1954 2094 2020 infra
2149 1955 2430 2042 primum
2490 1977 2774 2019 mensem
2832 1957 3201 2023 immediate

328 2067 721 2142 sequentem
764 2055 1044 2141 primum
1087 2053 1368 2118 medium
1412 2075 1650 2117 annum
1695 2075 1851 2117 suae
1908 2055 2404 2141 praepositurae
2460 2054 2683 2137 semel,
2743 2063 2810 2120 et
2861 2057 2929 2120 in
2991 2060 3199 2144 primo

328 2176 567 2219 mense
609 2154 981 2219 immediate
1025 2163 1331 2241 sequente
1359 2152 1552 2216 finem
1592 2175 1748 2217 suae
1777 2155 2277 2240 praepositurae
2303 2152 2628 2219 tenebitur
2658 2154 2952 2221 similiter
2982 2159 3199 2223 facere

330 2255 697 2338 racionem,
740 2252 859 2320 sub
903 2276 1113 2343 poena
1154 2254 1342 2318 unius
1387 2274 1769 2338 sexagenae.

340 2443 371 2502 1
392 2443 447 2502 1.
480 2432 606 2523 [Bl.
632 2432 734 2523 3¹³]
765 2454 859 2501 m:
888 2453 1279 2502 sammoni:
1308 2451 1805 2500 ExPOSvroRUM
1835 2453 1969 2500 rna
1998 2453 2488 2502 emrosl'rnu
2533 2452 2883 2501 confflem
2925 2453 3198 2501 rmum.
3224 2447 3284 2501 15

516 2569 679 2636 Item
736 2571 1295 2657 quocienscunque
1351 2570 1765 2655 praepositus
1822 2569 2017 2633 fuerit
2077 2568 2426 2657 requisitus
2486 2590 2604 2656 per
2656 2567 2938 2655 aliquem
2995 2571 3198 2655 magi·

343 2679 559 2733 strum
615 2667 696 2732 de
754 2668 1046 2754 collegio,
1103 2679 1355 2734 tenetur
1412 2689 1737 2733 summare
1791 2689 1986 2732 unam
2044 2668 2494 2754 septimanam,
2554 2667 2716 2732 duas
2770 2666 2872 2733 vel
2927 2679 3078 2750 tres,
3137 2681 3200 2733 et

346 2767 599 2832 dictam
647 2791 963 2833 summam
1005 2766 1108 2832 vel
1166 2789 1450 2833 summas
1496 2766 1765 2853 collegio
1808 2767 1980 2831 infra
2024 2790 2220 2831 unam
2265 2769 2692 2853 septimanam
2734 2790 2888 2834 suae
2933 2769 3200 2854 requisi-

349 2869 558 2934 cionis
598 2867 921 2935 tenebitur
966 2866 1276 2950 indicare,
1319 2865 1437 2932 sub
1481 2885 1692 2952 poena
1734 2865 2042 2932 dimidiae
2083 2888 2470 2954 sexagenae.

523 3056 614 3118 12.
661 3069 754 3117 DE
801 3067 1127 3120 TEMPORE
1168 3063 1666 3116 INSCRIPCIONIS
1708 3065 2207 3114 EXPOSITORUM
2246 3066 2382 3115 Pnss
2425 3066 3042 3117 PRAEPOSITUM'AD
3217 3059 3287 3116 20

1393 3164 1791 3216 REGISTRUM
1832 3166 2154 3214 FIENDAE.

526 3285 685 3350 Item
726 3282 996 3371 quilibet
1039 3286 1449 3371 praepositus
1491 3281 1779 3370 quolibet
1820 3281 1925 3347 die
1966 3303 2124 3347 suae
2165 3284 2663 3373 praepositurae
2700 3292 2952 3350 tenetur
2990 3282 3205 3348 facere

358 3383 561 3449 scribi
620 3382 878 3469 singula
918 3382 1005 3447 ad
1059 3384 1437 3469 registrum,
1497 3404 1663 3469 quae
1717 3402 1835 3467 per
1879 3403 2027 3447 eum
2076 3383 2304 3448 eodem
2355 3382 2460 3448 die
2511 3392 2700 3449 erunt
2751 3384 3080 3472 exposita,
3141 3394 3203 3447 et

356 3483 488 3551 tale
526 3484 877 3570 registrum
917 3493 1167 3549 tenetur
1211 3492 1633 3569 praesentare
1676 3483 2035 3547 successori
2077 3504 2216 3549 suo.

362 3672 457 3734 13.
503 3684 596 3730 DE
641 3682 1121 3732 DISPOSICIONE
1164 3682 1434 3730 MENSAE
1480 3682 1693 3731 IUXTA
1734 3680 2208 3729 VOLUNTATEM
2253 3683 2531 3733 MAIORIS
2575 3682 2819 3731 PARTIS
2859 3664 3290 3732 commem&

523 3798 685 3865 Item
729 3799 1138 3886 praepositus
1179 3821 1299 3885 pro
1341 3806 1634 3884 tempore
1677 3798 1962 3862 existens
2006 3806 2259 3863 tenetur
2301 3820 2528 3886 regere
2570 3822 2858 3865 mensam
2898 3801 2967 3864 in
3006 3821 3206 3887 quan-

360 3899 544 3963 titate
585 3908 648 3963 et
691 3898 1001 3985 qualitate
1051 3895 1441 3961 ferculorum
1492 3898 1678 3961 iuxta
1719 3896 2046 3961 dictamen
2097 3899 2361 3963 maioris
2412 3902 2619 3986 partis
2667 3898 2945 3987 collegii.
3025 3900 3205 3967 Idem

362 4000 485 4075 erit
527 3998 608 4065 de
654 3998 1066 4065 cerevisiario
1111 4018 1235 4083 quo
1278 3994 1365 4061 ad
1405 3996 1666 4063 modum
1708 3997 2100 4082 respiciendi
2141 4000 2539 4065 cerevisiam.

491 4173 582 4233 14.
631 4164 731 4231 ΒΕ
769 4176 1348 4230 COMPETENTIBUS
1390 4179 1726 4228 mucuns
1769 4180 1905 4227 PER
1945 4180 2428 4231 PRAEPosrrtm
2468 4183 2682 4232 mx'rA
2726 4182 3103 4233 consulum

1294 4279 1756 4328 AEDI‘ruoRtm
1795 4279 2284 4329 mspommms.
3219 4274 3289 4332 30

530 4397 691 4463 Item
734 4406 984 4463 tenetur
1024 4396 1197 4462 idem
1238 4390 1653 4482 praepositus
1688 4396 2037 4482 respicere,
2090 4394 2268 4481 quod
2309 4399 2752 4484 competencia
2802 4398 3049 4466 fercula
3086 4422 3205 4487 pro

365 4521 591 4564 mensa
643 4499 1103 4584 magistrorum
1160 4493 1414 4578 dentur,
1475 4505 1538 4561 et
1596 4494 1770 4582 quod
1827 4494 2043 4561 debite
2102 4495 2541 4583 decoquantur
2598 4506 2662 4561 et
2719 4496 3203 4563 distribuantur.

365 4599 655 4665 Tenetur
709 4600 913 4663 eciam
975 4594 1366 4681 aliquociens
1424 4595 1491 4659 in
1544 4616 1765 4660 mense
1823 4616 1965 4659 cum
2021 4594 2330 4678 aedituis,
2400 4604 2466 4660 et
2520 4595 2762 4661 aeditui
2826 4619 2971 4662 cum
3038 4598 3203 4684 ipso,

365 4709 649 4764 tractare
714 4696 797 4762 de
862 4693 1251 4761 ferculorum
1314 4693 1625 4783 qualitate
1689 4703 1754 4759 et
1817 4695 2176 4782 quantitate
2253 4707 2318 4761 et
2388 4718 2607 4761 eorum
2677 4696 3203 4762 informacionem

370 4798 583 4886 sequi,
660 4797 913 4884 ipsique
987 4794 1233 4859 aeditui
1307 4795 1490 4859 iuxta
1561 4815 1787 4859 eorum
1854 4793 2318 4859 discrecionem
2389 4804 2684 4861 tenentur
2760 4797 3204 4881 praepositum
3221 4806 3290 4863 35

368 4897 449 4963 de
511 4894 879 4961 huiusmodi
944 4892 1252 4982 qualitate
1318 4903 1382 4959 et
1441 4894 1800 4981 quantitate
1873 4913 1953 4955 ac
2012 4891 2159 4957 aliis
2222 4892 2499 4960 fideliter
2561 4895 2912 4961 informare
2930 4942 2948 4975 ‚
3030 4895 3205 4959 aedi-

367 4998 463 5063 tui
504 4997 732 5078 eciam,
787 4993 1106 5060 collectim
1148 4992 1252 5057 vel
1308 4991 1570 5057 divisim
1626 4991 1923 5077 requisiti
1977 5013 2174 5076 super
2218 4991 2576 5058 defectibus
2619 5015 2882 5059 mensae
2923 4992 3027 5057 vel
3080 4995 3209 5060 col-

368 5096 541 5184 legii,
582 5092 896 5183 ‘similiter
947 5093 1389 5181 praepositum
1443 5090 1721 5156 fideliter
1778 5089 2146 5172 informare,
2199 5099 2272 5154 ut
2325 5089 2691 5157 huiusmodi
2736 5089 2801 5180 [4
2815 5090 2868 5180 ⁸]
2920 5091 3210 5171 defectus

369 5196 754 5286 quantocius
797 5194 1037 5281 poterit
1077 5192 1388 5258 emendet.
1474 5190 1759 5258 Tenetur
1803 5189 2009 5256 eciam
2053 5191 2464 5279 praepositus
2503 5191 2669 5259 tales
2709 5190 3007 5260 aedituos
3045 5196 3210 5261 cari·

368 5297 570 5363 tative
612 5302 679 5362 et
721 5316 867 5359 cum
910 5293 1247 5382 paciencia
1289 5288 1535 5357 audire.
3225 5303 3295 5360 40
