<?xml version="1.0" encoding="UTF-8"?>
<!DOCTYPE html PUBLIC "-//W3C//DTD XHTML 1.0 Transitional//EN"
    "http://www.w3.org/TR/xhtml1/DTD/xhtml1-transitional.dtd">
<html xmlns="http://www.w3.org/1999/xhtml" xml:lang="en" lang="en">
 <head>
  <title>
</title>
<meta http-equiv="Content-Type" content="text/html;charset=utf-8" />
  <meta name='ocr-system' content='tesseract 3.04.00' />
  <meta name='ocr-capabilities' content='ocr_page ocr_carea ocr_par ocr_line ocrx_word'/>
</head>
<body>
  <div class='ocr_page' id='page_1' title='image "./diestatutenbche02leipgoog_0276.png"; bbox 0 0 4038 6358; ppageno 0'>
   <div class='ocr_carea' id='block_1_1' title="bbox 785 569 2471 640">
    <p class='ocr_par' dir='ltr' id='par_1_1' title="bbox 785 569 2471 640">
     <span class='ocr_line' id='line_1_1' title="bbox 785 569 2471 640; baseline 0 -18"><span class='ocrx_word' id='word_1_1' title='bbox 785 573 906 637; x_wconf 80' lang='grc'><strong>260</strong></span> <span class='ocrx_word' id='word_1_2' title='bbox 1892 571 2003 621; x_wconf 86' lang='lat' dir='ltr'><strong>Das</strong></span> <span class='ocrx_word' id='word_1_3' title='bbox 2041 570 2219 640; x_wconf 73' lang='lat' dir='ltr'><strong>kleine</strong></span> <span class='ocrx_word' id='word_1_4' title='bbox 2257 569 2471 635; x_wconf 73' lang='lat' dir='ltr'><strong>colleg.</strong></span> 
     </span>
    </p>
   </div>
   <div class='ocr_carea' id='block_1_2' title="bbox 784 744 3684 937">
    <p class='ocr_par' dir='ltr' id='par_1_2' title="bbox 784 744 3684 937">
     <span class='ocr_line' id='line_1_2' title="bbox 785 744 3684 839; baseline -0.002 -22"><span class='ocrx_word' id='word_1_5' title='bbox 785 774 1031 839; x_wconf 85' lang='lat' dir='ltr'>proque</span> <span class='ocrx_word' id='word_1_6' title='bbox 1077 744 1369 814; x_wconf 87' lang='lat' dir='ltr'><strong>semestri</strong></span> <span class='ocrx_word' id='word_1_7' title='bbox 1411 748 1693 838; x_wconf 80' lang='lat' dir='ltr'><strong>hyemali</strong></span> <span class='ocrx_word' id='word_1_8' title='bbox 1747 750 2112 816; x_wconf 81' lang='lat' dir='ltr'><strong>distribuat.</strong></span> <span class='ocrx_word' id='word_1_9' title='bbox 2198 749 2383 832; x_wconf 82' lang='lat' dir='ltr'><strong>Quae</strong></span> <span class='ocrx_word' id='word_1_10' title='bbox 2429 772 2586 815; x_wconf 85' lang='lat' dir='ltr'><strong>vero</strong></span> <span class='ocrx_word' id='word_1_11' title='bbox 2636 747 2873 814; x_wconf 88' lang='lat' dir='ltr'><strong>deinde</strong></span> <span class='ocrx_word' id='word_1_12' title='bbox 2924 748 3011 815; x_wconf 91' lang='lat' dir='ltr'><strong>ad</strong></span> <span class='ocrx_word' id='word_1_13' title='bbox 3051 747 3390 814; x_wconf 76' lang='lat' dir='ltr'><strong>Michaelis</strong></span> <span class='ocrx_word' id='word_1_14' title='bbox 3430 746 3684 812; x_wconf 72' lang='lat' dir='ltr'><strong>ferias</strong></span> 
     </span>
     <span class='ocr_line' id='line_1_3' title="bbox 784 845 3680 937; baseline -0.002 -22"><span class='ocrx_word' id='word_1_15' title='bbox 784 859 847 915; x_wconf 90' lang='lat' dir='ltr'><strong>et</strong></span> <span class='ocrx_word' id='word_1_16' title='bbox 887 861 1179 936; x_wconf 89' lang='lat' dir='ltr'><strong>tempore</strong></span> <span class='ocrx_word' id='word_1_17' title='bbox 1225 851 1516 937; x_wconf 82' lang='lat' dir='ltr'><strong>sequenti</strong></span> <span class='ocrx_word' id='word_1_18' title='bbox 1563 849 1647 914; x_wconf 89' lang='lat' dir='ltr'><strong>ad</strong></span> <span class='ocrx_word' id='word_1_19' title='bbox 1691 850 1884 915; x_wconf 89' lang='lat' dir='ltr'><strong>finem</strong></span> <span class='ocrx_word' id='word_1_20' title='bbox 1924 871 2129 934; x_wconf 88' lang='lat' dir='ltr'><strong>usque</strong></span> <span class='ocrx_word' id='word_1_21' title='bbox 2171 849 2326 913; x_wconf 89' lang='lat' dir='ltr'><strong>anni</strong></span> <span class='ocrx_word' id='word_1_22' title='bbox 2366 870 2449 913; x_wconf 83' lang='lat' dir='ltr'><strong>ex</strong></span> <span class='ocrx_word' id='word_1_23' title='bbox 2475 847 2884 932; x_wconf 88' lang='lat' dir='ltr'><strong>Weisenfels,</strong></span> <span class='ocrx_word' id='word_1_24' title='bbox 2930 847 3252 930; x_wconf 83' lang='lat' dir='ltr'><strong>Mitwede,</strong></span> <span class='ocrx_word' id='word_1_25' title='bbox 3295 845 3680 934; x_wconf 79' lang='lat' dir='ltr'><strong>precariis,</strong></span> 
     </span>
    </p>
   </div>
   <div class='ocr_carea' id='block_1_3' title="bbox 781 944 3680 1114">
    <p class='ocr_par' dir='ltr' id='par_1_3' title="bbox 781 944 3680 1114">
     <span class='ocr_line' id='line_1_4' title="bbox 781 944 3680 1035; baseline -0.002 -22"><span class='ocrx_word' id='word_1_26' title='bbox 781 948 990 1015; x_wconf 89' lang='lat' dir='ltr'><strong>tribus</strong></span> <span class='ocrx_word' id='word_1_27' title='bbox 1036 950 1227 1034; x_wconf 83' lang='lat' dir='ltr'><strong>pagis</strong></span> <span class='ocrx_word' id='word_1_28' title='bbox 1270 958 1333 1012; x_wconf 87' lang='lat' dir='ltr'><strong>et</strong></span> <span class='ocrx_word' id='word_1_29' title='bbox 1376 970 1457 1012; x_wconf 82' lang='lat' dir='ltr'><strong>ex</strong></span> <span class='ocrx_word' id='word_1_30' title='bbox 1486 947 1754 1035; x_wconf 89' lang='lat' dir='ltr'><strong>Torgau</strong></span> <span class='ocrx_word' id='word_1_31' title='bbox 1794 949 2139 1035; x_wconf 87' lang='lat' dir='ltr'><strong>acceperit,</strong></span> <span class='ocrx_word' id='word_1_32' title='bbox 2185 969 2263 1013; x_wconf 90' lang='lat' dir='ltr'><strong>ea</strong></span> <span class='ocrx_word' id='word_1_33' title='bbox 2306 946 2392 1012; x_wconf 89' lang='lat' dir='ltr'><strong>ad</strong></span> <span class='ocrx_word' id='word_1_34' title='bbox 2435 956 2750 1013; x_wconf 83' lang='lat' dir='ltr'><strong>aestatem</strong></span> <span class='ocrx_word' id='word_1_35' title='bbox 2791 948 3184 1035; x_wconf 86' lang='lat' dir='ltr'><strong>pertinentia</strong></span> <span class='ocrx_word' id='word_1_36' title='bbox 3229 968 3349 1034; x_wconf 89' lang='lat' dir='ltr'><strong>pro</strong></span> <span class='ocrx_word' id='word_1_37' title='bbox 3384 944 3680 1011; x_wconf 78' lang='lat' dir='ltr'><strong>aestivo</strong></span> 
     </span>
     <span class='ocr_line' id='line_1_5' title="bbox 783 1046 1396 1114; baseline -0.007 0"><span class='ocrx_word' id='word_1_38' title='bbox 783 1047 1081 1114; x_wconf 85' lang='lat' dir='ltr'><strong>semestri</strong></span> <span class='ocrx_word' id='word_1_39' title='bbox 1127 1046 1396 1111; x_wconf 89' lang='lat' dir='ltr'><strong>dividat.</strong></span> 
     </span>
    </p>
   </div>
   <div class='ocr_carea' id='block_1_4' title="bbox 697 1175 2508 1346">
    <p class='ocr_par' dir='ltr' id='par_1_4' title="bbox 697 1175 2508 1346">
     <span class='ocr_line' id='line_1_6' title="bbox 697 1175 2508 1229; baseline -0.002 0"><span class='ocrx_word' id='word_1_40' title='bbox 697 1175 730 1229; x_wconf 80' lang='lat'>5</span> <span class='ocrx_word' id='word_1_41' title='bbox 1918 1180 2012 1227; x_wconf 86' lang='lat' dir='ltr'><strong>DE</strong></span> <span class='ocrx_word' id='word_1_42' title='bbox 2057 1178 2508 1228; x_wconf 79' lang='lat' dir='ltr'><strong>CERVISIARIO.</strong></span> 
     </span>
     <span class='ocr_line' id='line_1_7' title="bbox 1932 1295 2495 1346; baseline 0.004 -2"><span class='ocrx_word' id='word_1_43' title='bbox 1932 1298 2266 1346; x_wconf 74' lang='lat' dir='ltr'><strong>statutum</strong></span> <span class='ocrx_word' id='word_1_44' title='bbox 2308 1295 2495 1346; x_wconf 85' lang='lat' dir='ltr'><strong>XXV.</strong></span> 
     </span>
    </p>
   </div>
   <div class='ocr_carea' id='block_1_5' title="bbox 701 1401 3662 2288">
    <p class='ocr_par' dir='ltr' id='par_1_5' title="bbox 781 1401 3662 1693">
     <span class='ocr_line' id='line_1_8' title="bbox 949 1401 3662 1498; baseline -0.001 -22"><span class='ocrx_word' id='word_1_45' title='bbox 949 1410 1037 1498; x_wconf 71' lang='lat' dir='ltr'><strong>[S.</strong></span> <span class='ocrx_word' id='word_1_46' title='bbox 1084 1411 1187 1497; x_wconf 84' lang='lat'><strong>30]</strong></span> <span class='ocrx_word' id='word_1_47' title='bbox 1246 1411 1680 1477; x_wconf 86' lang='lat' dir='ltr'><strong>Cervisiarius</strong></span> <span class='ocrx_word' id='word_1_48' title='bbox 1728 1409 1883 1497; x_wconf 86' lang='lat' dir='ltr'><strong>eligi</strong></span> <span class='ocrx_word' id='word_1_49' title='bbox 1923 1408 2119 1473; x_wconf 92' lang='lat' dir='ltr'><strong>debet</strong></span> <span class='ocrx_word' id='word_1_50' title='bbox 2161 1401 2480 1472; x_wconf 87' lang='lat' dir='ltr'><strong>Kalendis</strong></span> <span class='ocrx_word' id='word_1_51' title='bbox 2523 1407 2718 1474; x_wconf 90' lang='lat' dir='ltr'><strong>Mart.</strong></span> <span class='ocrx_word' id='word_1_52' title='bbox 2802 1407 3006 1475; x_wconf 84' lang='lat' dir='ltr'><strong>Cuius</strong></span> <span class='ocrx_word' id='word_1_53' title='bbox 3048 1406 3309 1496; x_wconf 90' lang='lat' dir='ltr'><strong>quidem</strong></span> <span class='ocrx_word' id='word_1_54' title='bbox 3355 1407 3662 1473; x_wconf 87' lang='lat' dir='ltr'><strong>officium</strong></span> 
     </span>
     <span class='ocr_line' id='line_1_9' title="bbox 781 1505 3656 1595; baseline -0.002 -20"><span class='ocrx_word' id='word_1_55' title='bbox 781 1511 905 1576; x_wconf 89' lang='lat' dir='ltr'><strong>hoc</strong></span> <span class='ocrx_word' id='word_1_56' title='bbox 946 1512 1087 1594; x_wconf 91' lang='lat' dir='ltr'><strong>erit,</strong></span> <span class='ocrx_word' id='word_1_57' title='bbox 1132 1522 1221 1592; x_wconf 85' lang='lat' dir='ltr'><strong>ut,</strong></span> <span class='ocrx_word' id='word_1_58' title='bbox 1264 1518 1528 1595; x_wconf 89' lang='lat' dir='ltr'><strong>recepta</strong></span> <span class='ocrx_word' id='word_1_59' title='bbox 1580 1511 1857 1594; x_wconf 88' lang='lat' dir='ltr'><strong>pecunia</strong></span> <span class='ocrx_word' id='word_1_60' title='bbox 1901 1531 1984 1573; x_wconf 84' lang='lat' dir='ltr'><strong>ex</strong></span> <span class='ocrx_word' id='word_1_61' title='bbox 2029 1506 2187 1572; x_wconf 90' lang='lat' dir='ltr'><strong>fisco</strong></span> <span class='ocrx_word' id='word_1_62' title='bbox 2248 1527 2369 1593; x_wconf 87' lang='lat' dir='ltr'><strong>pro</strong></span> <span class='ocrx_word' id='word_1_63' title='bbox 2424 1506 2697 1573; x_wconf 89' lang='lat' dir='ltr'><strong>arbitrio</strong></span> <span class='ocrx_word' id='word_1_64' title='bbox 2752 1507 3158 1572; x_wconf 89' lang='lat' dir='ltr'><strong>dominorum</strong></span> <span class='ocrx_word' id='word_1_65' title='bbox 3219 1505 3300 1570; x_wconf 91' lang='lat' dir='ltr'><strong>de</strong></span> <span class='ocrx_word' id='word_1_66' title='bbox 3345 1506 3656 1593; x_wconf 79' lang='lat' dir='ltr'><strong>collegiO,</strong></span> 
     </span>
     <span class='ocr_line' id='line_1_10' title="bbox 782 1604 3652 1693; baseline -0.002 -19"><span class='ocrx_word' id='word_1_67' title='bbox 782 1611 1127 1674; x_wconf 84' lang='lat' dir='ltr'><strong>cervisiam</strong></span> <span class='ocrx_word' id='word_1_68' title='bbox 1181 1609 1418 1674; x_wconf 86' lang='lat' dir='ltr'><strong>bonam</strong></span> <span class='ocrx_word' id='word_1_69' title='bbox 1463 1617 1712 1672; x_wconf 88' lang='lat' dir='ltr'><strong>mature</strong></span> <span class='ocrx_word' id='word_1_70' title='bbox 1756 1616 2092 1693; x_wconf 90' lang='lat' dir='ltr'><strong>comparet</strong></span> <span class='ocrx_word' id='word_1_71' title='bbox 2145 1611 2207 1669; x_wconf 88' lang='lat' dir='ltr'><strong>et</strong></span> <span class='ocrx_word' id='word_1_72' title='bbox 2249 1604 2491 1669; x_wconf 88' lang='lat' dir='ltr'><strong>vendat</strong></span> <span class='ocrx_word' id='word_1_73' title='bbox 2541 1627 2661 1692; x_wconf 94' lang='lat' dir='ltr'><strong>per</strong></span> <span class='ocrx_word' id='word_1_74' title='bbox 2701 1607 3101 1692; x_wconf 73' lang='lat' dir='ltr'><strong>pincernam,</strong></span> <span class='ocrx_word' id='word_1_75' title='bbox 3158 1607 3443 1670; x_wconf 85' lang='lat' dir='ltr'><strong>rationes</strong></span> <span class='ocrx_word' id='word_1_76' title='bbox 3489 1604 3652 1669; x_wconf 86' lang='lat' dir='ltr'><strong>dili-</strong></span> 
     </span>
    </p>

    <p class='ocr_par' dir='ltr' id='par_1_6' title="bbox 702 1702 3645 2184">
     <span class='ocr_line' id='line_1_11' title="bbox 702 1702 3637 1793; baseline -0.002 -21"><span class='ocrx_word' id='word_1_77' title='bbox 702 1718 767 1773; x_wconf 81' lang='lat'><strong>10</strong></span> <span class='ocrx_word' id='word_1_78' title='bbox 782 1717 1009 1793; x_wconf 85' lang='lat' dir='ltr'><strong>genter</strong></span> <span class='ocrx_word' id='word_1_79' title='bbox 1037 1707 1310 1793; x_wconf 86' lang='lat' dir='ltr'><strong>singulis</strong></span> <span class='ocrx_word' id='word_1_80' title='bbox 1354 1706 1583 1771; x_wconf 84' lang='lat' dir='ltr'><strong>diebus</strong></span> <span class='ocrx_word' id='word_1_81' title='bbox 1619 1715 1683 1769; x_wconf 89' lang='lat' dir='ltr'><strong>et</strong></span> <span class='ocrx_word' id='word_1_82' title='bbox 1723 1704 1804 1769; x_wconf 88' lang='lat' dir='ltr'><strong>de</strong></span> <span class='ocrx_word' id='word_1_83' title='bbox 1849 1703 2120 1790; x_wconf 86' lang='lat' dir='ltr'><strong>singulis</strong></span> <span class='ocrx_word' id='word_1_84' title='bbox 2146 1704 2346 1784; x_wconf 88' lang='lat' dir='ltr'><strong>vasis,</strong></span> <span class='ocrx_word' id='word_1_85' title='bbox 2389 1702 2683 1769; x_wconf 91' lang='lat' dir='ltr'><strong>adhibito</strong></span> <span class='ocrx_word' id='word_1_86' title='bbox 2725 1727 2982 1791; x_wconf 80' lang='lat' dir='ltr'><strong>semper</strong></span> <span class='ocrx_word' id='word_1_87' title='bbox 3012 1727 3141 1770; x_wconf 91' lang='lat' dir='ltr'><strong>uno</strong></span> <span class='ocrx_word' id='word_1_88' title='bbox 3170 1703 3333 1768; x_wconf 89' lang='lat' dir='ltr'><strong>alio¹</strong></span> <span class='ocrx_word' id='word_1_89' title='bbox 3359 1703 3637 1788; x_wconf 80' lang='lat' dir='ltr'><strong>collega,</strong></span> 
     </span>
     <span class='ocr_line' id='line_1_12' title="bbox 782 1802 3645 1893; baseline -0.002 -22"><span class='ocrx_word' id='word_1_90' title='bbox 782 1815 983 1893; x_wconf 91' lang='lat' dir='ltr'><strong>ponat</strong></span> <span class='ocrx_word' id='word_1_91' title='bbox 1026 1815 1088 1871; x_wconf 89' lang='lat' dir='ltr'><strong>et</strong></span> <span class='ocrx_word' id='word_1_92' title='bbox 1129 1804 1512 1871; x_wconf 85' lang='lat' dir='ltr'><strong>conscribat.</strong></span> <span class='ocrx_word' id='word_1_93' title='bbox 1557 1802 1844 1869; x_wconf 90' lang='lat' dir='ltr'><strong>Vendita</strong></span> <span class='ocrx_word' id='word_1_94' title='bbox 1871 1825 2029 1872; x_wconf 86' lang='lat' dir='ltr'><strong>vero</strong></span> <span class='ocrx_word' id='word_1_95' title='bbox 2057 1804 2234 1868; x_wconf 90' lang='lat' dir='ltr'><strong>omni</strong></span> <span class='ocrx_word' id='word_1_96' title='bbox 2274 1803 2573 1884; x_wconf 82' lang='lat' dir='ltr'><strong>cervisia,</strong></span> <span class='ocrx_word' id='word_1_97' title='bbox 2613 1805 2989 1869; x_wconf 84' lang='lat' dir='ltr'><strong>convocatis</strong></span> <span class='ocrx_word' id='word_1_98' title='bbox 3032 1825 3152 1890; x_wconf 89' lang='lat' dir='ltr'><strong>per</strong></span> <span class='ocrx_word' id='word_1_99' title='bbox 3193 1803 3645 1889; x_wconf 86' lang='lat' dir='ltr'><strong>praepositum</strong></span> 
     </span>
     <span class='ocr_line' id='line_1_13' title="bbox 783 1900 3643 1989; baseline -0.002 -21"><span class='ocrx_word' id='word_1_100' title='bbox 783 1904 1067 1989; x_wconf 87' lang='lat' dir='ltr'><strong>collegis,</strong></span> <span class='ocrx_word' id='word_1_101' title='bbox 1126 1904 1299 1968; x_wconf 89' lang='lat' dir='ltr'><strong>intra</strong></span> <span class='ocrx_word' id='word_1_102' title='bbox 1336 1925 1625 1968; x_wconf 87' lang='lat' dir='ltr'><strong>mensem</strong></span> <span class='ocrx_word' id='word_1_103' title='bbox 1681 1903 1966 1968; x_wconf 87' lang='lat' dir='ltr'><strong>rationes</strong></span> <span class='ocrx_word' id='word_1_104' title='bbox 2008 1901 2261 1982; x_wconf 80' lang='lat' dir='ltr'><strong>reddat,</strong></span> <span class='ocrx_word' id='word_1_105' title='bbox 2318 1911 2382 1964; x_wconf 89' lang='lat' dir='ltr'><strong>et</strong></span> <span class='ocrx_word' id='word_1_106' title='bbox 2428 1900 2600 1989; x_wconf 90' lang='lat' dir='ltr'><strong>quod</strong></span> <span class='ocrx_word' id='word_1_107' title='bbox 2655 1900 2819 1966; x_wconf 88' lang='lat' dir='ltr'><strong>lucri</strong></span> <span class='ocrx_word' id='word_1_108' title='bbox 2859 1902 3073 1985; x_wconf 86' lang='lat' dir='ltr'><strong>fuerit,</strong></span> <span class='ocrx_word' id='word_1_109' title='bbox 3129 1904 3299 1966; x_wconf 90' lang='lat' dir='ltr'><strong>inter</strong></span> <span class='ocrx_word' id='word_1_110' title='bbox 3359 1900 3643 1986; x_wconf 81' lang='lat' dir='ltr'><strong>collegas</strong></span> 
     </span>
     <span class='ocr_line' id='line_1_14' title="bbox 780 1998 3636 2090; baseline -0.002 -22"><span class='ocrx_word' id='word_1_111' title='bbox 780 2025 1002 2068; x_wconf 88' lang='lat' dir='ltr'><strong>omnes</strong></span> <span class='ocrx_word' id='word_1_112' title='bbox 1043 2001 1399 2090; x_wconf 84' lang='lat' dir='ltr'><strong>aequaliter</strong></span> <span class='ocrx_word' id='word_1_113' title='bbox 1439 2024 1595 2068; x_wconf 85' lang='lat' dir='ltr'><strong>mox</strong></span> <span class='ocrx_word' id='word_1_114' title='bbox 1635 1999 2013 2084; x_wconf 81' lang='lat' dir='ltr'><strong>distribuat,</strong></span> <span class='ocrx_word' id='word_1_115' title='bbox 2078 1998 2196 2065; x_wconf 89' lang='lat' dir='ltr'><strong>sub</strong></span> <span class='ocrx_word' id='word_1_116' title='bbox 2240 2021 2453 2086; x_wconf 86' lang='lat' dir='ltr'><strong>poena</strong></span> <span class='ocrx_word' id='word_1_117' title='bbox 2496 2002 2882 2087; x_wconf 84' lang='lat' dir='ltr'><strong>privationis</strong></span> <span class='ocrx_word' id='word_1_118' title='bbox 2927 2003 3212 2066; x_wconf 86' lang='lat' dir='ltr'><strong>omnium</strong></span> <span class='ocrx_word' id='word_1_119' title='bbox 3255 2000 3636 2066; x_wconf 76' lang='lat' dir='ltr'><strong>emolumen-</strong></span> 
     </span>
     <span class='ocr_line' id='line_1_15' title="bbox 777 2098 3634 2184; baseline -0.002 -16"><span class='ocrx_word' id='word_1_120' title='bbox 777 2112 990 2168; x_wconf 83' lang='lat' dir='ltr'><strong>torum</strong></span> <span class='ocrx_word' id='word_1_121' title='bbox 1039 2103 1236 2168; x_wconf 85' lang='lat' dir='ltr'><strong>totius</strong></span> <span class='ocrx_word' id='word_1_122' title='bbox 1294 2103 1463 2166; x_wconf 90' lang='lat' dir='ltr'><strong>anni.</strong></span> <span class='ocrx_word' id='word_1_123' title='bbox 1541 2098 1761 2165; x_wconf 90' lang='lat' dir='ltr'><strong>Debet</strong></span> <span class='ocrx_word' id='word_1_124' title='bbox 1815 2111 2033 2165; x_wconf 89' lang='lat' dir='ltr'><strong>autem</strong></span> <span class='ocrx_word' id='word_1_125' title='bbox 2087 2122 2165 2165; x_wconf 89' lang='lat' dir='ltr'><strong>ea</strong></span> <span class='ocrx_word' id='word_1_126' title='bbox 2220 2098 2590 2166; x_wconf 86' lang='lat' dir='ltr'><strong>distributio</strong></span> <span class='ocrx_word' id='word_1_127' title='bbox 2634 2108 2698 2164; x_wconf 91' lang='lat' dir='ltr'><strong>et</strong></span> <span class='ocrx_word' id='word_1_128' title='bbox 2747 2099 2984 2164; x_wconf 89' lang='lat' dir='ltr'><strong>divisio</strong></span> <span class='ocrx_word' id='word_1_129' title='bbox 3043 2100 3137 2164; x_wconf 90' lang='lat' dir='ltr'><strong>ita</strong></span> <span class='ocrx_word' id='word_1_130' title='bbox 3191 2099 3366 2184; x_wconf 88' lang='lat' dir='ltr'><strong>fieri,</strong></span> <span class='ocrx_word' id='word_1_131' title='bbox 3429 2110 3498 2165; x_wconf 88' lang='lat' dir='ltr'><strong>ut</strong></span> <span class='ocrx_word' id='word_1_132' title='bbox 3547 2099 3634 2164; x_wconf 85' lang='lat' dir='ltr'><strong>ad</strong></span> 
     </span>
    </p>

    <p class='ocr_par' dir='ltr' id='par_1_7' title="bbox 701 2197 2996 2288">
     <span class='ocr_line' id='line_1_16' title="bbox 701 2197 2996 2288; baseline -0.001 -21"><span class='ocrx_word' id='word_1_133' title='bbox 701 2210 762 2267; x_wconf 81' lang='lat'><strong>15</strong></span> <span class='ocrx_word' id='word_1_134' title='bbox 781 2199 1079 2288; x_wconf 80' lang='lat' dir='ltr'><strong>hyemale</strong></span> <span class='ocrx_word' id='word_1_135' title='bbox 1120 2209 1428 2266; x_wconf 85' lang='lat' dir='ltr'><strong>semestre</strong></span> <span class='ocrx_word' id='word_1_136' title='bbox 1466 2208 1677 2266; x_wconf 89' lang='lat' dir='ltr'><strong>totum</strong></span> <span class='ocrx_word' id='word_1_137' title='bbox 1719 2197 1843 2263; x_wconf 90' lang='lat' dir='ltr'><strong>hoc</strong></span> <span class='ocrx_word' id='word_1_138' title='bbox 1879 2199 2130 2266; x_wconf 85' lang='lat' dir='ltr'><strong>lucrum</strong></span> <span class='ocrx_word' id='word_1_139' title='bbox 2167 2199 2617 2265; x_wconf 88' lang='lat' dir='ltr'><strong>cervisiarium</strong></span> <span class='ocrx_word' id='word_1_140' title='bbox 2656 2199 2996 2284; x_wconf 88' lang='lat' dir='ltr'><strong>pertineat.</strong></span> 
     </span>
    </p>
   </div>
   <div class='ocr_carea' id='block_1_6' title="bbox 1620 2361 2803 2552">
    <p class='ocr_par' dir='ltr' id='par_1_8' title="bbox 1620 2361 2803 2552">
     <span class='ocr_line' id='line_1_17' title="bbox 1620 2361 2803 2453; baseline -0.001 -24"><span class='ocrx_word' id='word_1_141' title='bbox 1620 2363 1712 2453; x_wconf 87' lang='lat' dir='ltr'><strong>[S.</strong></span> <span class='ocrx_word' id='word_1_142' title='bbox 1757 2361 1860 2451; x_wconf 88' lang='lat'><strong>31]</strong></span> <span class='ocrx_word' id='word_1_143' title='bbox 1908 2383 2002 2430; x_wconf 82' lang='lat' dir='ltr'><strong>DE</strong></span> <span class='ocrx_word' id='word_1_144' title='bbox 2046 2380 2413 2431; x_wconf 71' lang='lat' dir='ltr'><strong>cunA&#39;rossE</strong></span> <span class='ocrx_word' id='word_1_145' title='bbox 2457 2380 2803 2429; x_wconf 63' lang='lat' dir='ltr'><strong>conamen.</strong></span> 
     </span>
     <span class='ocr_line' id='line_1_18' title="bbox 1913 2499 2503 2552; baseline -0.002 -2"><span class='ocrx_word' id='word_1_146' title='bbox 1913 2499 2245 2552; x_wconf 80' lang='lat' dir='ltr'><strong>Statutum</strong></span> <span class='ocrx_word' id='word_1_147' title='bbox 2279 2499 2503 2549; x_wconf 85' lang='lat' dir='ltr'><strong>xxvl.</strong></span> 
     </span>
    </p>
   </div>
   <div class='ocr_carea' id='block_1_7' title="bbox 694 2610 3626 3472">
    <p class='ocr_par' dir='ltr' id='par_1_9' title="bbox 694 2610 3626 3472">
     <span class='ocr_line' id='line_1_19' title="bbox 944 2610 3622 2699; baseline -0.001 -20"><span class='ocrx_word' id='word_1_148' title='bbox 944 2613 1382 2680; x_wconf 70' lang='lat' dir='ltr'><strong>Oeconomico,</strong></span> <span class='ocrx_word' id='word_1_149' title='bbox 1420 2615 1670 2679; x_wconf 89' lang='lat' dir='ltr'><strong>curatio</strong></span> <span class='ocrx_word' id='word_1_150' title='bbox 1713 2612 1969 2699; x_wconf 90' lang='lat' dir='ltr'><strong>collegii</strong></span> <span class='ocrx_word' id='word_1_151' title='bbox 2006 2612 2259 2678; x_wconf 89' lang='lat' dir='ltr'><strong>duobus</strong></span> <span class='ocrx_word' id='word_1_152' title='bbox 2300 2610 2663 2678; x_wconf 85' lang='lat' dir='ltr'><strong>iunioribus</strong></span> <span class='ocrx_word' id='word_1_153' title='bbox 2708 2610 2973 2677; x_wconf 83' lang='lat' dir='ltr'><strong>alternis</strong></span> <span class='ocrx_word' id='word_1_154' title='bbox 3021 2611 3278 2677; x_wconf 89' lang='lat' dir='ltr'><strong>vicibus</strong></span> <span class='ocrx_word' id='word_1_155' title='bbox 3318 2611 3622 2677; x_wconf 87' lang='lat' dir='ltr'><strong>incumbit</strong></span> 
     </span>
     <span class='ocr_line' id='line_1_20' title="bbox 779 2709 3620 2801; baseline -0.001 -23"><span class='ocrx_word' id='word_1_156' title='bbox 779 2723 1003 2801; x_wconf 80' lang='lat' dir='ltr'><strong>estque</strong></span> <span class='ocrx_word' id='word_1_157' title='bbox 1041 2712 1214 2795; x_wconf 88' lang='lat' dir='ltr'><strong>talis,</strong></span> <span class='ocrx_word' id='word_1_158' title='bbox 1254 2721 1346 2794; x_wconf 87' lang='lat' dir='ltr'><strong>ut,</strong></span> <span class='ocrx_word' id='word_1_159' title='bbox 1402 2713 1514 2799; x_wconf 89' lang='lat' dir='ltr'><strong>qui</strong></span> <span class='ocrx_word' id='word_1_160' title='bbox 1563 2710 1712 2775; x_wconf 89' lang='lat' dir='ltr'><strong>huic</strong></span> <span class='ocrx_word' id='word_1_161' title='bbox 1763 2714 2040 2797; x_wconf 88' lang='lat' dir='ltr'><strong>praesit,</strong></span> <span class='ocrx_word' id='word_1_162' title='bbox 2093 2712 2161 2775; x_wconf 91' lang='lat' dir='ltr'><strong>in</strong></span> <span class='ocrx_word' id='word_1_163' title='bbox 2201 2710 2496 2777; x_wconf 86' lang='lat' dir='ltr'><strong>locandis</strong></span> <span class='ocrx_word' id='word_1_164' title='bbox 2538 2709 3051 2776; x_wconf 82' lang='lat' dir='ltr'><strong>habitationibus</strong></span> <span class='ocrx_word' id='word_1_165' title='bbox 3096 2734 3417 2776; x_wconf 89' lang='lat' dir='ltr'><strong>summam</strong></span> <span class='ocrx_word' id='word_1_166' title='bbox 3458 2711 3620 2776; x_wconf 89' lang='lat' dir='ltr'><strong>adhi-</strong></span> 
     </span>
     <span class='ocr_line' id='line_1_21' title="bbox 696 2808 3622 2896; baseline -0.002 -18"><span class='ocrx_word' id='word_1_167' title='bbox 696 2812 933 2878; x_wconf 79' lang='lat' dir='ltr'><strong>20beat</strong></span> <span class='ocrx_word' id='word_1_168' title='bbox 973 2834 1214 2893; x_wconf 88' lang='lat' dir='ltr'><strong>curam,</strong></span> <span class='ocrx_word' id='word_1_169' title='bbox 1259 2833 1385 2896; x_wconf 91' lang='lat' dir='ltr'><strong>quo</strong></span> <span class='ocrx_word' id='word_1_170' title='bbox 1413 2811 1717 2876; x_wconf 88' lang='lat' dir='ltr'><strong>honestos</strong></span> <span class='ocrx_word' id='word_1_171' title='bbox 1760 2820 1825 2874; x_wconf 87' lang='lat' dir='ltr'><strong>et</strong></span> <span class='ocrx_word' id='word_1_172' title='bbox 1864 2809 2184 2875; x_wconf 89' lang='lat' dir='ltr'><strong>bonarum</strong></span> <span class='ocrx_word' id='word_1_173' title='bbox 2225 2808 2564 2874; x_wconf 89' lang='lat' dir='ltr'><strong>literarum</strong></span> <span class='ocrx_word' id='word_1_174' title='bbox 2603 2809 2947 2892; x_wconf 86' lang='lat' dir='ltr'><strong>studiosos,</strong></span> <span class='ocrx_word' id='word_1_175' title='bbox 2991 2811 3178 2896; x_wconf 89' lang='lat' dir='ltr'><strong>pacis</strong></span> <span class='ocrx_word' id='word_1_176' title='bbox 3219 2820 3286 2874; x_wconf 88' lang='lat' dir='ltr'><strong>et</strong></span> <span class='ocrx_word' id='word_1_177' title='bbox 3325 2809 3622 2895; x_wconf 89' lang='lat' dir='ltr'><strong>tranquil·</strong></span> 
     </span>
     <span class='ocr_line' id='line_1_22' title="bbox 778 2907 3622 2995; baseline -0.001 -20"><span class='ocrx_word' id='word_1_178' title='bbox 778 2910 981 2975; x_wconf 88' lang='lat' dir='ltr'><strong>litatis</strong></span> <span class='ocrx_word' id='word_1_179' title='bbox 1027 2919 1316 2974; x_wconf 88' lang='lat' dir='ltr'><strong>amantes</strong></span> <span class='ocrx_word' id='word_1_180' title='bbox 1367 2911 1643 2995; x_wconf 90' lang='lat' dir='ltr'><strong>recipiat</strong></span> <span class='ocrx_word' id='word_1_181' title='bbox 1697 2909 2048 2995; x_wconf 88' lang='lat' dir='ltr'><strong>inquilinos</strong></span> <span class='ocrx_word' id='word_1_182' title='bbox 2091 2918 2156 2973; x_wconf 87' lang='lat' dir='ltr'><strong>et</strong></span> <span class='ocrx_word' id='word_1_183' title='bbox 2196 2909 2458 2973; x_wconf 89' lang='lat' dir='ltr'><strong>omnino</strong></span> <span class='ocrx_word' id='word_1_184' title='bbox 2502 2908 2685 2989; x_wconf 84' lang='lat' dir='ltr'><strong>tales,</strong></span> <span class='ocrx_word' id='word_1_185' title='bbox 2734 2907 2958 2995; x_wconf 88' lang='lat' dir='ltr'><strong>quales</strong></span> <span class='ocrx_word' id='word_1_186' title='bbox 3002 2909 3338 2994; x_wconf 86' lang='lat' dir='ltr'><strong>requirunt</strong></span> <span class='ocrx_word' id='word_1_187' title='bbox 3382 2919 3622 2974; x_wconf 85' lang='lat' dir='ltr'><strong>statuta.</strong></span> 
     </span>
     <span class='ocr_line' id='line_1_23' title="bbox 779 3004 3624 3094; baseline -0 -21"><span class='ocrx_word' id='word_1_188' title='bbox 779 3007 1039 3074; x_wconf 89' lang='lat' dir='ltr'><strong>Deinde</strong></span> <span class='ocrx_word' id='word_1_189' title='bbox 1079 3007 1251 3073; x_wconf 89' lang='lat' dir='ltr'><strong>illius</strong></span> <span class='ocrx_word' id='word_1_190' title='bbox 1294 3017 1391 3072; x_wconf 87' lang='lat' dir='ltr'><strong>est</strong></span> <span class='ocrx_word' id='word_1_191' title='bbox 1448 3009 1753 3090; x_wconf 89' lang='lat' dir='ltr'><strong>muneris,</strong></span> <span class='ocrx_word' id='word_1_192' title='bbox 1813 3018 1886 3072; x_wconf 92' lang='lat' dir='ltr'><strong>ut</strong></span> <span class='ocrx_word' id='word_1_193' title='bbox 1936 3004 2185 3094; x_wconf 90' lang='lat' dir='ltr'><strong>[sedulo</strong></span> <span class='ocrx_word' id='word_1_194' title='bbox 2231 3016 2294 3071; x_wconf 88' lang='lat' dir='ltr'><strong>et</strong></span> <span class='ocrx_word' id='word_1_195' title='bbox 2333 3006 2679 3093; x_wconf 85' lang='lat' dir='ltr'><strong>diligenter</strong></span> <span class='ocrx_word' id='word_1_196' title='bbox 2722 3009 2968 3094; x_wconf 87' lang='lat' dir='ltr'><strong>praesit</strong></span> <span class='ocrx_word' id='word_1_197' title='bbox 3009 3004 3624 3094; x_wconf 81' lang='lat' dir='ltr'><strong>disputationibus,]²</strong></span> 
     </span>
     <span class='ocr_line' id='line_1_24' title="bbox 781 3104 3625 3194; baseline -0 -21"><span class='ocrx_word' id='word_1_198' title='bbox 781 3106 1037 3194; x_wconf 85' lang='lat' dir='ltr'><strong>collegii</strong></span> <span class='ocrx_word' id='word_1_199' title='bbox 1103 3107 1279 3172; x_wconf 87' lang='lat' dir='ltr'><strong>fores</strong></span> <span class='ocrx_word' id='word_1_200' title='bbox 1348 3106 1650 3171; x_wconf 88' lang='lat' dir='ltr'><strong>observet</strong></span> <span class='ocrx_word' id='word_1_201' title='bbox 1710 3104 1919 3193; x_wconf 88' lang='lat' dir='ltr'><strong>deque</strong></span> <span class='ocrx_word' id='word_1_202' title='bbox 1984 3107 2204 3194; x_wconf 85' lang='lat' dir='ltr'><strong>precio</strong></span> <span class='ocrx_word' id='word_1_203' title='bbox 2267 3104 2744 3172; x_wconf 89' lang='lat' dir='ltr'><strong>habitationum</strong></span> <span class='ocrx_word' id='word_1_204' title='bbox 2810 3116 2962 3193; x_wconf 91' lang='lat' dir='ltr'><strong>post</strong></span> <span class='ocrx_word' id='word_1_205' title='bbox 3023 3106 3218 3172; x_wconf 89' lang='lat' dir='ltr'><strong>finem</strong></span> <span class='ocrx_word' id='word_1_206' title='bbox 3283 3107 3625 3172; x_wconf 86' lang='lat' dir='ltr'><strong>curationis</strong></span> 
     </span>
     <span class='ocr_line' id='line_1_25' title="bbox 779 3205 3626 3293; baseline -0.001 -20"><span class='ocrx_word' id='word_1_207' title='bbox 779 3230 935 3273; x_wconf 89' lang='lat' dir='ltr'><strong>suae</strong></span> <span class='ocrx_word' id='word_1_208' title='bbox 980 3216 1321 3271; x_wconf 89' lang='lat' dir='ltr'><strong>numerata</strong></span> <span class='ocrx_word' id='word_1_209' title='bbox 1366 3208 1645 3292; x_wconf 89' lang='lat' dir='ltr'><strong>pecunia</strong></span> <span class='ocrx_word' id='word_1_210' title='bbox 1684 3207 1990 3288; x_wconf 90' lang='lat' dir='ltr'><strong>rationes,</strong></span> <span class='ocrx_word' id='word_1_211' title='bbox 2037 3205 2280 3293; x_wconf 76' lang='lat' dir='ltr'><strong>elapsis</strong></span> <span class='ocrx_word' id='word_1_212' title='bbox 2333 3206 2638 3273; x_wconf 88' lang='lat' dir='ltr'><strong>nundinis</strong></span> <span class='ocrx_word' id='word_1_213' title='bbox 2689 3205 3108 3293; x_wconf 87' lang='lat' dir='ltr'><strong>paschalibus</strong></span> <span class='ocrx_word' id='word_1_214' title='bbox 3168 3217 3232 3271; x_wconf 92' lang='lat' dir='ltr'><strong>et</strong></span> <span class='ocrx_word' id='word_1_215' title='bbox 3273 3206 3626 3288; x_wconf 86' lang='lat' dir='ltr'><strong>Michaelis,</strong></span> 
     </span>
     <span class='ocr_line' id='line_1_26' title="bbox 694 3302 3622 3394; baseline -0 -22"><span class='ocrx_word' id='word_1_216' title='bbox 694 3316 760 3372; x_wconf 84' lang='lat'><strong>25</strong></span> <span class='ocrx_word' id='word_1_217' title='bbox 780 3330 926 3372; x_wconf 87' lang='lat' dir='ltr'><strong>cum</strong></span> <span class='ocrx_word' id='word_1_218' title='bbox 968 3307 1344 3393; x_wconf 89' lang='lat' dir='ltr'><strong>praeposito</strong></span> <span class='ocrx_word' id='word_1_219' title='bbox 1409 3304 1639 3392; x_wconf 88' lang='lat' dir='ltr'><strong>planas</strong></span> <span class='ocrx_word' id='word_1_220' title='bbox 1682 3304 2021 3370; x_wconf 86' lang='lat' dir='ltr'><strong>exhibebit</strong></span> <span class='ocrx_word' id='word_1_221' title='bbox 2076 3307 2269 3393; x_wconf 90' lang='lat' dir='ltr'><strong>inque</strong></span> <span class='ocrx_word' id='word_1_222' title='bbox 2320 3302 2450 3394; x_wconf 82' lang='lat'><strong>[32]</strong></span> <span class='ocrx_word' id='word_1_223' title='bbox 2492 3329 2571 3372; x_wconf 87' lang='lat' dir='ltr'><strong>ea</strong></span> <span class='ocrx_word' id='word_1_224' title='bbox 2613 3329 2686 3370; x_wconf 88' lang='lat' dir='ltr'><strong>re</strong></span> <span class='ocrx_word' id='word_1_225' title='bbox 2728 3314 2992 3393; x_wconf 88' lang='lat' dir='ltr'><strong>praeter</strong></span> <span class='ocrx_word' id='word_1_226' title='bbox 3036 3328 3258 3371; x_wconf 89' lang='lat' dir='ltr'><strong>casum</strong></span> <span class='ocrx_word' id='word_1_227' title='bbox 3299 3306 3622 3372; x_wconf 87' lang='lat' dir='ltr'><strong>fortuitum</strong></span> 
     </span>
     <span class='ocr_line' id='line_1_27' title="bbox 778 3402 2414 3472; baseline -0.002 -1"><span class='ocrx_word' id='word_1_228' title='bbox 778 3406 1215 3472; x_wconf 83' lang='lat' dir='ltr'><strong>excusationis</strong></span> <span class='ocrx_word' id='word_1_229' title='bbox 1258 3403 1350 3469; x_wconf 92' lang='lat' dir='ltr'><strong>nil</strong></span> <span class='ocrx_word' id='word_1_230' title='bbox 1392 3406 1651 3470; x_wconf 90' lang='lat' dir='ltr'><strong>nomine</strong></span> <span class='ocrx_word' id='word_1_231' title='bbox 1696 3402 2087 3469; x_wconf 88' lang='lat' dir='ltr'><strong>creditorum</strong></span> <span class='ocrx_word' id='word_1_232' title='bbox 2129 3403 2414 3470; x_wconf 88' lang='lat' dir='ltr'><strong>habebit.</strong></span> 
     </span>
    </p>
   </div>
   <div class='ocr_carea' id='block_1_8' title="bbox 1487 3585 2915 3757">
    <p class='ocr_par' dir='ltr' id='par_1_10' title="bbox 1487 3585 2915 3757">
     <span class='ocr_line' id='line_1_28' title="bbox 1487 3585 2915 3635; baseline -0.003 0"><span class='ocrx_word' id='word_1_233' title='bbox 1487 3588 1580 3635; x_wconf 73' lang='lat' dir='ltr'><strong>na</strong></span> <span class='ocrx_word' id='word_1_234' title='bbox 1626 3586 2061 3635; x_wconf 67' lang='lat' dir='ltr'><strong>pamposrro</strong></span> <span class='ocrx_word' id='word_1_235' title='bbox 2104 3587 2460 3635; x_wconf 68' lang='lat' dir='ltr'><strong>mmmm</strong></span> <span class='ocrx_word' id='word_1_236' title='bbox 2503 3585 2915 3635; x_wconf 62' lang='lat' dir='ltr'><strong>sommum.</strong></span> 
     </span>
     <span class='ocr_line' id='line_1_29' title="bbox 1883 3680 2618 3757; baseline -0.004 -1"><span class='ocrx_word' id='word_1_237' title='bbox 1883 3705 2225 3756; x_wconf 73' lang='lat' dir='ltr'><strong>statutum</strong></span> <span class='ocrx_word' id='word_1_238' title='bbox 2268 3705 2527 3757; x_wconf 85' lang='lat' dir='ltr'><strong>xxv11.</strong></span> <span class='ocrx_word' id='word_1_239' title='bbox 2605 3680 2618 3687; x_wconf 81' lang='grc'><em>’</em></span> 
     </span>
    </p>
   </div>
   <div class='ocr_carea' id='block_1_9' title="bbox 694 3817 3632 4300">
    <p class='ocr_par' dir='ltr' id='par_1_11' title="bbox 694 3817 3632 4300">
     <span class='ocr_line' id='line_1_30' title="bbox 942 3817 3628 3907; baseline -0.001 -22"><span class='ocrx_word' id='word_1_240' title='bbox 942 3819 1111 3885; x_wconf 87' lang='lat' dir='ltr'><strong>Cum</strong></span> <span class='ocrx_word' id='word_1_241' title='bbox 1153 3819 1401 3883; x_wconf 89' lang='lat' dir='ltr'><strong>curatio</strong></span> <span class='ocrx_word' id='word_1_242' title='bbox 1439 3817 1554 3883; x_wconf 88' lang='lat' dir='ltr'><strong>illa</strong></span> <span class='ocrx_word' id='word_1_243' title='bbox 1596 3818 1858 3907; x_wconf 69' lang='lat' dir='ltr'><strong>publica</strong></span> <span class='ocrx_word' id='word_1_244' title='bbox 1899 3819 2202 3885; x_wconf 85' lang='lat' dir='ltr'><strong>villarum</strong></span> <span class='ocrx_word' id='word_1_245' title='bbox 2258 3817 2634 3884; x_wconf 86' lang='lat' dir='ltr'><strong>academiae</strong></span> <span class='ocrx_word' id='word_1_246' title='bbox 2687 3839 2806 3904; x_wconf 91' lang='lat' dir='ltr'><strong>per</strong></span> <span class='ocrx_word' id='word_1_247' title='bbox 2858 3817 3173 3882; x_wconf 86' lang='lat' dir='ltr'><strong>triennale</strong></span> <span class='ocrx_word' id='word_1_248' title='bbox 3229 3817 3628 3882; x_wconf 88' lang='lat' dir='ltr'><strong>intervallum</strong></span> 
     </span>
     <span class='ocr_line' id='line_1_31' title="bbox 694 3908 3632 4003; baseline -0.002 -19"><span class='ocrx_word' id='word_1_249' title='bbox 694 3917 1005 3984; x_wconf 85' lang='lat' dir='ltr'><strong>30redeat</strong></span> <span class='ocrx_word' id='word_1_250' title='bbox 1060 3917 1145 3982; x_wconf 87' lang='lat' dir='ltr'><strong>ad</strong></span> <span class='ocrx_word' id='word_1_251' title='bbox 1200 3916 1562 4003; x_wconf 88' lang='lat' dir='ltr'><strong>collegium,</strong></span> <span class='ocrx_word' id='word_1_252' title='bbox 1612 3908 1706 3981; x_wconf 48' lang='lat' dir='ltr'><strong>&#39;de</strong></span> <span class='ocrx_word' id='word_1_253' title='bbox 1763 3939 1841 3982; x_wconf 87' lang='lat' dir='ltr'><strong>ea</strong></span> <span class='ocrx_word' id='word_1_254' title='bbox 1895 3918 2018 3984; x_wconf 93' lang='lat' dir='ltr'><strong>hoc</strong></span> <span class='ocrx_word' id='word_1_255' title='bbox 2063 3919 2477 3983; x_wconf 89' lang='lat' dir='ltr'><strong>constitutum</strong></span> <span class='ocrx_word' id='word_1_256' title='bbox 2535 3926 2666 3998; x_wconf 87' lang='lat' dir='ltr'><strong>est,</strong></span> <span class='ocrx_word' id='word_1_257' title='bbox 2722 3927 2793 3981; x_wconf 92' lang='lat' dir='ltr'><strong>ut</strong></span> <span class='ocrx_word' id='word_1_258' title='bbox 2845 3917 2914 3981; x_wconf 89' lang='lat' dir='ltr'><strong>in</strong></span> <span class='ocrx_word' id='word_1_259' title='bbox 2955 3916 3069 3980; x_wconf 89' lang='lat' dir='ltr'><strong>illa</strong></span> <span class='ocrx_word' id='word_1_260' title='bbox 3123 3914 3632 3980; x_wconf 83' lang='lat' dir='ltr'><strong>administranda</strong></span> 
     </span>
     <span class='ocr_line' id='line_1_32' title="bbox 779 4012 3631 4102; baseline -0.001 -22"><span class='ocrx_word' id='word_1_261' title='bbox 779 4028 1069 4082; x_wconf 88' lang='lat' dir='ltr'><strong>servetur</strong></span> <span class='ocrx_word' id='word_1_262' title='bbox 1114 4014 1274 4081; x_wconf 90' lang='lat' dir='ltr'><strong>ordo</strong></span> <span class='ocrx_word' id='word_1_263' title='bbox 1331 4015 1818 4098; x_wconf 83' lang='lat' dir='ltr'><strong>salariatorum3</strong></span> <span class='ocrx_word' id='word_1_264' title='bbox 1878 4018 1989 4101; x_wconf 91' lang='lat' dir='ltr'><strong>qui</strong></span> <span class='ocrx_word' id='word_1_265' title='bbox 2048 4027 2266 4081; x_wconf 89' lang='lat' dir='ltr'><strong>autem</strong></span> <span class='ocrx_word' id='word_1_266' title='bbox 2307 4015 2458 4081; x_wconf 91' lang='lat' dir='ltr'><strong>huic</strong></span> <span class='ocrx_word' id='word_1_267' title='bbox 2502 4014 2900 4102; x_wconf 86' lang='lat' dir='ltr'><strong>praeficitur,</strong></span> <span class='ocrx_word' id='word_1_268' title='bbox 2956 4037 3034 4078; x_wconf 88' lang='lat' dir='ltr'><strong>ea</strong></span> <span class='ocrx_word' id='word_1_269' title='bbox 3090 4012 3240 4097; x_wconf 88' lang='lat' dir='ltr'><strong>fide,</strong></span> <span class='ocrx_word' id='word_1_270' title='bbox 3298 4013 3631 4099; x_wconf 85' lang='lat' dir='ltr'><strong>diligentia</strong></span> 
     </span>
     <span class='ocr_line' id='line_1_33' title="bbox 778 4112 3630 4202; baseline 0 -24"><span class='ocrx_word' id='word_1_271' title='bbox 778 4126 841 4179; x_wconf 90' lang='lat' dir='ltr'><strong>et</strong></span> <span class='ocrx_word' id='word_1_272' title='bbox 892 4114 1214 4179; x_wconf 88' lang='lat' dir='ltr'><strong>industria</strong></span> <span class='ocrx_word' id='word_1_273' title='bbox 1262 4115 1479 4179; x_wconf 88' lang='lat' dir='ltr'><strong>omnia</strong></span> <span class='ocrx_word' id='word_1_274' title='bbox 1528 4115 1812 4198; x_wconf 89' lang='lat' dir='ltr'><strong>curabit,</strong></span> <span class='ocrx_word' id='word_1_275' title='bbox 1869 4137 1951 4180; x_wconf 91' lang='lat' dir='ltr'><strong>ne</strong></span> <span class='ocrx_word' id='word_1_276' title='bbox 1995 4118 2339 4202; x_wconf 89' lang='lat' dir='ltr'><strong>quicquam</strong></span> <span class='ocrx_word' id='word_1_277' title='bbox 2391 4115 2495 4180; x_wconf 86' lang='lat' dir='ltr'><strong>vel</strong></span> <span class='ocrx_word' id='word_1_278' title='bbox 2552 4113 2777 4178; x_wconf 85' lang='lat' dir='ltr'><strong>damni</strong></span> <span class='ocrx_word' id='word_1_279' title='bbox 2830 4113 3174 4199; x_wconf 85' lang='lat' dir='ltr'><strong>collegium</strong></span> <span class='ocrx_word' id='word_1_280' title='bbox 3232 4116 3480 4178; x_wconf 79' lang='lat' dir='ltr'><strong>senciat</strong></span> <span class='ocrx_word' id='word_1_281' title='bbox 3534 4112 3630 4179; x_wconf 82' lang='lat' dir='ltr'><strong>vel</strong></span> 
     </span>
     <span class='ocr_line' id='line_1_34' title="bbox 776 4210 3522 4300; baseline -0 -21"><span class='ocrx_word' id='word_1_282' title='bbox 776 4213 1212 4300; x_wconf 86' lang='lat' dir='ltr'><strong>negligentiae</strong></span> <span class='ocrx_word' id='word_1_283' title='bbox 1255 4222 1320 4279; x_wconf 91' lang='lat' dir='ltr'><strong>et</strong></span> <span class='ocrx_word' id='word_1_284' title='bbox 1361 4212 1587 4300; x_wconf 88' lang='lat' dir='ltr'><strong>culpae</strong></span> <span class='ocrx_word' id='word_1_285' title='bbox 1631 4215 1931 4279; x_wconf 88' lang='lat' dir='ltr'><strong>accusari</strong></span> <span class='ocrx_word' id='word_1_286' title='bbox 1973 4214 2202 4300; x_wconf 86' lang='lat' dir='ltr'><strong>possit.</strong></span> <span class='ocrx_word' id='word_1_287' title='bbox 2270 4211 2466 4294; x_wconf 84' lang='lat' dir='ltr'><strong>Quod</strong></span> <span class='ocrx_word' id='word_1_288' title='bbox 2509 4214 2680 4277; x_wconf 90' lang='lat' dir='ltr'><strong>enim</strong></span> <span class='ocrx_word' id='word_1_289' title='bbox 2724 4213 3138 4295; x_wconf 85' lang='lat' dir='ltr'><strong>commiserit,</strong></span> <span class='ocrx_word' id='word_1_290' title='bbox 3183 4213 3327 4299; x_wconf 89' lang='lat' dir='ltr'><strong>ipse</strong></span> <span class='ocrx_word' id='word_1_291' title='bbox 3371 4210 3522 4278; x_wconf 89' lang='lat' dir='ltr'><strong>luet.</strong></span> 
     </span>
    </p>
   </div>
   <div class='ocr_carea' id='block_1_10' title="bbox 691 4376 2761 4579">
    <p class='ocr_par' dir='ltr' id='par_1_12' title="bbox 691 4376 2761 4579">
     <span class='ocr_line' id='line_1_35' title="bbox 1656 4376 2761 4469; baseline -0.004 -22"><span class='ocrx_word' id='word_1_292' title='bbox 1656 4376 1745 4467; x_wconf 87' lang='lat' dir='ltr'><strong>[S.</strong></span> <span class='ocrx_word' id='word_1_293' title='bbox 1791 4376 1895 4469; x_wconf 84' lang='lat'><strong>33]</strong></span> <span class='ocrx_word' id='word_1_294' title='bbox 1942 4397 2036 4445; x_wconf 74' lang='lat' dir='ltr'><strong>na</strong></span> <span class='ocrx_word' id='word_1_295' title='bbox 2080 4394 2366 4445; x_wconf 68' lang='lat' dir='ltr'><strong>mmmm</strong></span> <span class='ocrx_word' id='word_1_296' title='bbox 2410 4394 2761 4444; x_wconf 62' lang='lat' dir='ltr'><strong>conamen.</strong></span> 
     </span>
     <span class='ocr_line' id='line_1_36' title="bbox 691 4513 2539 4579; baseline -0.004 -8"><span class='ocrx_word' id='word_1_297' title='bbox 691 4522 759 4579; x_wconf 84' lang='lat'><strong>35</strong></span> <span class='ocrx_word' id='word_1_298' title='bbox 1868 4515 2208 4565; x_wconf 71' lang='lat' dir='ltr'><strong>statutum</strong></span> <span class='ocrx_word' id='word_1_299' title='bbox 2244 4513 2539 4565; x_wconf 83' lang='lat' dir='ltr'><strong>XXVIII.</strong></span> 
     </span>
    </p>
   </div>
   <div class='ocr_carea' id='block_1_11' title="bbox 774 4625 3634 4913">
    <p class='ocr_par' dir='ltr' id='par_1_13' title="bbox 774 4625 3634 4913">
     <span class='ocr_line' id='line_1_37' title="bbox 938 4625 3634 4715; baseline -0.001 -22"><span class='ocrx_word' id='word_1_300' title='bbox 938 4627 1259 4693; x_wconf 84' lang='lat' dir='ltr'><strong>Familiae</strong></span> <span class='ocrx_word' id='word_1_301' title='bbox 1304 4648 1538 4714; x_wconf 89' lang='lat' dir='ltr'><strong>operas</strong></span> <span class='ocrx_word' id='word_1_302' title='bbox 1578 4649 1699 4692; x_wconf 90' lang='lat' dir='ltr'><strong>nec</strong></span> <span class='ocrx_word' id='word_1_303' title='bbox 1739 4628 2099 4695; x_wconf 85' lang='lat' dir='ltr'><strong>conducere</strong></span> <span class='ocrx_word' id='word_1_304' title='bbox 2140 4649 2262 4693; x_wconf 89' lang='lat' dir='ltr'><strong>nec</strong></span> <span class='ocrx_word' id='word_1_305' title='bbox 2301 4649 2605 4694; x_wconf 90' lang='lat' dir='ltr'><strong>recusare</strong></span> <span class='ocrx_word' id='word_1_306' title='bbox 2649 4650 2860 4715; x_wconf 89' lang='lat' dir='ltr'><strong>neque</strong></span> <span class='ocrx_word' id='word_1_307' title='bbox 2917 4628 3209 4715; x_wconf 90' lang='lat' dir='ltr'><strong>precium</strong></span> <span class='ocrx_word' id='word_1_308' title='bbox 3253 4648 3497 4712; x_wconf 87' lang='lat' dir='ltr'><strong>augere</strong></span> <span class='ocrx_word' id='word_1_309' title='bbox 3537 4625 3634 4691; x_wconf 86' lang='lat' dir='ltr'><strong>vel</strong></span> 
     </span>
     <span class='ocr_line' id='line_1_38' title="bbox 776 4725 3634 4816; baseline -0 -25"><span class='ocrx_word' id='word_1_310' title='bbox 776 4727 1065 4791; x_wconf 90' lang='lat' dir='ltr'><strong>minuere</strong></span> <span class='ocrx_word' id='word_1_311' title='bbox 1120 4736 1336 4814; x_wconf 90' lang='lat' dir='ltr'><strong>potest</strong></span> <span class='ocrx_word' id='word_1_312' title='bbox 1387 4734 1499 4791; x_wconf 86' lang='lat' dir='ltr'><strong>aut</strong></span> <span class='ocrx_word' id='word_1_313' title='bbox 1539 4725 1731 4791; x_wconf 90' lang='lat' dir='ltr'><strong>debet</strong></span> <span class='ocrx_word' id='word_1_314' title='bbox 1775 4731 2187 4816; x_wconf 88' lang='lat' dir='ltr'><strong>praepositus</strong></span> <span class='ocrx_word' id='word_1_315' title='bbox 2231 4729 2372 4793; x_wconf 86' lang='lat' dir='ltr'><strong>sine</strong></span> <span class='ocrx_word' id='word_1_316' title='bbox 2416 4749 2737 4793; x_wconf 89' lang='lat' dir='ltr'><strong>consensu</strong></span> <span class='ocrx_word' id='word_1_317' title='bbox 2778 4726 3066 4813; x_wconf 80' lang='lat' dir='ltr'><strong>collegii3</strong></span> <span class='ocrx_word' id='word_1_318' title='bbox 3126 4725 3444 4791; x_wconf 84' lang='lat' dir='ltr'><strong>familiam</strong></span> <span class='ocrx_word' id='word_1_319' title='bbox 3487 4748 3634 4790; x_wconf 89' lang='lat' dir='ltr'><strong>vero</strong></span> 
     </span>
     <span class='ocr_line' id='line_1_39' title="bbox 774 4823 3634 4913; baseline -0.001 -22"><span class='ocrx_word' id='word_1_320' title='bbox 774 4849 907 4891; x_wconf 91' lang='lat' dir='ltr'><strong>non</strong></span> <span class='ocrx_word' id='word_1_321' title='bbox 945 4825 1273 4891; x_wconf 87' lang='lat' dir='ltr'><strong>difficilem</strong></span> <span class='ocrx_word' id='word_1_322' title='bbox 1316 4823 1582 4891; x_wconf 88' lang='lat' dir='ltr'><strong>habebit</strong></span> <span class='ocrx_word' id='word_1_323' title='bbox 1623 4824 1981 4912; x_wconf 84' lang='lat' dir='ltr'><strong>collegium,</strong></span> <span class='ocrx_word' id='word_1_324' title='bbox 2037 4829 2095 4893; x_wconf 91' lang='lat' dir='ltr'><strong>si</strong></span> <span class='ocrx_word' id='word_1_325' title='bbox 2152 4826 2604 4893; x_wconf 84' lang='lat' dir='ltr'><strong>benevolentia</strong></span> <span class='ocrx_word' id='word_1_326' title='bbox 2657 4825 2744 4892; x_wconf 92' lang='lat' dir='ltr'><strong>ad</strong></span> <span class='ocrx_word' id='word_1_327' title='bbox 2786 4824 3270 4913; x_wconf 90' lang='lat' dir='ltr'><strong>obsequendum</strong></span> <span class='ocrx_word' id='word_1_328' title='bbox 3314 4823 3634 4890; x_wconf 85' lang='lat' dir='ltr'><strong>alliciatur</strong></span> 
     </span>
    </p>
   </div>
   <div class='ocr_carea' id='block_1_12' title="bbox 775 5057 3640 5299">
    <p class='ocr_par' dir='ltr' id='par_1_14' title="bbox 775 5057 3640 5299">
     <span class='ocr_line' id='line_1_40' title="bbox 930 5057 3640 5212; baseline -0.001 -14"><span class='ocrx_word' id='word_1_329' title='bbox 930 5064 961 5197; x_wconf 57' lang='lat' dir='ltr'><strong>i</strong></span> <span class='ocrx_word' id='word_1_330' title='bbox 995 5057 1665 5212; x_wconf 51' lang='grc' dir='ltr'><strong>ξιῡέῃεξζῗέιιῗωᾞὲι</strong></span> <span class='ocrx_word' id='word_1_331' title='bbox 1698 5140 1894 5196; x_wconf 70' lang='lat' dir='ltr'><strong>wme</strong></span> <span class='ocrx_word' id='word_1_332' title='bbox 1929 5140 2053 5195; x_wconf 64' lang='lat' dir='ltr'><strong>sind</strong></span> <span class='ocrx_word' id='word_1_333' title='bbox 2089 5138 2536 5209; x_wconf 54' lang='lat' dir='ltr'><strong>ammonem</strong></span> <span class='ocrx_word' id='word_1_334' title='bbox 2576 5139 2650 5197; x_wconf 64' lang='grc' dir='ltr'><strong>οι)</strong></span> <span class='ocrx_word' id='word_1_335' title='bbox 2686 5157 2794 5196; x_wconf 77' lang='lat' dir='ltr'><strong>von</strong></span> <span class='ocrx_word' id='word_1_336' title='bbox 2827 5140 2953 5196; x_wconf 75' lang='lat' dir='ltr'><strong>dem</strong></span> <span class='ocrx_word' id='word_1_337' title='bbox 2988 5139 3281 5196; x_wconf 59' lang='lat' dir='ltr'><strong>semeber</strong></span> <span class='ocrx_word' id='word_1_338' title='bbox 3314 5140 3490 5196; x_wconf 63' lang='lat' dir='ltr'><strong>solbat</strong></span> <span class='ocrx_word' id='word_1_339' title='bbox 3511 5140 3640 5196; x_wconf 67' lang='lat' dir='ltr'><strong>oder</strong></span> 
     </span>
     <span class='ocr_line' id='line_1_41' title="bbox 775 5224 2122 5299; baseline -0.004 -17"><span class='ocrx_word' id='word_1_340' title='bbox 775 5243 883 5282; x_wconf 83' lang='lat' dir='ltr'><strong>von</strong></span> <span class='ocrx_word' id='word_1_341' title='bbox 916 5230 1165 5299; x_wconf 63' lang='lat' dir='ltr'><strong>spaterer</strong></span> <span class='ocrx_word' id='word_1_342' title='bbox 1200 5225 1383 5295; x_wconf 84' lang='lat' dir='ltr'><strong>Hand,</strong></span> <span class='ocrx_word' id='word_1_343' title='bbox 1420 5224 1495 5279; x_wconf 86' lang='lat' dir='ltr'><strong>ist</strong></span> <span class='ocrx_word' id='word_1_344' title='bbox 1529 5224 1686 5280; x_wconf 87' lang='lat' dir='ltr'><strong>nicht</strong></span> <span class='ocrx_word' id='word_1_345' title='bbox 1718 5242 1788 5279; x_wconf 86' lang='lat' dir='ltr'><strong>zu</strong></span> <span class='ocrx_word' id='word_1_346' title='bbox 1823 5224 2122 5281; x_wconf 78' lang='lat' dir='ltr'><strong>erkennen.</strong></span> 
     </span>
    </p>
   </div>
   <div class='ocr_carea' id='block_1_13' title="bbox 3952 4 3955 656">
    <p class='ocr_par' dir='ltr' id='par_1_15' title="bbox 3952 4 3955 656">
     <span class='ocr_line' id='line_1_42' title="bbox 3952 4 3955 656; baseline 0 0"><span class='ocrx_word' id='word_1_347' title='bbox 3952 4 3955 656; x_wconf 95' lang='lat' dir='ltr'><strong> </strong></span> 
     </span>
    </p>
   </div>
   <div class='ocr_carea' id='block_1_14' title="bbox 3952 3083 3955 4545">
    <p class='ocr_par' dir='ltr' id='par_1_16' title="bbox 3952 3083 3955 4545">
     <span class='ocr_line' id='line_1_43' title="bbox 3952 3083 3955 4545; baseline 0 0"><span class='ocrx_word' id='word_1_348' title='bbox 3952 3083 3955 4545; x_wconf 95' lang='lat' dir='ltr'><strong> </strong></span> 
     </span>
    </p>
   </div>
   <div class='ocr_carea' id='block_1_15' title="bbox 3952 3083 3955 4721">
    <p class='ocr_par' dir='ltr' id='par_1_17' title="bbox 3952 3083 3955 4721">
     <span class='ocr_line' id='line_1_44' title="bbox 3952 3083 3955 4721; baseline 0 0"><span class='ocrx_word' id='word_1_349' title='bbox 3952 3083 3955 4721; x_wconf 95' lang='lat' dir='ltr'><strong> </strong></span> 
     </span>
    </p>
   </div>
   <div class='ocr_carea' id='block_1_16' title="bbox 3952 5262 3955 6307">
    <p class='ocr_par' dir='ltr' id='par_1_18' title="bbox 3952 5262 3955 6307">
     <span class='ocr_line' id='line_1_45' title="bbox 3952 5262 3955 6307; baseline 0 0"><span class='ocrx_word' id='word_1_350' title='bbox 3952 5262 3955 6307; x_wconf 95' lang='lat' dir='ltr'><strong> </strong></span> 
     </span>
    </p>
   </div>
  </div>
 </body>
</html>
