4038 6358
927 534 1056 602 378
1904 535 2007 587 Dis
2051 535 2504 600 philosophialis
2540 534 2798 587 Baculffit.

922 713 1073 780 dam
1138 724 1446 782 statutum
1507 716 1882 785 ordinatum
1936 719 2155 786 extitit
2206 727 2272 785 et
2339 739 2458 805 per
2525 739 2647 784 nos
2702 714 3139 806 approbatum
3189 723 3259 783 et
3311 715 3776 803 confirmatum,

917 813 1093 900 quod
1152 814 1412 902 quidem
1465 825 1779 884 statutum
1836 819 1905 885 in
1957 819 2195 885 effectu
2247 816 2330 883 de
2383 816 2588 886 verbo
2648 817 2861 883 eciam
2910 816 2999 881 ad
3054 815 3330 883 verbum
3385 815 3513 883 tale
3561 828 3650 885 est
3705 830 3776 886 et

922 914 1093 980 inter
1134 925 1353 984 cetera
1397 925 1640 985 statuta
1680 918 1775 984 ita
1816 919 2213 984 continetur:

1164 1050 1345 1134 Item,
1391 1049 1563 1139 quod
1599 1052 1957 1133 multitudO,
1999 1052 2130 1140 vgl.
2172 1056 2316 1117 oben
2356 1056 2418 1118 S.
2461 1055 2600 1136 377,
2646 1054 2721 1119 13
2754 1053 2842 1112 bis
2885 1097 2901 1113 .
2925 1096 2943 1112 .
2975 1096 2993 1114 .
3031 1047 3310 1116 liberam
3353 1051 3774 1119 autoritatem.

833 1158 867 1213 5
1001 1153 1419 1214 Abweichende
1437 1156 1733 1216 Lesarten
1774 1157 1915 1216 sind
1948 1157 2138 1234 yleich
2181 1157 2260 1216 im
2297 1157 2580 1234 Ansanqe
2620 1172 2715 1236 qu
2731 1171 2768 1215 o
2783 1147 2828 1214 d
2874 1160 3024 1213 statt
3060 1150 3244 1239 quia,
3288 1155 3458 1212 daun
3495 1149 3770 1218 volentes

995 1250 1261 1336 igitur
1302 1249 1374 1315 Z.
1409 1257 1505 1333 15,
1548 1253 1890 1318 statuimus
1933 1262 2012 1318 et
2054 1252 2561 1335 ordinamus,
2605 1247 3194 1316 solumsedecim
3219 1249 3520 1336 magistri
3552 1248 3617 1315 Z.
3672 1257 3775 1335 18,

1003 1349 1191 1416 salva
1229 1358 1447 1415 tamen
1491 1372 1799 1439 semper
1838 1353 2120 1440 paritate
2156 1352 2229 1417 Z.
2268 1357 2370 1420 24.

1082 1482 1407 1571 Cumque,
1461 1492 1533 1550 ut
1579 1485 1944 1573 accepimus
1959 1535 1978 1570 ,
2034 1484 2328 1553 nonnulli
2377 1482 2756 1551 huiusmodi
2817 1490 3053 1549 statuto
3096 1480 3372 1548 honesto
3428 1490 3493 1547 et
3542 1480 3759 1551 deifico

920 1583 1370 1650 contravenire
1435 1592 1502 1649 et
1571 1605 1640 1649 se
1708 1582 1948 1668 modis,
2013 1584 2250 1674 quibus
2328 1592 2633 1672 possunt,
2702 1583 2997 1649 nituntur
3062 1603 3424 1669 opponere,
3486 1582 3761 1650 volentes

840 1692 903 1750 10
919 1684 1117 1770 igitur
1156 1681 1307 1748 huic
1365 1681 1591 1749 morbo
1634 1684 1941 1770 pestifero
1959 1733 1978 1768 ,
2043 1694 2356 1770 quantum
2398 1685 2467 1750 in
2508 1682 2696 1749 nobis
2743 1691 2875 1765 est,
2926 1680 3194 1747 obviare
3214 1730 3233 1765 ,
3285 1680 3661 1748 mandamus
3701 1685 3770 1749 in

916 1784 1152 1848 virtute
1174 1791 1434 1847 sanctae
1460 1781 1873 1849 obedienciae
1891 1783 2259 1850 huiusmodi
2286 1791 2628 1867 statutum,
2649 1804 2770 1873 per
2790 1803 2930 1865 nos,
2958 1789 3032 1847 ut
3061 1782 3522 1871 praemittitur,
3543 1804 3761 1870 appro-

913 1882 1137 1948 batum
1181 1889 1245 1946 et
1287 1880 1764 1965 confirmatum,
1814 1882 2281 1950 inviolabiliter
2340 1892 2406 1949 et
2461 1883 2848 1949 inconcusse
2903 1880 3242 1948 observari
3258 1930 3278 1964 ,
3338 1890 3404 1947 et
3463 1881 3551 1964 si,
3603 1881 3768 1969 quod

915 1981 1112 2063 absit,
1173 1980 1407 2070 aliquis
1452 2002 1566 2047 seu
1607 1980 1811 2070 aliqui
1849 1992 2213 2050 memorato
2255 1990 2503 2050 statuto
2563 2004 2634 2048 se
2674 1980 2915 2047 vellent
2958 2002 3293 2070 opponere
3333 1980 3762 2069 quovismodo,

913 2080 1141 2147 damus
1204 2088 1269 2145 et
1340 2079 1748 2146 concedimus
1823 2081 2070 2148 decano
2148 2091 2210 2148 et
2264 2082 2628 2148 senioribus
2686 2081 3019 2167 magistris
3088 2080 3172 2146 de
3230 2079 3503 2146 concilio
3565 2079 3765 2146 dictae

840 2191 898 2247 15
914 2180 1239 2246 facultatis
1280 2180 1654 2246 huiusmodi
1696 2182 2208 2249 contradictores
2262 2191 2327 2248 et
2368 2179 2644 2247 rebelles
2682 2179 3036 2247 secundum
3067 2189 3314 2247 statuta
3343 2179 3556 2246 dictae
3575 2179 3763 2247 faml-

913 2280 1068 2345 tatis
1130 2277 1215 2344 ad
1285 2279 1503 2346 delicti
1566 2281 1943 2370 qualitatem
1994 2280 2461 2369 compescendi
2528 2290 2592 2348 et
2648 2279 3022 2366 corrigendi
3080 2280 3342 2369 plenam
3401 2288 3468 2346 et
3507 2278 3763 2346 liberam

914 2389 1300 2467 potestatem
1342 2379 1592 2464 harum,
1638 2380 1869 2469 quibus
1915 2381 2203 2469 sigillum
2245 2391 2548 2448 nostrum
2587 2380 2800 2446 maius
2842 2389 2942 2446 est
2985 2400 3365 2469 appensum,
3409 2381 3758 2446 testimonio

912 2478 1291 2545 litterarum.
1387 2479 1633 2545 Datum
1698 2479 2086 2568 Merseburg
2163 2503 2333 2547 anno
2413 2479 2659 2547 domini
2724 2477 3066 2549 millesimo
3137 2479 3759 2568 quadringentesimo

909 2578 1408 2666 quadragesimo
1462 2586 1648 2646 sexto
1662 2628 1682 2662 ,
1736 2580 1903 2646 feria
1967 2583 2195 2668 quinta
2275 2580 2344 2646 in
2411 2579 2644 2667 vigilia
2713 2587 2980 2647 sanctae
3036 2579 3443 2646 Katherinae
3504 2579 3758 2667 virginis

829 2688 904 2745 20
928 2685 1121 2756 (1446
1164 2684 1221 2742 d.
1258 2685 1356 2748 24.
1401 2683 1775 2755 November).

1073 2795 1219 2881 Ego
1239 2845 1258 2879 ,
1300 2796 1535 2862 Petrus
1577 2796 1658 2862 de
1690 2795 1914 2863 Harra
1929 2845 1947 2879 ,
1992 2795 2267 2863 clericus
2308 2796 2814 2884 Bambergensis
2871 2796 3152 2863 diocesis
3195 2794 3533 2884 publicus,
3586 2818 3758 2863 sam-a

912 2894 1239 2983 imperiali
1315 2898 1660 2963 autoritate
1714 2897 2035 2980 notarius,
2090 2918 2486 2983 recognosco
2537 2919 2734 2963 manu
2775 2919 2921 2963 mea
2958 2896 3232 2985 propria
3246 2944 3265 2979 ‚
3324 2895 3499 2983 quod
3551 2918 3754 2984 supra·

915 2998 1226 3084 scriptam
1260 2998 1519 3084 copiam
1568 2995 1805 3082 scripsi
1830 3017 2030 3061 manu
2059 3018 2206 3061 mea
2247 2999 2518 3085 propria
2556 3019 2639 3063 ex
2680 2996 2871 3062 litera
2912 2994 3216 3082 originali
3257 2994 3543 3062 eiusdem
3594 3017 3754 3061 reve·

909 3095 1094 3162 rendi
1137 3095 1206 3161 in
1248 3094 1508 3163 Christo
1553 3096 1758 3183 patris
1804 3117 1883 3160 ac
1925 3094 2204 3179 domini,
2239 3094 2484 3162 domini
2521 3096 2866 3179 Iohannis,
2921 3094 3219 3185 episcopi
3260 3094 3738 3183 Merzeburgen·

828 3206 895 3263 25
917 3197 1007 3262 sis
1023 3246 1042 3279 ,
1121 3194 1492 3262 cancellarii
1532 3195 1707 3260 unici
1760 3194 1950 3261 huius
2007 3196 2219 3262 almae
2258 3196 2404 3284 Lup
2413 3198 2665 3263 czensis
2717 3196 3195 3277 universitatis,
3258 3195 3597 3283 sigilloque
3650 3219 3748 3262 suo

904 3295 1136 3361 maiori
1179 3294 1263 3360 ab
1307 3304 1497 3361 extra
1539 3293 1621 3360 de
1660 3317 1814 3362 cera
1855 3295 2095 3382 glauca
2142 3298 2498 3380 communi,
2549 3295 2633 3361 ab
2674 3295 2849 3362 intra
2888 3317 3047 3361 vero
3092 3293 3175 3360 de
3217 3316 3374 3361 cera
3411 3295 3606 3361 viridi
3622 3345 3639 3378 ‚
3691 3296 3750 3361 in

907 3394 1206 3483 pressula
1241 3417 1678 3483 pergamenea
1716 3417 2029 3483 appensa,
2076 3395 2379 3483 sigillata,
2423 3397 2493 3461 in
2536 3397 2719 3461 cuius
2767 3394 2981 3460 medio
3009 3393 3403 3460 videbantur
3434 3395 3750 3481 ymagines

909 3503 1278 3561 sanctorum
1319 3494 1666 3582 Baptistae
1707 3504 1772 3560 et
1829 3494 2177 3562 Laurencii
2192 3546 2210 3580 ,
2266 3496 2523 3563 litterae
2567 3503 2782 3561 autem
2837 3493 3468 3562 circumferenciales
3519 3495 3747 3560 fixerunt

912 3594 1066 3661 hae:
1124 3593 1173 3662 S
1212 3595 1286 3661 Io
1331 3598 1438 3681 epi
1476 3592 1718 3660 Merss:
1764 3593 1953 3676 Quae
1995 3596 2185 3682 copia
2225 3597 2484 3663 omnino
2526 3593 2877 3661 concordat
2917 3615 3062 3659 cum
3106 3593 3414 3680 originali
3452 3591 3653 3660 litera.
