4038 6358
959 560 1079 632 308
1939 561 2042 615 Die
2077 559 2514 628 philosophische
2553 560 2812 614 Facultat.

959 742 1347 833 quindenam
1406 768 1447 810 a
1505 745 1634 810 fine
1699 746 2018 810 examinis
2075 744 2234 814 velit
2294 744 2365 810 xl
2431 767 2636 811 novos
2694 764 2959 830 grossos
3021 741 3274 808 solvere
3339 741 3647 809 facultati
3715 741 3826 808 vel

959 863 1010 909 11
1051 843 1326 908 florenos
1385 866 1688 910 renenses
1743 855 1824 928 et,
1879 847 2104 910 intrim
2161 844 2333 933 quod
2388 844 2603 931 grossi
2661 853 2809 910 sunt
2863 840 3162 907 meliores
3204 841 3489 925 florenis,
3539 866 3827 929 grossos

961 943 1211 1009 solvere
1250 941 1426 1027 velit,
1482 945 1610 1009 nisi
1664 966 1705 1009 a
1757 943 2067 1009 facultate
2111 945 2461 1032 optinuerit
2521 966 2739 1010 eorum
2787 941 3230 1007 dimissionem
3274 940 3379 1007 vel
3427 941 3824 1009 dilacionem

961 1042 1048 1107 ad
1088 1042 1430 1107 terminum
1469 1042 1840 1130 longiorem.

878 1203 912 1258 5
1209 1196 1521 1256 Hiemack
1565 1197 1643 1256 ist
1684 1217 1779 1257 am
1827 1199 2045 1258 Raude
2087 1199 2526 1275 nachyetraqen
2572 1194 2704 1275 (die
2745 1197 3025 1274 Ansd‘nye
3068 1198 3178 1255 der
3214 1197 3424 1255 Zeilen
3463 1197 3611 1256 sind
3653 1197 3823 1274 αὖρα-

1047 1295 1341 1354 scknitten
1394 1316 1412 1352 .·

1212 1293 1418 1477 [Item]
1461 1390 1635 1476 quod
1677 1391 1835 1457 velit
1879 1392 2130 1458 solvere
2177 1397 2203 1458 1
2254 1391 2565 1457 florenum
2608 1390 2781 1457 ultra
2823 1387 3032 1479 [isto]s
3076 1393 3236 1459 duos
3293 1392 3357 1458 fl.
3409 1391 3587 1456 infra
3641 1390 3816 1456 idem

1041 1499 1297 1654 ffirgpus
1365 1511 1485 1577 pro
1550 1485 1768 1579 [bono]
1835 1492 2307 1574 universitatis,
2375 1491 2502 1556 nisi
2565 1493 2771 1578 ipsius
2838 1492 3191 1579 optinuerit
3253 1490 3652 1557 dilacionem
3716 1490 3815 1557 vel

1184 1611 1508 1654 iseronem.

888 1749 951 1805 10
1131 1738 1293 1804 Item
1345 1737 1519 1825 quod
1558 1761 1688 1804 non
1731 1740 1889 1804 velit
1927 1740 2215 1828 incipere
2254 1741 2382 1806 nisi
2437 1741 2686 1826 signeto
2728 1738 2948 1806 habito
2993 1763 3035 1804 a
3075 1738 3354 1823 decan03
3427 1744 3586 1807 item
3649 1740 3816 1829 quod

966 1861 1096 1905 non
1138 1838 1295 1903 velit
1338 1862 1380 1903 a
1417 1838 2072 1914 recommendacione
2110 1840 2594 1906 licenciatorum
2649 1838 3011 1921 absentare,
3064 1840 3132 1903 ni
3172 1839 3638 1907 rationabilem
3678 1862 3814 1905 cau-

970 1961 1107 2004 sam
1156 1936 1488 2022 habuerit,
1549 1961 1740 2026 quam
1794 1938 2087 2004 facultati
2136 1947 2460 2028 proponat
2518 1948 2582 2005 et
2635 1939 2926 2005 favorem
2983 1937 3328 2005 absenciae
3385 1942 3685 2029 optineat
3736 1938 3811 2004 ab

969 2038 1211 2104 eadem.

1821 2162 1915 2224 14.
1954 2173 2051 2221 DE
2094 2172 2493 2222 LIGENTIATI
2534 2171 2958 2220 mammo.

893 2296 953 2352 15
1136 2287 1273 2352 Ista
1315 2286 1558 2353 iurabit
1598 2286 2090 2374 magistr-andus
2119 2297 2412 2376 tempore
2455 2288 2853 2374 incepcionis
2897 2295 2961 2351 et
2998 2296 3311 2373 tempore,
3356 2307 3486 2375 quo
3528 2287 3812 2352 favorem

970 2385 1326 2472 incipiendi
1380 2388 1450 2451 in
1507 2384 1755 2452 artibus
1810 2410 1851 2452 a
1901 2386 2206 2453 facultate
2259 2385 2601 2474 optinebit:
2661 2385 2946 2470 „Primo,
2999 2385 3173 2471 quod
3227 2407 3346 2471 per
3397 2386 3567 2451 duos
3620 2408 3812 2451 annos

970 2486 1040 2549 in
1081 2485 1210 2550 ista
1245 2487 1670 2551 universitate
1710 2485 1882 2572 leget
1921 2495 1985 2551 et
2028 2485 2403 2573 disputabit,
2455 2487 2583 2554 nisi
2627 2508 2844 2550 secum
2886 2507 3078 2573 super
3121 2484 3244 2550 hoc
3285 2507 3404 2572 per
3444 2485 3808 2551 facultatem

971 2584 1164 2649 fuerit
1220 2584 1696 2673 dispensatum3
1754 2586 1941 2651 item¹
2000 2585 2173 2673 quod
2232 2593 2474 2650 statuta
2525 2595 2589 2648 et
2645 2584 3004 2666 statuenda,
3063 2606 3229 2672 quae
3281 2594 3433 2649 sunt
3481 2606 3611 2672 pro
3653 2583 3809 2650 bono

970 2684 1413 2750 universitatis
1457 2707 1536 2750 ac
1576 2683 1905 2750 facultatis
1949 2685 2214 2766 arcium,
2257 2684 2528 2748 firmiter
2570 2682 2730 2747 velit
2772 2682 3154 2768 observare3
3210 2687 3364 2748 item
3411 2684 3592 2769 quod
3630 2685 3805 2748 istum

889 2789 959 2847 20
974 2781 1249 2868 gradum
1290 2785 1360 2848 in
1400 2783 1581 2849 nulla
1626 2784 1756 2849 alia
1806 2785 2226 2848 universitate
2274 2792 2597 2866 resumat3
2657 2785 2808 2847 item
2867 2781 3043 2869 quod
3095 2781 3334 2848 bonum
3374 2783 3806 2848 universitatis

976 2891 1040 2946 et
1100 2881 1425 2948 facultatis
1489 2884 1764 2967 arcium,
1827 2882 1912 2948 ad
1973 2903 2419 2970 quemcunque
2475 2891 2713 2946 statum
2770 2881 3131 2965 devenerit,
3189 2880 3346 2948 velit
3405 2882 3802 2969 procurare.“

976 2980 1065 3047 Et
1120 2981 1363 3069 placuit
1403 2981 1644 3047 ibidem
1684 2991 1840 3047 tunc
1888 2982 2240 3068 magistris,
2296 2980 2471 3067 quod
2526 2982 2654 3046 ista
2702 2980 2933 3047 ultima
2986 2980 3113 3046 duo
3170 2980 3256 3046 ad
3310 2983 3669 3068 periurium
3708 2979 3804 3046 ob-

972 3081 1195 3167 ligant.

1332 3239 1419 3299 15.
1462 3250 1558 3296 DE
1599 3249 2229 3298 DISPUTATIONIBUS
2270 3248 2905 3299 EXTRAORDINARIIS
2950 3248 3469 3298 MAGISTRORUM.

893 3390 960 3447 25
1138 3382 1300 3447 Item
1341 3382 1463 3447 fuit
1502 3391 1827 3465 statutum,
1871 3381 2046 3468 quod
2088 3382 2356 3471 quilibet
2395 3391 2728 3469 promotus
2772 3382 2858 3448 ad
2894 3381 3171 3469 gradum
3195 3382 3560 3467 magisterii
3602 3381 3792 3447 occies

980 3480 1498 3547 extraordinarie
1553 3483 1723 3546 infra
1776 3484 2060 3569 primum
2115 3504 2353 3546 annum
2411 3503 2566 3546 suae
2624 3482 3020 3568 incepcionis
3076 3480 3471 3569 disputabit3
3529 3490 3593 3545 et
3644 3488 3797 3545 ante-

979 3602 1171 3667 quam
1215 3580 1582 3647 huiusmodi
1625 3581 2104 3669 disputaciones
2147 3581 2583 3667 compleverit,
2639 3580 2725 3646 ad
2768 3580 3099 3647 consilium
3155 3580 3487 3673 facultatis
3527 3602 3656 3646 non
3694 3576 3789 3643 ad-

975 3680 1288 3744 mittatur.

1134 3850 1229 3912 16.
1282 3865 1356 3913 m
1398 3863 1648 3925 omnus
1686 3863 1978 3913 Ac'rmus
2019 3863 2349 3914 mms‘rm
2389 3865 2462 3912 m
2501 3863 2869 3914 HABITIBUS
2910 3864 3234 3913 DEBEANT
3276 3864 3657 3913 Armanas.

904 4005 973 4061 30
1152 3996 1316 4062 Item
1372 3997 1497 4062 fuit
1550 4006 1876 4079 statutum,
1933 3995 2109 4061 nullo
2159 3996 2653 4081 contradicente,
2708 3996 2879 4084 quod
2932 3998 2998 4062 in
3056 3997 3375 4063 eleccione
3429 3996 3688 4078 decani,
3736 3995 3792 4058 in

983 4095 1612 4163 recommendatione
1665 4096 2166 4177 licentiatorum,
2222 4097 2291 4160 in
2348 4097 2724 4183 incepcione
2784 4095 3259 4164 licentiatorum
3315 4119 3429 4162 seu
3486 4094 3793 4174 licentiati,

984 4195 1052 4258 in
1119 4193 1556 4283 disputatione
1610 4195 1970 4275 ordinaria,
2038 4194 2108 4257 in
2165 4196 2702 4261 extraordinariis
2755 4194 3301 4283 disputationibus
3356 4198 3791 4283 magistrorum

986 4297 1285 4382 magistri
1325 4297 1391 4359 in
1432 4292 1759 4360 habitibus
1804 4293 2083 4359 debeant
2120 4315 2456 4382 apparere.

1156 4394 1318 4460 Item
1360 4394 1484 4461 fuit
1524 4393 1893 4459 conclusum
1937 4402 2000 4457 et
2039 4402 2366 4478 statutum,
2411 4394 2580 4482 quod
2621 4395 2836 4461 nullus
2876 4397 3015 4462 sine
3056 4395 3283 4462 habitu
3330 4395 3550 4484 legere
3590 4393 3791 4461 debeat

905 4505 972 4561 35
992 4517 1113 4560 nec
1155 4495 1293 4560 sine
1333 4493 1560 4560 habitu
1601 4491 1859 4582 publice
1899 4492 2253 4580 disputare.

1100 4668 1196 4729 17.
1246 4679 1319 4727 m
1363 4677 1614 4739 QUIBUS
1655 4676 1949 4727 ACTIBUS
1988 4677 2400 4726 BAccALARn
2439 4678 2513 4726 m
2549 4677 2918 4727 HABI‘HBUS
2959 4678 3281 4727 DEBEANT
3321 4678 3687 4728 APPARERE.

1152 4794 1315 4858 Item
1372 4795 1495 4858 fuit
1539 4791 1931 4876 conclusum,
1990 4791 2163 4879 quod
2216 4815 2436 4858 omnes
2477 4791 2833 4858 baccalarii
2869 4794 2937 4857 in
2981 4793 3523 4880 disputationibus
3565 4791 3784 4860 ordina·

985 4893 1102 4958 riis
1144 4893 1600 4979 magistrorum
1640 4893 1708 4956 in
1750 4890 2082 4958 habitibus
2124 4893 2192 4956 in
2234 4893 2559 4979 scampnis
2602 4891 3119 4959 baccalariorum
3161 4893 3440 4963 debeant
3479 4908 3785 4982 apparere,

987 4995 1054 5056 in
1100 4991 1637 5059 extraordinariis
1676 5014 1831 5056 vero
1880 4990 2425 5078 disputationibus
2475 4991 2828 5056 baccalarii
2883 4992 3344 5081 respondentes
3385 4996 3452 5058 in
3493 4987 3783 5060 habitibus

1138 5230 1162 5284 1
1208 5221 1575 5285 Gesehrieben
1607 5222 1754 5281 steht
1785 5225 1883 5281 ita.
