4038 6358
805 594 927 659 402
1795 591 1897 641 Die
1928 589 2366 655 philosophische
2399 589 2651 644 Facultfit.

812 780 1073 860 reputat
1134 770 1486 837 notabilem
1529 779 1592 835 et
1633 774 1955 837 notorium
1973 822 1992 856 ,
2038 771 2119 837 de
2164 795 2291 860 quo
2333 793 2452 859 per
2489 780 2809 838 rectorem
2855 780 2919 836 et
2957 794 3319 838 assessores
3371 775 3500 839 eius
3535 776 3616 841 in·

813 880 1185 938 carceratus
1223 872 1436 953 fuerit,
1486 869 1590 936 vel
1636 872 1693 935 si
1731 869 2032 958 publicus
2074 873 2553 937 meretricarius
2593 872 2808 953 fuerit,
2851 871 3098 936 scilicet
3141 871 3314 959 quod
3353 875 3418 937 in
3454 873 3619 941 domo

814 971 1244 1037 habitacionis
1299 992 1455 1035 suae
1508 969 1842 1035 mulierem
1900 982 2270 1059 suspectam
2327 970 2585 1058 publice
2641 973 2952 1054 tenuerit,
3006 971 3110 1037 vel
3170 970 3258 1037 ad
3312 972 3622 1039 comodum

809 1071 1048 1139 bursae
1094 1094 1251 1136 suae
1294 1069 1490 1135 talem
1533 1068 1998 1153 introduxerit,
2042 1070 2149 1135 vel
2191 1070 2321 1136 alia
2375 1070 2564 1136 domo
2617 1070 2723 1135 vel
2783 1069 3173 1135 domuncula
3226 1070 3329 1136 vel
3383 1073 3624 1139 eomodo

724 1180 757 1236 5
807 1171 1138 1235 meretrici
1180 1168 1486 1257 publicae
1531 1169 1635 1234 vel
1687 1170 2137 1235 meretricibus
2188 1168 2465 1257 publicis
2520 1179 2942 1235 conversatus
2998 1172 3195 1235 fuerit
3210 1219 3230 1253 ,
3289 1169 3393 1235 vel
3440 1170 3626 1237 locum

813 1280 1202 1356 suspectum,
1223 1267 1529 1333 videlicet
1561 1267 2013 1355 prostibulum,
2041 1270 2426 1351 visitaverit,
2453 1268 2556 1333 vel
2588 1270 2654 1333 in
2688 1268 3140 1335 collationibus
3185 1279 3299 1334 aut
3339 1271 3625 1357 prandiis,

813 1369 925 1435 ubi
963 1369 1162 1434 talem
1202 1368 1308 1432 vel
1361 1366 1524 1431 tales
1580 1389 1723 1432 esse
1782 1368 2081 1452 sciverit,
2125 1369 2350 1453 fuerit,
2395 1377 2461 1433 et
2503 1368 2584 1433 de
2626 1369 2751 1434 hoc
2791 1371 3123 1434 convictus
3165 1369 3270 1434 vel
3326 1371 3626 1436 confessus

806 1468 912 1533 vel
954 1491 1072 1556 per
1122 1476 1575 1533 conventorem
1631 1475 1898 1552 propter
1950 1466 2121 1531 hunc
2177 1478 2241 1532 et
2291 1467 2645 1553 quemlibet
2698 1466 2897 1533 alium
2951 1490 3290 1533 excessum
3335 1469 3416 1534 de
3451 1469 3630 1535 bursa

810 1591 929 1633 sua
974 1566 1287 1654 expulsus
1328 1566 1552 1647 fuerit,
1596 1564 1702 1629 vel
1742 1565 1812 1629 in
1855 1565 2215 1652 prostibulo
2255 1566 2358 1632 vel
2402 1576 2591 1632 extra
2631 1566 2894 1655 publice
2947 1590 3017 1631 se
3067 1570 3492 1655 percusserit,
3529 1568 3622 1633 vel

735 1677 798 1733 10
819 1667 913 1733 ibi
934 1666 1283 1732 wlneratus
1326 1688 1410 1730 ex
1454 1663 1646 1751 culpa
1688 1688 1805 1730 sua
1846 1667 2042 1730 fuerit
2082 1675 2311 1752 captus
2340 1666 2445 1731 vel
2480 1666 2941 1754 deprehensus,
2968 1667 3074 1732 vel
3114 1670 3225 1754 qui
3269 1667 3354 1732 ad
3391 1668 3631 1734 taxilles

818 1769 889 1832 in
929 1766 1219 1832 tabernis
1260 1762 1520 1852 publice
1560 1763 1822 1847 luserit,
1866 1764 1970 1829 vel
2017 1764 2435 1831 hastiludium
2493 1769 2560 1831 in
2601 1768 2740 1832 foro
2795 1765 3051 1853 publice
3108 1769 3503 1851 exercuerit,
3540 1768 3631 1833 vel

815 1867 929 1954 qui
954 1864 1176 1933 verbis
1207 1865 1536 1933 iniuriosis
1558 1863 1841 1951 aliquem
1871 1867 2328 1950 magistrorum
2357 1865 2614 1952 publice
2648 1866 2911 1931 laeserit
2946 1865 3052 1931 vel
3095 1867 3310 1953 ipsum
3351 1868 3634 1933 iniuriose

816 1966 1228 2053 percusserit,
1262 1964 1368 2029 vel
1410 1963 1652 2028 fiirtum
1696 1963 1799 2028 vel
1841 1962 2006 2029 alios
2050 1986 2379 2048 excessus,
2423 1988 2585 2050 quos
2628 1967 2974 2031 comitatur
3013 1965 3286 2031 infamia
3328 1965 3430 2031 vel
3469 1988 3634 2031 scan-

815 2064 1039 2130 dulum
1057 2114 1075 2147 ,
1121 2064 1518 2130 commiserit
1559 2062 1663 2127 vel
1722 2066 2219 2151 perpetraverit.
2322 2063 2613 2145 Quorum
2665 2064 2879 2131 nullus
2923 2066 3128 2130 eciam
3145 2114 3164 2148 ,
3211 2066 3266 2130 si
3315 2064 3397 2129 de
3440 2064 3633 2153 aliquo

735 2173 796 2229 15
816 2164 1296 2251 praedictorum
1341 2185 1723 2228 excessuum
1766 2173 2106 2251 suspectus
2149 2163 2253 2228 vel
2296 2164 2647 2229 infamatus
2703 2164 2928 2247 fuerit,
2976 2166 3103 2229 nisi
3148 2188 3219 2229 se
3266 2164 3348 2229 de
3383 2164 3496 2229 tali
3533 2187 3638 2251 per

813 2286 1001 2328 suum
1039 2264 1469 2328 iuramentum
1514 2265 2012 2351 expurgaverit,
2059 2262 2144 2327 ad
2186 2272 2580 2352 temptamen
2600 2313 2619 2347 ,
2663 2275 2734 2329 ut
2776 2265 3205 2351 praemissum
3267 2274 3397 2347 est,
3440 2264 3637 2351 aliquo

808 2362 1002 2429 modo
1048 2362 1447 2428 admittatur.

1638 2534 1729 2597 13.
1786 2547 1881 2595 nn
1926 2548 2188 2597 marm
2231 2547 2831 2597 BAccALAmomm.

2033 2667 2153 2730 νει.
2189 2667 2255 2725 x,
2296 2667 2413 2717 15⁸.

726 2789 796 2846 20
975 2780 1136 2845 Item
1180 2779 1395 2845 nullus
1438 2779 1954 2847 baccalariorum
2001 2782 2069 2845 in
2110 2778 2360 2846 artibus
2411 2788 2630 2868 portet
2685 2779 2953 2867 pallium
2998 2802 3082 2844 ex
3125 2787 3403 2866 utroque
3453 2778 3643 2842 latere

811 2879 915 2945 vel
942 2902 1069 2945 uno
1103 2890 1398 2966 apertum
1433 2883 1609 2945 cum¹
1641 2880 1864 2966 iopula
1892 2879 1995 2944 vel
2026 2879 2349 2963 tunicella,
2382 2903 2550 2967 quae
2592 2902 2718 2945 non
2758 2878 3166 2966 protenditur
3209 2877 3384 2943 ultra
3427 2899 3642 2963 genua,

810 3001 1019 3066 neque
1060 2977 1258 3044 alium
1301 2978 1592 3044 habitum
1637 2976 2042 3046 indecentem
2090 2979 2360 3044 deferat.
2446 2978 2576 3060 Qui
2622 2980 2677 3044 si
2719 2981 3113 3045 contrarium
3157 2978 3420 3060 fecerit,
3457 2978 3521 3040 in
3561 2976 3643 3040 di-

809 3077 1010 3142 midio
1044 3076 1286 3143 floreno
1319 3100 1439 3166 per
1467 3078 1785 3143 decanum
1815 3079 2142 3144 facultatis
2173 3083 2422 3144 arcium
2455 3080 2781 3166 puniatur.
2869 3077 2998 3160 Qui
3048 3079 3103 3142 si
3147 3101 3215 3143 se
3261 3077 3645 3165 opposuerit,

811 3177 896 3244 ad
943 3176 1279 3244 ulteriores
1321 3177 1567 3265 gradus
1603 3182 1672 3244 in
1717 3178 1967 3245 artibus
2010 3202 2141 3245 non
2183 3178 2580 3245 admittatur.

728 3372 794 3429 25
836 3372 931 3432 14.
978 3362 1109 3452 [Bl.
1152 3360 1318 3450 12¹²]
1379 3379 1841 3428 mRAnEN‘rUM
1893 3378 2506 3445 TEmTANnoRnu,
2565 3377 2893 3425 TEMPORE
2946 3376 3518 3426 msrnnsA‘rloms
3567 3377 3648 3424 m·

1506 3479 1578 3525 m
1620 3477 2015 3526 ΑΡΕΒΤῙΟΝΕ
2060 3479 2388 3528 ΕΧΑΜῐΝιε
2431 3477 2977 3530 ΡΒΟΡΟΝΕΝΒῸΜ.

974 3596 1159 3683 „Ego
1206 3595 1297 3662 .N.
1333 3596 1495 3676 iuro,
1541 3591 1717 3681 quod
1745 3614 1865 3659 nec
1898 3595 2153 3659 actione
2185 3617 2306 3659 nec
2332 3593 2602 3676 ulcione,
2648 3615 2767 3658 nec
2808 3616 2928 3679 per
2968 3615 3072 3658 me
3112 3615 3232 3658 nec
3269 3615 3392 3680 per
3434 3589 3641 3675 alium,

818 3695 1059 3760 directe
1102 3694 1207 3759 vel
1250 3693 1583 3775 indirecte,
1626 3692 1829 3757 verbo
1874 3692 1977 3757 vel
2016 3695 2189 3760 facto
2234 3693 2336 3759 vel
2381 3694 2613 3782 quovis
2660 3692 2787 3759 alio
2833 3691 3025 3758 modo
3070 3691 3265 3758 velim
3297 3716 3404 3758 me
3445 3692 3641 3758 vindi·

812 3820 981 3880 care,
1024 3798 1080 3858 si
1107 3794 1192 3860 ad
1221 3803 1618 3881 temptamen
1659 3814 1790 3857 non
1831 3791 2159 3878 admittar,
2203 3794 2306 3859 vel
2353 3796 2558 3859 eciam
2602 3802 2751 3882 post
2792 3802 3187 3880 temptamen
3231 3793 3493 3875 reiciar,
3534 3791 3641 3856 sub

731 3905 801 3962 30
819 3918 1026 3984 poena
1052 3894 1342 3982 periurii,
1386 3891 1560 3980 quod
1591 3901 1819 3958 contra
1846 3892 2091 3959 faciens
2119 3897 2263 3980 ipso
2297 3894 2469 3959 facto
2504 3896 2788 3976 incurro,
2833 3902 2896 3958 et
2942 3903 3200 3956 centum
3247 3891 3644 3973 florenorum,

822 4018 1092 4083 quorum
1131 3993 1445 4058 medietas
1490 3991 1679 4056 cedat
1710 3991 1835 4075 illi,
1882 4016 2073 4080 quem
2114 3996 2212 4059 sic
2250 3993 2535 4076 offendO,
2580 3992 2711 4058 alia
2753 4015 2909 4058 vero
2963 3988 3277 4056 medietas
3320 3990 3519 4055 cedat
3557 3991 3638 4055 fa·

815 4096 1060 4161 cultati.
1145 4093 1256 4159 Sic
1297 4115 1402 4157 me
1447 4089 1607 4157 deus
1650 4091 1916 4157 adiuvet
1959 4100 2024 4156 et
2065 4102 2290 4156 sancta
2329 4089 2437 4157 dei
2476 4091 2893 4178 ewangelia.“

1065 4284 1160 4344 15.
1203 4295 1298 4342 nn
1342 4294 1575 4343 romu
1616 4291 2167 4341 MOLESTANTmM
2207 4291 2744 4340 ExAMmA‘ronss
2786 4292 2876 4339 ΕΤ
2921 4290 3417 4340 ῙΜΡΕΒῙΤοΒΕε.

974 4411 1139 4478 Item
1154 4409 1378 4477 ⁴nullus
1400 4410 1654 4475 actione
1672 4406 1776 4473 vel
1808 4407 2072 4491 ultione,
2108 4430 2226 4496 per
2263 4430 2333 4473 se
2366 4408 2472 4474 vel
2506 4429 2624 4495 per
2662 4407 2879 4490 alium,
2912 4407 3154 4473 directe
3187 4406 3296 4472 vel
3324 4405 3645 4487 indirecte,

726 4521 794 4577 35
818 4511 1020 4578 verbo
1050 4510 1154 4576 vel
1182 4513 1352 4578 facto
1376 4508 1483 4574 vel
1517 4529 1900 4595 quocunque
1934 4506 2062 4574 alio
2087 4507 2281 4573 modo
2309 4509 2582 4595 impetat
2609 4506 2715 4572 vel
2746 4505 3043 4573 molestet
3082 4506 3361 4592 aliquem
3402 4503 3488 4570 de
3529 4527 3646 4570 ma·

815 4612 1040 4697 gistris
1057 4610 1163 4675 vel
1194 4607 1748 4676 examinatoribus
1771 4629 1893 4694 pro
1915 4630 2012 4689 ec,
2046 4606 2221 4694 quod
2251 4606 2535 4695 aliquem
2566 4605 2647 4672 de
2680 4607 2817 4672 suis
2856 4603 2943 4671 ad
2984 4604 3261 4692 gradum
3298 4604 3648 4690 magisterii

816 4710 921 4775 vel
947 4731 1221 4776 examen
1243 4731 1325 4774 ex
1346 4730 1546 4776 causa
1567 4706 1939 4773 rationabili
1967 4729 2097 4771 non
2129 4705 2393 4771 admisit
2423 4705 2525 4772 vel
2560 4707 2769 4772 eciam
2810 4704 3083 4771 eundem
3114 4706 3298 4770 iuxta
3330 4706 3644 4770 conscien-

810 4812 979 4876 ciam
1026 4832 1208 4874 suam
1251 4817 1315 4872 et
1357 4810 1792 4873 iuramentum
1828 4795 2175 4894 impedivit
2225 4804 2330 4871 vel
2390 4816 2722 4892 tamquam
2770 4803 3109 4891 indignum
3162 4805 3401 4870 reiecit.
3491 4803 3643 4870 Con·

816 4909 1090 4975 trarium
1126 4909 1372 4973 faciens
1413 4906 1585 4972 ultra
1626 4915 1878 4971 reatum
1932 4906 2237 4992 periurii,
2281 4905 2457 4990 quod
2507 4907 2653 4993 ipso
2708 4905 2881 4970 facto
2935 4904 3239 4986 incurrit,
3286 4913 3350 4968 et
3405 4913 3643 4970 centum

725 5009 1200 5076 wflorenorum
1244 5029 1542 5094 poenam,
1586 5027 1862 5093 quorum
1903 5003 2218 5069 medietas
2262 5004 2453 5070 cedat
2491 5005 2588 5070 illi
2628 5003 2733 5070 vel
2772 5003 2923 5087 illis,
2972 5025 3164 5092 quem
3205 5003 3310 5070 vel
3357 5024 3523 5091 quos
3561 5003 3641 5067 sic

815 5108 1075 5195 impetit
1114 5116 1230 5172 aut
1271 5105 1605 5189 molestat,
1647 5104 1778 5171 alia
1817 5104 2132 5170 medietas
2177 5104 2368 5169 cedat
2415 5104 2741 5188 facultati,
2788 5105 2982 5169 etiam
3027 5113 3339 5192 perpetue
3381 5126 3424 5168 a
3466 5100 3645 5168 facul·

982 5277 1003 5329 1
1043 5270 1417 5330 Geschrieben
1453 5268 1601 5325 steht
1631 5269 1731 5325 vel.
