4038 6358
785 622 866 704 90
1741 643 1841 694 Die
1877 643 2115 694 Statuten
2150 657 2271 695 vom
2304 645 2472 695 Jahre
2517 641 2658 708 15⁴3,

781 821 1017 887 librum
1057 824 1486 911 perscriptum
1524 824 1746 906 fuerit,
1803 834 2115 915 tanquam
2156 849 2355 895 unum
2408 826 2492 892 de
2546 830 2787 894 nostris
2841 831 3150 914 retineat3
3208 830 3323 916 qui
3376 829 3637 911 fecerit,

783 922 1086 991 mulctam
1130 922 1364 993 solvito
1407 923 1780 993 florinorum
1823 926 2036 993 trium.

1922 1145 2202 1196 Statutu
2223 1160 2275 1195 m
2314 1145 2456 1198 XXI.

1291 1313 1610 1362 NEMINEM
1649 1312 1801 1361 snm
1845 1311 2350 1363 PRAEOEPTORE
2395 1311 2651 1361 VIVERE
2695 1312 3086 1363 OPORTERE.

724 1440 757 1494 5
941 1429 1119 1495 Nihil
1159 1430 1227 1494 in
1268 1450 1506 1516 genere
1545 1451 1753 1519 neque
1796 1428 1881 1494 ad
1915 1419 2093 1494 vitae
2114 1450 2495 1515 morumque
2524 1428 2928 1494 honestatem
2950 1452 3158 1518 neque
3180 1431 3267 1497 ad
3289 1432 3630 1499 doctrinae

777 1528 1152 1603 eruditionis
1176 1528 1504 1595 literariae
1533 1530 1928 1595 incrementa
1953 1527 2174 1594 utilius
2203 1529 2481 1614 proponi
2506 1538 2720 1617 potest
2745 1551 2940 1615 quam
2965 1530 3036 1595 id
3063 1531 3241 1620 quod
3272 1555 3530 1621 semper
3554 1535 3630 1599 in

779 1630 904 1696 hac
942 1632 1365 1696 universitate
1407 1630 1819 1695 severissime
1864 1636 2193 1694 servatum
2243 1635 2342 1691 est
2359 1675 2378 1709 ,
2433 1638 2734 1716 oportere
2775 1646 3312 1719 unumquemque,
3360 1634 3472 1721 qui
3512 1656 3629 1699 no-

777 1732 929 1797 stris
971 1730 1330 1818 privilegiis
1370 1728 1656 1816 gaudere
1698 1740 1762 1795 et
1803 1728 2162 1794 studiorum
2207 1728 2561 1794 commodis
2602 1731 2695 1794 uti
2736 1729 2923 1814 velit,
2968 1740 3464 1819 praeceptorem
3507 1732 3622 1799 ha·

780 1830 955 1914 bere,
1000 1832 1178 1896 cuius
1217 1831 1473 1897 monitis
1521 1839 1583 1894 et
1626 1832 1695 1894 in
1739 1829 1998 1894 virtutis
2040 1828 2152 1893 via
2194 1828 2548 1893 retineatur
2589 1838 2654 1894 et
2676 1828 2984 1896 discendo
3016 1831 3380 1918 profectum
3400 1832 3621 1898 facere

701 1940 763 1996 10
780 1932 1003 2018 possit.
1082 1930 1230 1996 Hoc
1269 1931 1326 1996 si
1369 1940 1502 1996 tam
1546 1931 1768 1994 stricte
1821 1927 2151 1992 veteribus
2212 1928 2603 1993 servandum
2656 1930 2869 1994 visum
2924 1938 3052 2013 est,
3113 1940 3355 2018 quanto
3410 1936 3623 2020 magis

777 2032 844 2094 in
887 2029 1010 2095 hac
1051 2028 1292 2095 saeculi
1332 2028 1597 2094 levitate
1637 2037 1718 2113 et,
1743 2027 2008 2092 licentia
2051 2029 2243 2109 vitae,
2302 2028 2371 2092 in
2429 2026 2554 2092 hac
2615 2027 2870 2095 desidia
2919 2038 2984 2095 et
3041 2030 3467 2098 somnolentia
3531 2032 3623 2098 di·

785 2129 1180 2216 scipulorum
1221 2131 1288 2195 in
1347 2128 1458 2194 illo
1493 2127 2002 2194 ‘elaboranduml
2090 2126 2271 2191 Scire
2329 2127 2529 2211 igitur
2573 2150 2793 2194 omnes
2836 2128 3102 2214 debent,
3154 2153 3285 2197 non
3339 2133 3621 2198 futurum

783 2227 1075 2315 posthae,
1114 2238 1186 2295 ut
1226 2231 1567 2318 quisquam
1608 2229 1747 2293 sine
1778 2235 2200 2314 praeceptore
2221 2228 2453 2312 vagari
2475 2227 2579 2292 vel
2608 2227 2916 2295 oberrare
2940 2232 3368 2318 permittatur.
3433 2231 3624 2313 Quod

759 2329 996 2414 ,ipsum
1056 2338 1128 2394 ut
1180 2328 1654 2417 explicavimus
1711 2327 1988 2408 diserte,
2060 2348 2327 2412 operam
2384 2327 2711 2411 dedimus,
2773 2351 2900 2417 quo
2957 2331 3204 2396 maiore
3265 2354 3412 2396 cum
3467 2353 3622 2396 cura

701 2436 761 2492 15
779 2430 1149 2495 necessaria
1188 2428 1351 2494 haec
1390 2450 1496 2494 res
1541 2427 2048 2493 administretur.
2076 2427 2097 2467 ¹
2174 2425 2470 2491 Primum
2512 2428 2711 2514 igitur
2753 2450 2863 2494 eos
2917 2438 3375 2517 praeceptores
3408 2431 3621 2517 accipi

775 2527 1101 2612 volumus,
1170 2530 1280 2617 qui
1321 2528 1641 2593 honorum
1693 2523 1938 2613 gradus
1994 2546 2275 2591 summos
2328 2526 2790 2605 ascenderunt,
2846 2536 2918 2593 ut
2958 2530 3257 2615 magistri
3300 2529 3623 2596 doctores-

773 2649 898 2712 que
946 2627 1261 2694 dicantur.
1325 2629 1401 2694 In
1439 2628 1670 2693 horum
1714 2624 1987 2691 alieuius
2033 2623 2268 2710 singuli
2312 2635 2595 2692 nostrae‘
2618 2620 3063 2693 universitatis
3106 2627 3339 2695 ditioni
3382 2628 3622 2695 subditi

775 2749 996 2793 curam
1042 2737 1107 2794 et
1158 2727 1568 2815 disciplinam
1613 2749 1681 2792 se
1720 2724 1981 2791 tradere
2028 2723 2373 2808 debebunt,
2416 2725 2566 2791 huic
2622 2726 2717 2791 illi
2762 2727 3095 2812 obedient,
3157 2728 3328 2793 hunc
3369 2750 3620 2794 revere·

772 2825 1042 2910 buntur,
1098 2838 1168 2893 ut
1221 2829 1394 2894 vitae
1444 2837 1509 2892 et
1566 2826 1924 2892 studiorum
1983 2848 2247 2891 suorum
2303 2824 2534 2893 ducem
2588 2837 2652 2891 et
2713 2828 2898 2915 quasi
2954 2827 3231 2893 alterum
3285 2838 3617 2916 parentem

689 2935 757 2991 20
776 2925 988 2991 colent
1029 2936 1093 2992 et
1134 2928 1478 3011 amabunt3
1534 2948 1802 3015 cumque
1851 2947 1921 2991 se
1963 2925 2094 3007 ita,
2148 2933 2218 2989 ut
2258 2924 2542 2991 diximus
2562 2975 2581 3009 ,
2635 2925 2723 2990 ad
2764 2936 3285 3014 praeceptorem,
3343 2928 3456 3015 qui
3498 2927 3622 2992 huc

776 3026 1075 3092 studendi
1112 3028 1330 3113 gratia
1368 3027 1666 3109 veniunt,
1727 3025 2148 3106 contulerint,
2206 3010 2535 3090 debebunt
2590 3036 3049 3113 praeceptores
3103 3025 3197 3090 illi
3261 3025 3616 3114 discipulos

776 3125 863 3193 ad
918 3137 1233 3194 rectorem
1287 3125 1611 3193 adducere
1667 3134 1761 3209 et,
1825 3124 1977 3190 dum
2018 3126 2282 3192 nomina
2322 3123 2579 3192 illorum
2631 3127 3062 3213 recipiantur,
3117 3125 3379 3210 adesse;
3434 3135 3623 3215 atque

772 3227 952 3316 apud
994 3228 1113 3294 hos
1158 3227 1460 3314 discipuli
1510 3226 1865 3294 manebunt
1901 3247 2115 3314 neque
2157 3227 2397 3291 invitos
2440 3235 2681 3292 temere
2721 3226 3082 3292 mutabunt.
3154 3226 3348 3308 Quod
3394 3228 3450 3291 si
3479 3229 3620 3315 quis

771 3330 866 3400 in„
899 3327 1127 3393 studiis
1173 3329 1305 3393 suis
1348 3327 1794 3416 praeceptoris
1839 3324 1965 3389 sibi
2012 3324 2363 3413 peculiaris
2406 3348 2610 3413 opera
2650 3349 2814 3414 opus
2859 3348 3002 3391 esse
3043 3348 3176 3392 non
3220 3326 3622 3392 existimabit

687 3437 755 3494 25
775 3426 876 3516 (ut
916 3450 1112 3515 saepe
1154 3426 1437 3513 grandes
1474 3425 1735 3493 aliunde
1775 3424 1902 3489 huo
1941 3422 2274 3511 veniunt),
2319 3427 2376 3490 is
2433 3435 2652 3492 tamen
2707 3427 2981 3509 rectori,
3036 3448 3186 3492 cum
3224 3425 3404 3513 apud
3444 3426 3622 3494 illum

768 3550 1001 3595 nomen
1044 3552 1230 3593 suum
1277 3526 1714 3614 profitebitur,
1759 3535 1824 3590 et
1878 3523 2055 3613 quod
2097 3547 2302 3609 genus
2360 3525 2718 3591 studiorum
2761 3534 2826 3592 et
2871 3548 3034 3614 quos
3078 3526 3484 3613 professores
3524 3550 3617 3593 se·

771 3630 884 3713 qui
928 3627 1118 3710 velit,
1160 3626 1452 3694 indicare
1506 3625 1771 3691 debebit
1825 3635 2019 3712 atque
2076 3625 2271 3689 etiam
2313 3624 2439 3690 hoc
2470 3624 2816 3712 perficere,
2872 3635 2944 3690 ut
2993 3625 3190 3691 alicui
3243 3626 3621 3713 professori,

773 3751 964 3814 quem
1003 3727 1408 3815 potissimum
1447 3721 1840 3792 audiendum
1888 3724 2236 3811 putaverit,
2279 3734 2466 3790 notus
2514 3725 2615 3790 sit.
2694 3724 2889 3806 Quod
2933 3725 2990 3790 si
3025 3727 3170 3812 quis
3210 3725 3338 3791 huc
3374 3728 3625 3792 venerit

771 3851 902 3894 non
945 3825 1427 3893 commendatus
1470 3824 1665 3890 alicui
1707 3833 1772 3889 et
1793 3823 2115 3888 neminem
2156 3823 2321 3890 forte
2364 3823 2632 3907 habens,
2676 3825 2860 3892 cuius
2902 3824 3030 3891 hac
3070 3825 3141 3890 in
3169 3833 3357 3913 parte
3379 3825 3622 3892 auxilio

690 3937 759 3995 30
776 3927 1223 4007 adiuvaretur,
1280 3928 1420 3991 sive
1472 3925 1727 3990 tenuior
1764 3924 1958 3988 fuerit
1999 3945 2196 4007 quam
2237 3933 2309 3987 ut
2352 3925 2765 4011 praeceptori
2820 3924 3187 3991 mercedem
3240 3926 3450 4012 possit
3507 3925 3624 3993 sol-

771 4050 944 4109 vere,
991 4028 1050 4091 ei
1088 4035 1299 4090 rector
1342 4023 1611 4090 consilio
1648 4033 1712 4088 et
1755 4045 1880 4109 ope
1908 4045 2048 4105 sua,
2092 4032 2399 4109 quantum
2438 4027 2694 4110 poterit,
2736 4023 3096 4108 subveniet,
3140 4036 3211 4090 ut
3244 4027 3444 4091 etiam
3467 4048 3621 4114 pau-

767 4149 998 4216 perum
1049 4123 1344 4191 discendi
1386 4124 1770 4210 cupidorum
1829 4122 1999 4187 ratio
2042 4120 2376 4188 habeatur.
2456 4124 2597 4210 Ipsi
2640 4133 2855 4189 autem
2905 4134 3390 4211 praeceptores,
3438 4148 3622 4213 quos-

767 4249 1022 4312 cunque
1061 4224 1415 4312 discipulos
1460 4224 1855 4310 receperint,
1908 4242 2019 4285 eos
2065 4229 2336 4307 paterno
2383 4223 2618 4287 affeetu
2661 4221 3172 4309 complectentur
3216 4233 3280 4289 et
3320 4246 3469 4290 cum
3514 4247 3623 4289 ex-

769 4324 980 4412 emplo
1037 4333 1171 4390 tum
1222 4325 1485 4412 optimis
1545 4321 1910 4410 praeceptis
1950 4318 2039 4384 ad
2081 4320 2387 4386 virtutem
2429 4331 2494 4386 et
2537 4321 2903 4387 doctrinam
2944 4344 3067 4410 pro
3111 4324 3622 4410 uniuscuiusque

684 4435 751 4492 35
770 4436 965 4513 captu
1019 4426 1337 4492 instruent
1379 4433 1572 4511 atque
1625 4421 1898 4487 educent
1953 4420 2093 4483 sine
2151 4420 2506 4485 acerbitate
2565 4431 2632 4486 et
2683 4422 3024 4488 iracundia
3086 4446 3234 4489 eum
3286 4422 3623 4510 diligentia

769 4535 834 4590 et
875 4526 1245 4591 attentione.
1326 4524 1471 4589 Non
1531 4523 1704 4588 enim
1764 4520 1850 4585 ad
1903 4518 2391 4586 dissolutionem
2444 4531 2556 4586 aut
2613 4522 3099 4609 improbitatem
3159 4520 3623 4610 discipulorum

771 4625 1116 4691 connivere
1144 4623 1290 4689 illos
1318 4631 1430 4688 aut
1451 4622 1658 4687 malos
1687 4621 1881 4685 etiam
1924 4627 2174 4685 struere
2195 4621 2220 4662 2
2264 4619 2604 4707 oportebit,
2647 4620 2762 4686 scd
2800 4621 2901 4687 his
2934 4631 3111 4688 recte
3136 4620 3545 4689 monentibus
3568 4620 3623 4684 si

770 4723 1071 4812 discipuli
1143 4745 1375 4810 parere
1442 4721 2030 4807 castigationesque
2097 4720 2364 4785 meritas
2435 4720 2724 4806 ipsorum
2784 4721 3038 4809 perpeti
3088 4720 3461 4806 noluerunt,
3515 4742 3622 4787 no·

769 4823 946 4888 mina
985 4822 1083 4888 illi
1124 4824 1688 4908 immorigerorum
1729 4817 1816 4884 ad
1855 4831 2173 4884 rectorem
2218 4818 2529 4902 deferant,
2573 4821 2757 4885 cuius
2798 4823 3145 4887 autoritate
3182 4830 3620 4888 coerceantur.

688 4932 757 4989 40
774 4922 989 5011 Atque
1031 4924 1290 4989 omnino
1335 4931 1567 5003 rector,
1609 4941 1991 5008 quacunque
2033 4921 2286 4985 ratione
2329 4921 2599 5007 poterit,
2645 4922 2713 4986 in
2754 4919 2878 4988 hoc
2913 4921 3277 5005 incumbet,
3318 4929 3390 4986 ut
3430 4923 3621 4987 resci-

911 5228 932 5277 1
978 5222 1160 5294 Vogel
1200 5222 1445 5279 schreibt
1478 5224 1955 5279 administrantur.

910 5312 942 5363 2
978 5306 1053 5363 So
1088 5306 1237 5363 steht
1271 5307 1644 5379 geschrieben.
