4038 6358
1316 576 1417 627 Die
1452 575 1690 628 Statuten
1725 591 1830 627 von
1871 574 2218 628 1416—1435.
3083 576 3199 641 185

334 764 580 822 tenere
615 780 732 844 per
777 759 979 824 vitam
1025 782 1228 843 suam,
1284 759 1437 827 dato
1478 759 1675 825 etiam
1717 759 1890 847 quod
1932 760 2076 848 ipse
2124 760 2466 848 collegium
2527 759 2905 844 resignaret.
2989 756 3207 823 Debet

334 865 575 922 tamen
631 882 749 946 pro
798 858 1083 946 quolibet
1137 882 1330 943 anno,
1390 883 1516 946 quo
1573 858 1949 947 collegiatus
2006 884 2134 927 non
2190 862 2440 944 existit,
2495 859 2703 925 eidem
2760 851 3028 944 collegio
3087 878 3208 945 pro

337 956 589 1022 eodem
634 959 968 1025 commodo
1010 969 1143 1024 tres
1186 959 1467 1026 florenos
1512 982 1814 1025 renenses
1858 959 2245 1046 persolvere.

523 1058 684 1123 Item
738 1068 1045 1124 statutum
1102 1059 1226 1124 fuit
1280 1069 1432 1125 tunc
1490 1059 1912 1142 concorditer,
1974 1059 2148 1147 quod
2198 1059 2709 1148 quandocunque
2765 1058 3038 1124 moritur
3093 1056 3207 1121 ali-

342 1159 510 1244 quis
551 1157 933 1244 collegiatus
978 1157 1233 1254 collegii
1286 1160 1573 1235 maioris,
1630 1159 1804 1246 quod
1859 1159 1970 1225 alii
2021 1159 2342 1247 collegiati
2398 1159 2684 1226 eiusdem
2727 1155 2979 1243 collegii
3033 1179 3209 1243 pres-
3260 1164 3292 1221 5

336 1255 578 1345 byteri
623 1257 901 1324 debeant
944 1257 1161 1344 legere
1217 1269 1347 1323 tres
1393 1261 1629 1324 missas
1682 1281 1804 1345 pro
1860 1259 2204 1342 defunctis,
2262 1260 2372 1325 alii
2431 1269 2647 1324 autem
2704 1255 3045 1341 collegiati,
3103 1258 3212 1344 qui

339 1381 488 1423 non
535 1347 666 1423 sint
708 1356 1096 1445 presbyteri,
1143 1367 1275 1423 tres
1298 1359 1559 1445 vigilias
1605 1358 1686 1424 de
1730 1380 1961 1426 novem
2000 1358 2385 1426 lectionibus
2424 1359 2596 1424 infra
2622 1358 3015 1422 tricesimum
3045 1357 3208 1421 eius-

339 1457 507 1523 dem
553 1458 854 1524 defuncti.

394 1614 507 1676 43.
550 1627 647 1674 DE
694 1626 992 1675 PECUNIA
1033 1626 1171 1675 PRO
1218 1625 1627 1674 STRUCTURA
1669 1625 1933 1674 STUBAE
1978 1627 2309 1676 BURSALIS
2351 1626 2697 1675 EXPOSI'I'A
2740 1625 3177 1673 REHABENDA.

526 1742 689 1807 Item
734 1763 903 1805 anno
947 1750 1010 1805 et
1054 1740 1178 1824 die,
1223 1741 1458 1830 quibus
1504 1764 1725 1828 supra,
1771 1741 2145 1808 conclusum
2189 1744 2328 1825 fuit,
2382 1743 2552 1830 quod
2595 1741 2867 1828 quilibet
2910 1740 3297 1826 collegia-10

342 1851 460 1906 tus
507 1864 677 1905 nunc
719 1843 1004 1906 existens
1047 1842 1115 1905 in
1159 1840 1429 1927 collegio
1473 1843 1738 1907 inantea
1779 1840 1971 1907 debet
2013 1841 2329 1907 rehabere
2371 1853 2646 1927 quatuor
2672 1841 2952 1906 florenos
2986 1862 3212 1907 renen-

347 1965 465 2007 ses
510 1941 594 2006 de
624 1941 902 2028 pecunia
943 1940 1027 2006 de
1065 1938 1225 2006 locis
1269 1941 1859 2028 promovendorum
1904 1944 2321 2028 proveniente
2365 1943 2614 2007 ratione
2638 1941 2974 2027 pecuniae,
3018 1961 3214 2025 quam

348 2065 483 2128 pro
529 2041 989 2107 reformatione
1036 2039 1264 2106 stubae
1306 2039 1588 2106 bursalis
1633 2043 1969 2129 exposuit3
2026 2051 2369 2129 postquam
2413 2064 2568 2107 vero
2614 2040 2777 2106 tales
2823 2038 3214 2122 rehabuerit,

347 2152 515 2206 tunc
570 2163 610 2205 a
650 2140 767 2205 tali
827 2141 1245 2227 perceptione
1304 2140 1600 2206 cessabit.
1691 2141 1761 2206 Si
1819 2164 1975 2206 vero
2039 2140 2273 2228 aliquis
2326 2140 2701 2228 collegiatus
2758 2149 2906 2205 ante
2960 2138 3216 2226 plenam

354 2242 848 2328 perceptionem
906 2239 1168 2304 illorum
1227 2263 1342 2328 per
1396 2251 1667 2305 mortem
1710 2241 1814 2307 vel
1870 2240 1999 2308 alio
2045 2241 2236 2307 modo
2282 2240 2619 2327 collegium
2678 2238 2911 2322 exibit,
2967 2240 3217 2304 intrans
3239 2247 3298 2303 15

348 2339 576 2407 locum
631 2363 817 2405 suum
867 2348 1121 2405 tenetur
1160 2338 1288 2405 sibi
1343 2339 1612 2423 solvere,
1670 2341 1901 2427 quibus
1946 2341 2159 2407 adhuc
2198 2351 2418 2408 restat.
2503 2340 2592 2405 Et
2635 2341 2729 2405 sic
2772 2339 2884 2403 fiet
2922 2337 3037 2403 tali
3094 2336 3214 2403 sol-

348 2441 559 2522 venti,
607 2441 663 2504 si
706 2438 1131 2525 quovismodo
1177 2438 1519 2528 collegium
1561 2441 1716 2523 exit,
1760 2457 2107 2527 antequam
2150 2440 2339 2528 plene
2383 2441 2763 2527 susceperit,
2805 2437 2979 2526 quod
3010 2437 3213 2503 solve-

348 2538 495 2621 bat,
540 2549 604 2604 et
645 2540 741 2604 sic
785 2538 866 2604 de
907 2539 1053 2605 aliis
1099 2538 1514 2605 solventibus.

531 2838 668 2897 Das
710 2839 1012 2917 Folqende
1054 2839 1132 2900 ist
1175 2845 1298 2916 aus
1327 2841 1511 2900 ciuem
1558 2841 1981 2920 einqeliqfteten
2006 2844 2210 2902 Blatte
2248 2838 2642 2936 qescffrieben.
2689 2840 2776 2897 Es
2814 2839 3026 2916 qeh‘o‘rt
3063 2840 3219 2898 auch

349 2947 570 3016 streny
605 2958 944 3016 qenommen
984 2939 1148 2999 nicht
1187 2960 1261 2999 zu
1302 2943 1417 3000 den
1457 2941 1754 3004 Statuten.
3232 2944 3300 2999 20

528 3086 721 3152 Anno
777 3091 937 3152 1429
992 3088 1060 3152 in
1116 3088 1399 3153 crastino
1456 3088 1924 3174 purificationis
1980 3088 2213 3154 beatae
2265 3087 2519 3152 Mariae
2569 3086 2845 3173 virginis
2901 3084 2992 3149 M.
3048 3084 3212 3151 Her-

354 3208 564 3251 mann
610 3186 691 3252 de
713 3187 1093 3270 Frankfurt,
1135 3211 1258 3276 pro
1301 3198 1455 3253 tunc
1493 3191 1903 3276 praepositus
1948 3188 2204 3274 collegii
2245 3187 2496 3254 vilioris
2511 3189 2549 3269 ¹,
2593 3187 2774 3252 dedit
2798 3186 2889 3250 M.
2910 3185 3214 3254 Andreae

358 3286 658 3369 Crossin,
717 3288 1090 3374 praeposito
1147 3286 1403 3373 collegii
1450 3289 1735 3370 maioris,
1793 3294 1872 3358 50
1913 3288 1999 3376 gl.
2041 3289 2123 3354 de
2164 3287 2362 3353 XXV
2404 3285 2984 3353 baccalaureandis
3040 3287 3217 3352 circa

353 3386 597 3451 festum
617 3384 982 3467 Michaelis,
1025 3409 1188 3472 quos
1230 3388 1530 3473 magistri
1573 3387 1897 3475 collegiati
1939 3391 2206 3454 maioris
2247 3385 2503 3471 collegii
2546 3385 2923 3466 diviserunt,
2973 3394 3042 3451 et.
3078 3389 3213 3473 qui-

355 3484 520 3550 libet
562 3484 793 3550 habuit
834 3492 871 3552 4
915 3484 1022 3572 gl„
1068 3495 1444 3551 manserunt
1481 3491 1519 3552 2
1560 3486 1642 3568 gl.
3229 3494 3296 3551 25

525 3583 690 3649 Item
743 3586 809 3649 in
866 3587 1322 3672 praepositura
1364 3585 1452 3651 M.
1495 3585 1700 3653 Andr.
1746 3586 2015 3652 Orossin
2069 3586 2328 3651 suerunt
2385 3585 2678 3671 deputati
2736 3593 3212 3671 computatores

351 3682 448 3750 M.
495 3682 736 3766 Czach,
788 3683 873 3748 M.
912 3683 1267 3772 Volquinus
1309 3684 1394 3749 ad
1437 3685 1827 3750 audiendum
1887 3686 2289 3774 propositum
2339 3707 2379 3749 a
2426 3684 2513 3750 M.
2557 3683 2904 3770 Henningo
2949 3683 3030 3748 de
3073 3683 3212 3750 Hil-

359 3781 658 3847 desheim
698 3782 779 3848 de
823 3785 1114 3871 pecuniis
1159 3786 1486 3872 perceptis
1533 3795 1597 3849 et
1637 3786 1953 3872 expositis
1996 3807 2195 3872 super
2225 3785 2426 3849 muris
2472 3782 2756 3869 collegii3
2803 3784 2915 3871 qui
2954 3784 3214 3869 quidem

361 3892 845 3970 computatores
888 3892 1273 3970 receperunt
1314 3885 1382 3949 in
1411 3893 1708 3970 computo
1745 3886 2103 3971 nonaginta
2142 3884 2421 3949 florenos
2461 3882 2809 3947 rhenenses
2855 3906 3050 3970 super
3093 3885 3213 3949 eis-

359 3982 509 4047 dem
557 3983 758 4047 muris
804 3982 1061 4068 collegii
1115 3985 1464 4070 expositos.
1546 3982 1721 4047 Inter
1764 4006 1923 4070 quos
1968 3984 2323 4070 computati
2371 3983 2629 4047 fuerunt
2682 3988 2760 4049 30
2804 3982 2865 4046 fl.
2909 3994 3297 4049 renenses30

360 4081 619 4169 accepti
663 4105 783 4168 pro
829 4105 1042 4169 poena
1082 4081 1165 4147 de
1206 4081 1297 4146 M.
1339 4082 1535 4147 Petro
1579 4081 1660 4146 de
1701 4081 2089 4148 Brenslavia
2129 4106 2297 4148 anno
2327 4087 2485 4151 1428
2528 4084 2702 4147 circa
2742 4082 2977 4147 festum
3017 4081 3213 4164 Galli,

360 4190 715 4268 antequam
758 4181 849 4246 M.
891 4183 1125 4247 Petrus
1169 4182 1441 4246 recessit
1481 4181 1568 4246 ad
1611 4182 1961 4267 parentes.²

526 4282 692 4347 Item
731 4304 900 4347 anno
946 4286 1102 4348 1429
1146 4280 1475 4346 dominica
1531 4291 1682 4345 ante
1737 4280 2250 4367 purificationem
2305 4280 2366 4345 b.
2408 4279 2662 4346 Mariae
2702 4282 2980 4366 virginis
3034 4283 3211 4347 facta

357 4395 461 4447 est
505 4380 856 4447 concordia
898 4383 1067 4445 inter
1108 4378 1448 4466 collegium
1488 4381 1698 4445 maius
1738 4388 1802 4445 et
1829 4379 2057 4444 vilius³
2100 4379 2219 4444 sub
2265 4378 2377 4444 tali
2421 4380 2632 4446 forma
2670 4382 2916 4467 scripta
2959 4389 3023 4444 et
3064 4403 3203 4467 pro·

354 4483 697 4547 nunciata:
3225 4489 3293 4545 35

501 4669 523 4719 1
562 4663 838 4719 minoris?
895 4661 1030 4717 aber
1073 4666 1246 4717 unten
1291 4661 1437 4717 noch
1482 4658 1790 4716 mehrmals.
1847 4660 2135 4716 Hermann
2182 4658 2274 4734 [W
2276 4659 2427 4735 ulko]
2474 4660 2545 4716 de
2589 4659 2890 4716 Francfurt
2933 4660 3009 4716 ist
3053 4662 3209 4717 aller-

356 4748 525 4820 dings
562 4754 727 4803 unter
760 4746 868 4801 den
901 4745 1247 4817 collegiaten
1282 4745 1380 4801 des
1416 4746 1638 4802 kleinen
1671 4744 1891 4817 Collegs
1923 4743 2113 4807 b'uher
2144 4744 2301 4801 nicht
2346 4750 2595 4816 genannt
2627 4744 2862 4813 worden,
2909 4745 3043 4801 aber
3082 4751 3209 4804 1433

359 4832 513 4887 ward
551 4848 613 4886 er
645 4830 919 4902 Collegiat
950 4830 1049 4885 des
1082 4847 1307 4901 grossen
1342 4829 1579 4901 Collegs,
1616 4829 1730 4883 und
1775 4848 1836 4884 so
1871 4829 1945 4883 ist
1978 4845 2080 4883 aus
2116 4845 2340 4884 unserer
2376 4827 2544 4885 Stelle
2583 4827 2724 4883 wohl
2766 4828 2869 4883 mit
2901 4827 3211 4886 Sicherbeit

356 4914 443 4971 zu‘
466 4914 781 4983 schliessem
828 4915 956 4970 dass
989 4931 1050 4969 er
1082 4912 1281 4969 vorher
1325 4915 1400 4969 im
1441 4913 1662 4970 kleinen
1697 4913 1891 4984 Colleg
1938 4929 2052 4967 war
2098 4913 2210 4967 und
2257 4913 2384 4968 dass
2429 4928 2624 4968 unsere
2656 4911 3070 4970 Verzeichnisse
3111 4915 3210 4971 der

356 4998 704 5071 Collegiaten
740 4998 1150 5070 unvollsffindig
1181 4998 1316 5055 sind.

496 5089 528 5139 2
562 5082 933 5141 Geschrieben
969 5081 1117 5139 steht
1142 5091 1349 5154 partes,
1383 5082 1623 5139 dai-iiber
1660 5089 1871 5153 patres,
1917 5080 2019 5136 das
2062 5078 2198 5135 aber
2232 5078 2433 5135 wieder
2465 5080 2883 5153 ausgestriehen
2925 5079 3013 5138 ist.
3077 5081 3208 5154 Vgl.

360 5167 527 5223 Amn-
568 5185 639 5222 zu
674 5173 740 5223 59
803 5174 876 5224 11.

497 5258 528 5307 3
564 5209 937 5310 6080ὼοΜο
951 5250 1025 5306 ist
1041 5253 1197 5306 iuncta
1214 5251 1439 5321 colleyii
1449 5251 1683 5306 maioris
1696 5257 1748 5304 ot
1762 5248 1985 5304 vilioris
1993 5268 2015 5318 ‚·
2039 5247 2181 5304 fehlt
2201 5252 2345 5305 etwa
2364 5249 2694 5305 volutantem
2715 5248 2846 5305 oder
2866 5252 3211 5305 consanam?
