4038 6358
1182 656 1364 709 Vierte
1411 651 1954 723 Statutenredaction,
1992 671 2099 710 von
2137 649 2487 713 1499—1522.
3133 653 3253 727 483

999 880 1091 941 10.
1144 891 1239 939 m:
1283 893 1872 942 RESPONSIOMBUS
1926 892 2673 942 BAOCALAnumDonnu.

1604 1012 1725 1077 νει.
1763 1014 1906 1079 xm,
1947 1013 2064 1066 1512.

582 1122 815 1188 Nullus
863 1122 1125 1188 admitti
1167 1123 1361 1190 debet
1419 1126 1506 1191 ad
1563 1149 1839 1193 examen
1893 1151 2014 1216 pro
2066 1126 2278 1213 gradu
2335 1125 2812 1193 baccalariatus
2867 1128 2935 1192 in
2988 1128 3258 1212 artibus,

388 1224 536 1289 nisi
594 1225 809 1288 sexies
866 1223 1276 1310 responderit
1340 1225 1668 1291 ordinarie
1726 1236 1791 1292 et
1848 1229 2092 1296 tociens
2155 1227 2677 1293 extraordinarie
2735 1237 2869 1292 tam
2929 1230 3263 1313 magistris

392 1346 604 1411 quam
628 1321 1040 1405 baccalariis‚
1083 1322 1312 1389 diebus
1358 1324 1698 1391 dominicis
1740 1325 1844 1391 vel
1889 1337 2079 1391 extra
2118 1326 2618 1414 disputantibus,
2704 1326 3020 1392 Adminus
3043 1337 3255 1393 tamen
3313 1338 3346 1393 5

393 1422 515 1488 bis
559 1422 648 1488 ad
691 1432 912 1510 partes
971 1423 1369 1510 principales
1407 1434 1471 1489 et
1511 1435 1743 1512 quater
1785 1424 1871 1490 ad
1917 1434 2139 1512 partes
2180 1427 2394 1491 minus
2434 1424 2832 1513 principales
2874 1434 3124 1492 tenetur
3168 1429 3263 1493 eis

393 1521 846 1608 respondisse.
935 1521 1066 1603 Qui
1120 1523 1176 1587 si
1230 1546 1272 1588 a
1326 1526 1650 1612 principio
1713 1521 1817 1612 [29
1832 1521 1886 1611 ⁸]
1946 1548 2152 1613 usque
2208 1527 2293 1592 ad
2351 1526 2547 1591 finem
2605 1526 3076 1613 disputacionis
3132 1550 3263 1592 non

400 1622 870 1708 permanserit,
912 1624 1052 1687 sine
1096 1645 1291 1688 causa
1333 1624 1646 1690 racionali
1685 1623 2069 1708 recedendo,
2111 1627 2450 1711 responsio
2492 1625 2662 1708 talis,
2706 1627 2845 1691 sive
2876 1626 3263 1713 principalis

401 1722 556 1787 sive
601 1722 813 1787 minus
854 1721 1237 1808 principalis
1277 1723 1508 1805 fuerit,
1551 1747 1681 1789 non
1724 1723 1919 1809 debet
1957 1724 2085 1790 sibi
2129 1725 2506 1812 computari.

712 1894 801 1954 11.
857 1906 951 1956 DE
1001 1906 1290 1954 nummo
1347 1905 1943 1974 msrn‘rxclomm,
1998 1909 2075 1956 m
2117 1909 2368 1970 omnus
2416 1908 2978 1958 BAccanAannm
3288 1902 3353 1957 10

1367 2007 1785 2056 TENEANTUR
1829 2007 2328 2056 comrAnmsss.

1625 2125 1747 2190 νει.
1783 2127 1933 2187 x111,
1973 2127 2053 2179 16.

584 2236 819 2303 Nullus
868 2236 958 2302 ad
1007 2259 1282 2304 examen
1345 2237 1824 2305 baccalariatus
1878 2241 1947 2304 in
1997 2240 2249 2306 artibus
2315 2240 2724 2324 admittatur,
2791 2242 2919 2306 nisi
2981 2241 3050 2305 in
3116 2262 3265 2304 con-

416 2338 706 2402 sciencia
766 2359 884 2401 sua
939 2338 1145 2419 dicat,
1203 2338 1422 2426 quod¹
1484 2338 1551 2402 in
1607 2339 1880 2423 triginta
1944 2339 2502 2427 disputacionibus
2560 2340 2908 2406 ordinariis
2961 2349 3093 2404 tam
3136 2362 3267 2403 ma·

412 2439 772 2523 gistrorum
837 2459 1027 2523 quam
1098 2436 1614 2502 baccalariorum
1677 2461 1990 2528 praesens
2056 2440 2249 2503 fuerit
2265 2489 2284 2522 ‚
2340 2449 2473 2504 tam
2532 2439 2642 2505 diu
2694 2439 2901 2506 donec
2962 2439 3262 2504 adminus
3291 2447 3352 2503 15

416 2538 705 2624 quinque
738 2537 1036 2621 magistri
1074 2546 1188 2601 aut
1221 2536 1570 2602 baccalarii
1605 2538 1986 2624 arguebant,
2036 2540 2090 2604 si
2122 2538 2350 2604 saltem
2383 2548 2478 2604 tot
2510 2539 2601 2604 ibi
2635 2540 2876 2604 fuerint
2905 2547 3269 2624 arguentes.

716 2708 809 2769 12.
871 2719 1432 2770 sAccALAmAnm
1473 2722 1754 2771 ossam
1799 2722 2122 2771 srs'msss
2167 2721 2237 2769 m
2276 2721 2478 2770 Loc1s
2502 2722 2973 2771 armenum.

1634 2840 1753 2903 Vgl.
1793 2841 1952 2904 x111,
1986 2842 2067 2893 22.

591 2952 824 3020 Nullus
867 2953 1245 3020 admittatur
1290 2954 1377 3020 ad
1417 2978 1692 3020 examen
1739 2978 1860 3042 pro
1914 2954 2128 3041 gradu
2182 2954 2657 3021 baccalariatus
2701 2957 2770 3020 in
2814 2955 3093 3037 artibu8‚
3147 2956 3276 3021 nisi

423 3058 494 3119 in
549 3053 838 3139 collegiis
892 3064 1004 3118 aut
1059 3054 1276 3119 bursis
1334 3076 1374 3117 a
1427 3054 1735 3119 facultate
1791 3051 2175 3143 approbatis
2241 3057 2544 3120 continue
2615 3056 2865 3120 steterit
2926 3055 3148 3143 ibique
3204 3056 3272 3119 in
3293 3063 3362 3119 20

428 3153 792 3221 scolasticis
836 3153 1086 3220 actibus
1127 3153 1558 3237 latinizando‚
1603 3154 1934 3239 arguendo
1991 3163 2057 3219 et
2113 3152 2567 3243 respondendo
2620 3154 3004 3241 diligencius
3056 3156 3125 3219 in
3179 3177 3277 3220 or-

428 3254 582 3320 dine
629 3278 745 3321 suo
792 3277 860 3320 se
904 3255 1363 3319 exercitaverit
1406 3263 1747 3339 ceteraque
1794 3254 2050 3341 collegii
2098 3265 2212 3321 aut
2251 3256 2488 3321 bursae
2530 3255 2679 3320 iura
2719 3265 2792 3320 ut
2829 3278 3023 3320 verus
3066 3256 3275 3343 inqui—

432 3354 604 3419 linus
646 3377 765 3441 per
809 3377 879 3418 se
919 3356 1230 3438 tenuerit3
1291 3355 1418 3419 nisi
1474 3353 1645 3419 filius
1703 3355 1987 3419 civitatis
2045 3356 2239 3420 fuerit
2291 3353 2395 3419 vel
2449 3353 2614 3419 alias
2672 3353 2836 3419 adeo
2893 3354 3278 3420 habundans

433 3452 536 3519 vel
560 3453 867 3519 notabilis
904 3454 1117 3537 fuerit,
1163 3454 1337 3542 quod
1381 3453 1640 3519 domum
1682 3453 2015 3541 propriam
2058 3463 2279 3519 tenere
2324 3464 2390 3518 et
2432 3476 2754 3542 expensas
2804 3457 3109 3540 proprias
3148 3476 3279 3518 una

436 3577 584 3618 cum
629 3556 942 3639 magistro
984 3553 1089 3618 vel
1144 3554 1564 3619 informatore
1618 3553 1892 3640 poterit,
1947 3551 2055 3618 vel
2118 3561 2506 3640 paupertate
2566 3562 2878 3638 gravatus
2937 3551 3278 3618 serviendo
3298 3560 3364 3617 25

434 3653 631 3718 alicui
676 3655 989 3739 magistro
1029 3652 1133 3717 vel
1183 3652 1340 3718 alibi
1386 3674 1708 3739 expensas
1761 3653 1830 3716 in
1869 3661 2002 3717 toto
2044 3650 2149 3718 vel
2198 3674 2319 3739 pro
2370 3650 2717 3717 medietate
2759 3651 2999 3738 poterit
3035 3650 3277 3716 habere

436 3754 680 3838 gratis,
723 3752 805 3818 de
847 3775 974 3839 quo
1016 3752 1208 3817 fidem
1251 3751 1544 3818 facultati
1587 3751 1707 3816 sub
1765 3774 1881 3816 suo
1940 3752 2301 3815 iuramento
2358 3772 2478 3837 per
2534 3750 2697 3815 duos
2752 3752 2929 3816 viros
2970 3749 3281 3836 ydoneOS,

440 3852 676 3937 quibus
715 3851 838 3918 hoc
881 3861 1153 3935 constat,
1195 3862 1308 3918 aut
1349 3875 1467 3940 per
1508 3850 1639 3916 alia
1673 3850 1993 3936 legittima
2038 3849 2424 3917 documenta
2461 3850 2676 3915 facere
2718 3859 3033 3915 teneatur.

441 4022 536 4083 13.
580 4035 675 4083 m:
714 4010 988 4084 AETAT'E
1030 4036 1121 4083 m
1166 4034 1471 4083 uomens
1513 4033 2258 4098 mumulini-monna,
2301 4014 2504 4103 quod
2548 4017 2800 4081 eciam
2842 4014 3008 4102 legi
3052 4015 3287 4082 debet

771 4127 961 4183 ante
1002 4140 1341 4183 examen
1381 4139 1688 4183 morum
1743 4138 1920 4180 cum
1968 4114 2524 4203 sequentibus
2569 4124 2944 4202 quatuor.
3297 4125 3366 4181 30

1641 4251 1761 4315 νει.
1797 4251 1962 4318 xm,
1997 4250 2080 4306 20.

603 4366 836 4434 Nullus
880 4366 1256 4433 admittatur
1301 4390 1422 4454 pro
1470 4366 1683 4454 gradu
1724 4364 2204 4432 baccalariatus
2246 4367 2315 4431 in
2356 4365 2605 4431 artibus
2649 4365 2735 4431 ad
2792 4387 3064 4430 examen
3080 4415 3098 4449 ‚
3158 4366 3287 4430 nisi

441 4470 734 4554 attigerit
773 4490 1014 4532 annum
1056 4466 1378 4533 decimum
1420 4470 1763 4555 septimum
1807 4474 1872 4530 et
1915 4464 1995 4529 de
2038 4464 2352 4551 legittimo
2370 4467 2804 4545 ,matrimonio
2842 4474 3034 4531 natus
3075 4466 3178 4548 sit,
3223 4474 3287 4530 et

442 4568 606 4633 alias
650 4566 940 4632 moribus
993 4565 1523 4633 commendabilis
1570 4568 1843 4648 existat,
1890 4567 1985 4630 sic
2030 4564 2206 4654 quod
2246 4566 2314 4629 in
2349 4564 2525 4629 nullo
2570 4588 2843 4630 excessu
2895 4562 3168 4629 notabili
3224 4571 3292 4627 et

441 4669 691 4737 notorio
736 4666 1177 4756 deprehensus
1217 4668 1431 4733 fuerit.
1517 4664 1710 4746 Quod
1730 4668 1756 4708 ²
1812 4665 1892 4730 de
1949 4664 2239 4753 quolibet
2290 4687 2578 4730 seorsum
2593 4714 2613 4749 ,
2660 4664 2903 4730 scilicet
2944 4663 3025 4729 de
3068 4672 3284 4731 aetate
3302 4672 3371 4729 35

445 4776 509 4832 et
549 4766 986 4853 legittimitate
1003 4815 1022 4851 ,
1085 4777 1235 4832 ante
1287 4765 1749 4831 admissionem
1805 4764 1892 4829 ad
1923 4787 2222 4835 „examen
2282 4787 2404 4851 per
2459 4763 2776 4829 decanum
2816 4763 3159 4850 diligenter
3194 4764 3288 4828 in-

445 4869 763 4954 quiratur.
849 4866 1030 4947 Quos
1073 4868 1278 4932 eciam
1326 4875 1390 4930 et
1431 4864 1779 4953 quemlibet
1819 4865 1887 4928 in
1942 4863 2158 4950 aliquo
2171 4914 2190 4947 ‚
2233 4874 2305 4929 ut
2356 4866 2821 4950 praemittitur,
2863 4886 3137 4929 excessu
3176 4885 3291 4928 no·

442 4965 626 5031 tabili
648 4968 901 5032 notorio
925 4965 1316 5053 culpabilem
1341 4965 1615 5053 quilibet
1647 4966 2105 5050 magistrorum
2155 4965 2366 5029 sciens
2407 4963 2828 5029 denunetiare
2870 4972 2934 5027 et
2973 4961 3290 5049 impedire

613 5189 640 5239 1
681 5182 792 5237 Am
825 5182 1021 5237 Raude
1056 5198 1127 5236 zu
1163 5181 1272 5236 den
1299 5181 1532 5236 Worten
1565 5181 1625 5233 in
1662 5180 2001 5234 consciencia
2037 5197 2139 5233 sua
2173 5179 2341 5247 dicat,
2377 5181 2530 5248 quod
2559 5177 2706 5233 steht
2747 5179 2983 5233 Decreta
3003 5177 3311 5248 facultatis

441 5270 575 5325 haec
609 5269 777 5325 verba
816 5266 1135 5321 omittantur
1176 5270 1316 5322 1520.

619 5356 652 5408 2
694 5350 1073 5410 Geschriebcn
1108 5349 1257 5405 steht
1290 5354 1363 5404 Ee
1396 5349 1559 5419 quod,

2833 5437 2953 5505 31*
