4038 6358
1239 657 1343 711 Die
1376 659 1615 712 Statuten
1648 674 1771 712 vom
1805 659 1970 713 Jahre
2004 661 2154 716 1543.
2982 665 3098 731 291

267 863 436 907 nem
474 851 535 907 et
588 839 843 928 reliqua
897 863 1017 928 pro
1063 841 1523 908 consuetudine
1574 850 1946 931 exequetur.
2028 842 2132 909 Eo
2180 842 2286 908 die
2338 845 2516 929 prius
2570 844 2827 930 publice
2886 860 3104 912 omnes

262 940 571 1028 inquilini
628 939 713 1005 ad
757 940 1084 1008 audienda
1127 951 1366 1007 statuta
1409 941 1893 1007 contubernalia
1933 941 2456 1009 convocabuntur
2498 953 2589 1025 et,
2633 954 2705 1009 ut
2740 947 3104 1032 frequentes

266 1041 524 1123 adsint,
572 1039 906 1105 curabitur
949 1063 991 1105 a
1030 1043 1360 1127 magistris
1404 1049 1696 1127 quatuor,
1741 1040 1822 1106 de
1866 1041 2102 1128 quibus
2139 1065 2310 1107 nunc
2344 1042 2608 1109 dicetur.

441 1157 817 1242 Magistri
856 1168 1209 1243 quatuor
1253 1178 1444 1223 curae
1488 1166 1552 1221 et
1593 1156 2137 1224 administrationi
2175 1159 2589 1244 quotidianae
2633 1159 3106 1246 praeficientur.

266 1255 425 1321 Hos
462 1254 750 1341 deligant
793 1257 1083 1343 singulos
1119 1258 1223 1324 vel
1267 1280 1348 1322 ex
1395 1279 1464 1321 se
1504 1255 1608 1324 vel
1652 1280 1735 1322 ex
1778 1255 1922 1324 aliis
1962 1260 2256 1323 nationes
2300 1269 2593 1345 quatuor,
2635 1261 2727 1322 ita
2769 1271 2837 1323 ut
2880 1258 3106 1327 electio
3160 1271 3189 1326 5

264 1355 534 1442 quidem
583 1357 667 1419 sit
710 1357 1109 1443 singularum
1151 1359 1502 1440 nationum,
1547 1355 1662 1420 sed
1704 1355 1910 1422 libera
1950 1356 2083 1440 illa,
2125 1367 2194 1422 ut
2235 1357 2338 1422 vel
2383 1357 2464 1422 de
2506 1380 2617 1422 suo
2663 1379 2952 1446 quaeque
2993 1359 3105 1424 ali-

265 1476 467 1538 quem
503 1476 770 1521 numero
814 1455 1052 1542 eligere
1093 1456 1197 1522 vel
1248 1479 1331 1521 ex
1376 1456 1507 1522 alia
1555 1455 1897 1542 designare
1941 1457 2166 1545 possit.
2246 1455 2377 1537 Qui
2419 1455 2655 1521 electus
2699 1458 2911 1542 fuerit,
2963 1482 3109 1545 pro-

266 1556 481 1618 mittet
518 1556 759 1620 rectori
796 1557 1255 1642 universitatis,
1298 1577 1367 1620 se
1407 1554 1605 1620 velle.

438 1670 747 1755 Primum,
790 1674 1209 1737 communiter
1248 1669 1823 1736 administrationis
1862 1673 2203 1736 universae
2246 1693 2466 1736 curam
2508 1691 2734 1757 gerere
2775 1675 3109 1760 privatim·

271 1792 397 1858 qne
439 1769 595 1835 1111111
638 1771 764 1836 sibi
805 1773 963 1836 iuris
1007 1781 1117 1836 aut
1160 1772 1523 1837 autoritatis
1569 1769 3192 1840 vindicarem

442 1885 758 1970 SecundO,
812 1889 1027 1952 omnia
1069 1886 1407 1953 commoda
1461 1887 1935 1953 communitatis
1978 1910 2099 2012 pro
2138 1886 2313 1952 virili
2358 1910 2707 1974 procurare
2750 1899 2813 1954 et
2852 1914 3111 1982 augere,

276 1988 663 2054 detrimenta
704 1985 807 2050 vel
850 1997 1144 2052 avertere
1186 1986 1289 2051 vel
1331 1985 1637 2050 indicare.

441 2086 683 2169 Tertio,
736 2085 815 2151 (16
869 2084 1064 2151 1611116
1106 2084 1551 2151 communibus
1592 2084 1869 2150 fideliter
1914 2085 1983 2149 in
2027 2084 2310 2149 medium
2352 2084 2682 2151 consulere
2726 2098 2789 2153 et
2828 2089 2913 2153 ad
2958 2088 3110 2154 deli·

275 2187 638 2252 berationes
684 2186 1086 2250 necessarias
1130 2183 1349 2250 sedule
1389 2184 1629 2249 venire.

442 2284 710 2368 QuartO,
754 2283 929 2349 nulla
957 2282 1403 2350 conventicula
1431 2282 1682 2348 occulta
1710 2292 1820 2347 aut
1851 2283 2361 2370 conspirationes
2390 2284 2604 2349 facere
2632 2308 2838 2373 neque
2877 2287 3196 2354 facien-15

274 2397 369 2450 tes
413 2384 725 2449 adiuvare
768 2382 1175 2449 assentiendo
1219 2381 1785 2448 dissimulandove.

449 2501 716 2585 Quinte,
759 2502 855 2565 rei
895 2499 1236 2565 familiaris
1267 2498 1671 2564 contubernii
1702 2497 2076 2584 diligentem
2117 2509 2310 2588 atque
2336 2498 2589 2565 fidelem
2629 2523 2848 2566 curam
2889 2525 3115 2588 gerere

281 2611 347 2668 et
388 2602 674 2668 rationes
718 2621 863 2664 cum
904 2601 1277 2687 praeposito
1322 2598 1449 2663 cibi
1494 2597 1853 2685 praebendi
1894 2596 2173 2664 fideliter
2212 2609 2606 2686 computare.

442 2718 666 2799 Sexto,
711 2714 1082 2804 praesidum
1113 2715 1468 2797 monitioni,
1513 2715 1945 2799 castigationi,
1990 2715 2207 2798 etiam,
2251 2718 2308 2781 si
2350 2737 2455 2780 res
2499 2714 2943 2801 postulaverit,
2982 2720 3116 2783 8111·

280 2817 713 2884 madversioni
753 2838 883 2882 non
922 2815 1261 2899 refragari.
3130 2827 3199 2883 20

435 2917 529 2981 Hi
573 2915 885 3003 primario
930 2913 1217 2998 praesidi
1258 2933 1637 3000 quocunque
1672 2920 1983 2998 tempore,
2026 2923 2099 2979 ut
2143 2914 2475 2979 custodiae
2519 2917 3118 3004 conservationique

283 3026 341 3081 et
393 3017 583 3106 quasi
637 3013 877 3079 tutelae
927 3010 1182 3098 collegii
1234 3013 1629 3099 praeposito,
1686 3012 1963 3078 libenter
2002 3015 2072 3078 in
2116 3013 2413 3078 omnibus
2457 3016 2649 3078 certis
2691 3022 2755 3077 et
2798 3018 3117 3081 concessis

283 3112 735 3183 monitionibus
775 3111 1060 3179 officiose
1102 3110 1640 3199 obtemperabunt
1681 3121 1746 3177 et
1782 3110 1953 3178 illius
1999 3112 2080 3177 de
2122 3111 2317 3178 rebus
2358 3112 2803 3179 communibus
2832 3114 3117 3183 consiliis
3214 3155 3220 3160 ·

284 3224 548 3283 utentur.

393 3294 572 3380 'Ubi
615 3320 830 3378 autem
892 3310 1161 3397 singulis
1204 3320 1420 3377 certae
1473 3322 1694 3399 partes
1755 3312 2012 3377 aedium
2073 3313 2444 3397 assignatae
2503 3311 2762 3394 fuerint,
2823 3315 3118 3401 quamvis
3132 3323 3199 3379 25

286 3436 430 3479 cura
471 3414 923 3478 universarum
963 3411 1125 3499 ipsis
1178 3410 1540 3494 incumbat,
1600 3411 1747 3477 illas
1801 3420 2017 3475 tamen
2063 3410 2243 3476 velut
2297 3411 2600 3497 proprias
2657 3421 2878 3498 partes
2921 3436 3113 3500 pecu-

285 3511 519 3579 liariter
560 3512 731 3576 tueri
786 3509 1128 3575 debebunt.
1211 3509 1359 3575 Erit
1401 3520 1617 3575 autem
1660 3509 2163 3595 uniuscuiusque
2206 3532 2289 3574 ex
2330 3509 2434 3574 his
2476 3512 2821 3575 trimestris
2867 3514 3115 3578 curatio

286 3612 595 3697 quaedam
641 3609 984 3696 generalis.
1050 3609 1181 3675 Hic
1225 3619 1289 3674 et
1329 3632 1552 3675 eorum
1593 3611 1875 3691 nomina,
1921 3610 2031 3694 qui
2073 3607 2159 3672 ad
2197 3608 2606 3674 incolendum
2645 3611 3118 3678 vescendumve

288 3709 696 3778 admittentur
738 3711 807 3774 in
849 3707 1188 3794 collegium
1229 3708 1590 3792 Paulinum,
1642 3709 1916 3796 recipiet
1966 3716 2030 3771 et
2082 3706 2419 3773 annotabit
2462 3719 2528 3774 et
2571 3709 2787 3775 claves
2829 3720 3118 3798 tempore

287 3809 399 3876 hoc
447 3821 587 3877 toto
640 3809 813 3876 solus
854 3831 1055 3897 penes
1099 3830 1169 3872 se
1211 3807 1495 3891 habebit,
1551 3820 1614 3872 et
1666 3806 1894 3872 famuli
1932 3804 2088 3871 huic
2139 3807 2223 3870 ad
2279 3829 2500 3871 omnes
2553 3808 2915 3875 ordinarias
2967 3811 3114 3877 fun-
3130 3820 3199 3877 30

288 3912 521 3976 ctiones
564 3919 822 3998 praesto
867 3917 1067 3974 erunt.
1147 3906 1332 3972 Idem
1372 3905 1656 3990 curabit,
1710 3914 1781 3971 ut
1835 3905 2032 3971 aedes
2073 3913 2138 3970 et
2193 3903 2579 3971 claudantur
2620 3917 2684 3972 et
2722 3912 3117 3995 aperiantur.

289 4007 675 4076 Claudentur
717 4016 929 4075 autem
971 4007 1228 4093 vesperi
1270 4006 1502 4092 hyeme
1555 4006 1719 4071 hora
1775 4027 1966 4087 nona,
2021 4005 2394 4092 aperientur
2445 4007 2670 4092 quinta
2718 4030 2926 4073 mane.
3010 4010 3117 4075 Ad

288 4106 505 4174 horam
560 4108 875 4174 decimam
931 4115 1177 4172 aestate
1233 4104 1629 4187 claudentur,
1690 4113 1924 4191 quarta
1976 4125 2170 4169 mane
2225 4105 2613 4190 aperientur.
2686 4106 2917 4173 Partes
2961 4132 3116 4174 vero

291 4207 535 4274 aedium
594 4228 846 4296 quoque
891 4214 1181 4292 tempore
1237 4227 1278 4269 a
1338 4203 1613 4290 singulis
1670 4201 1892 4268 sedulo
1939 4212 2004 4267 et
2057 4203 2483 4288 inspicientur
2535 4213 2600 4268 et
2657 4207 3117 4271 custodientur.

288 4304 451 4375 Illius
496 4330 653 4374 vero
706 4304 1028 4393 generalis
1072 4304 1423 4370 curationis
1462 4325 1581 4389 per
1620 4304 1798 4368 vices
1841 4302 2113 4367 mutatio
2155 4302 2293 4366 erit.
2376 4301 2470 4367 Ut
2519 4301 2820 4390 discipuli
2862 4305 3197 4391 pudice,35

292 4403 554 4491 placide,
594 4406 864 4473 honeste
904 4403 1163 4489 degant,
1205 4403 1623 4468 communiter
1664 4423 1886 4468 omnes
1928 4400 2264 4485 videbunt,
2306 4401 2518 4465 victus
2560 4423 2813 4489 quoque
2849 4412 2921 4467 ut
2958 4413 3115 4468 tem·

292 4526 435 4590 pore
476 4505 894 4593 praebeatur,
939 4504 1100 4569 bora
1143 4502 1404 4589 prandii
1453 4502 1726 4583 decima,
1778 4522 2018 4565 coenae
2062 4501 2285 4587 quinta
2327 4498 2507 4583 hora,
2552 4511 2615 4565 et
2655 4511 2727 4566 ut
2770 4490 3134 4568 secundum

293 4606 860 4692 praescriptionem
901 4603 1341 4668 universitatis
1394 4600 1810 4688 praebeatur,
1866 4597 2356 4664 observabunt·
2395 4598 2480 4682 Is,
2539 4602 2719 4665 cuius
2775 4603 3114 4667 trimestris

294 4707 523 4770 curatio
567 4701 893 4791 generalis
936 4705 1076 4785 erit,
1118 4703 1409 4766 instituet
1445 4702 1637 4765 etiam
1681 4698 2184 4785 disputationem
2226 4698 2574 4763 serotinam
2616 4722 2809 4765 unam
2850 4701 3118 4787 singulis

292 4797 809 4886 hebdomadibus,
849 4825 1055 4891 eaque
1096 4810 1169 4866 ut
1209 4811 1559 4888 peragatur
1603 4800 1740 4866 sine
1782 4796 2177 4865 turbulentia
2230 4807 2296 4862 et
2347 4805 2420 4862 ut
2476 4799 2604 4863 sint
2656 4798 2945 4864 eruditae
2989 4798 3116 4865 dis-
3132 4809 3201 4865 40

294 4904 660 4988 putationes,
707 4924 977 4990 operam
1014 4924 1135 4989 pro
1178 4899 1427 4967 viribus
1469 4899 1673 4965 dabit.

437 5014 545 5085 Di
563 5019 685 5084 661
703 5017 879 5105 pul
860 5042 884 5084 1
955 5017 1110 5104 quid
1169 5017 1385 5083 facere
1441 5016 1733 5082 vitareve
1802 5011 2081 5080 debeant
2149 5022 2214 5078 et
2284 5020 2652 5098 oporteant,
2714 5013 2906 5129 paulo
2968 5025 3120 5104 post

302 5116 908 5187 commemorabitur.

437 5217 544 5284 De
584 5217 734 5284 cibo
778 5215 1156 5283 instruendo
1200 5212 1718 5303 praebendoque,
1760 5212 1965 5300 deque
2004 5218 2143 5277 tota
2181 5231 2254 5275 re
2291 5209 2597 5276 familiari
2639 5213 2857 5277 omnia
2893 5236 3119 5300 geren-

302 5322 391 5382 tur
429 5328 620 5407 atque
661 5317 819 5383 fient
861 5314 1215 5384 secundum
1268 5314 1843 5402 praescriptionem
1883 5310 2325 5377 universitatis
2368 5317 2629 5375 nostrae
2671 5334 2922 5400 quoque
2961 5324 3114 5380 tem·
3133 5325 3200 5381 45

2653 5411 2786 5477 19*
