4038 6358
1482 620 1583 671 nie
1620 621 1855 672 statuto„
1896 636 2000 672 von
2037 620 2376 674 1497—1537.
3241 620 3362 684 235

510 801 645 868 sub
701 826 908 890 poena
951 803 1277 868 carentiae
1316 801 1483 869 lucri
1534 802 1617 869 de
1656 804 1973 869 cerevisia
2030 802 2484 891 provenientis.
2571 800 2721 882 Qua
2756 801 2960 889 petita
2998 809 3061 866 et
3104 800 3370 866 obtenta

514 901 712 967 dabit
754 926 947 968 unum
987 925 1290 988 grossum
1334 926 1456 993 pro
1501 902 1729 970 solatio
1772 906 2105 991 magistris
2150 901 2618 992 praesentibus.

626 1076 726 1137 26.
771 1087 864 1134 DE
905 1087 1232 1136 TEMPORE
1275 1087 1712 1137 mcssr'moms
1754 1088 2181 1137 MUTATmms
2223 1087 2363 1150 Quo
2404 1088 2497 1135 An
2538 1084 2825 1133 LUCRUM
2867 1083 3266 1134 CEEEwsiAE

1664 1187 2246 1237 manciannum.

693 1302 929 1382 Quoad
982 1301 1233 1368 lucrum
1277 1304 1633 1368 cerevisiae
1684 1303 2207 1391 participandum
2252 1312 2505 1390 tempus
2559 1301 2944 1388 inceptionis
2986 1299 3369 1364 mutacionis
3418 1307 3451 1362 5

520 1403 891 1489 computari
935 1400 1127 1468 debet
1167 1401 1251 1468 ab
1295 1424 1370 1468 eo
1414 1402 1538 1486 die,
1597 1426 1724 1491 quo
1771 1402 2104 1468 sallarium
2149 1402 2552 1468 dominorum
2593 1401 2924 1486 magistris
2965 1408 3067 1462 est
3106 1379 3369 1484 deputa-

520 1512 683 1584 tum,
754 1502 849 1566 sic
886 1500 1189 1567 videlicet
1244 1502 1417 1589 quod
1457 1504 1727 1568 mutatio
1772 1501 2107 1568 aestivalis
2149 1504 2220 1566 in
2267 1501 2371 1567 die
2415 1522 2823 1588 parasceues,
2879 1497 3175 1563 hiemalis
3217 1519 3373 1563 vero

524 1610 722 1666 sexta
764 1600 931 1666 feria
971 1609 1122 1667 ante
1162 1601 1461 1667 Mihaelis
1503 1603 1876 1690 incipiatur.

1509 1774 1606 1835 27.
1648 1785 1743 1833 DE
1786 1786 2014 1835 MENsA
2059 1743 2395 1834 ocimum.

697 1895 817 1986 [Bl.
861 1895 964 1986 8¹³]
1011 1898 1325 1980 Quamvis
1368 1909 1519 1966 ante
1557 1901 1754 1988 longa
1796 1912 2093 1989 tempora
2145 1910 2479 1965 transacta
2525 1899 2820 1984 magistri
2874 1898 3065 1964 huius
3118 1897 3372 1983 collegii
3396 1909 3458 1963 10

526 2020 933 2064 communem
988 2021 1276 2064 mensam
1330 2009 1550 2066 tenere
1608 2002 1940 2088 coeperint
1994 2011 2058 2065 et
2110 2001 2336 2088 paucis
2396 2001 2583 2065 annis
2639 1999 3182 2081 continuaverint,
3239 2008 3375 2063 tum

529 2100 685 2187 quia
732 2097 1061 2163 sallarium
1105 2098 1511 2166 dominorum
1551 2102 1921 2189 principum
1961 2124 2080 2188 pro
2123 2098 2402 2165 tenenda
2443 2110 2507 2164 et
2548 2098 2983 2165 continuanda
3008 2097 3376 2164 huiusmodi

530 2199 854 2263 communi
906 2219 1131 2262 mensa
1173 2199 1335 2285 ipsis
1376 2222 1505 2265 non
1551 2201 1817 2283 suffecit,
1868 2203 1961 2265 sic
2013 2222 2134 2264 nec
2189 2223 2309 2287 pro
2360 2200 2689 2287 praesenti
2743 2198 2995 2280 sufficit,
3045 2197 3187 2263 ideo
3229 2220 3374 2262 ean-

528 2297 679 2362 dem
724 2319 1125 2362 communem
1167 2320 1458 2363 mensam
1516 2322 1723 2387 pauco
1775 2307 2067 2387 tempore
2122 2300 2685 2380 continuaverunt,
2743 2320 2864 2362 nec
2917 2298 3112 2362 etiam
3155 2318 3375 2362 omnes

530 2398 831 2484 magistri
889 2397 1251 2483 praesentis
1309 2397 1565 2485 collegii
1621 2398 1891 2464 eandem
1942 2421 2342 2464 communem
2400 2420 2692 2462 mensam
2749 2397 3108 2490 aequaliter
3160 2407 3379 2462 tenere
3396 2405 3458 2462 15

532 2505 913 2586 potuerunt,
955 2495 1498 2585 quemadmodum
1540 2521 1661 2563 nec
1703 2497 1894 2564 hodie
1937 2508 2233 2587 possunt,
2282 2520 2357 2563 eo
2402 2496 2576 2582 quod
2617 2495 2743 2563 duo
2788 2499 3069 2562 iuniores
3115 2495 3376 2562 sallario

527 2597 933 2662 dominorum
972 2598 1341 2683 principum
1380 2597 1665 2663 totaliter
1709 2606 1991 2662 careant.
2055 2596 2409 2684 Postquam
2446 2605 2664 2661 tamen
2707 2597 3004 2663 omnibus
3045 2597 3375 2682 magistris

526 2698 892 2782 praesentis
933 2694 1188 2781 collegii
1231 2694 1313 2761 de
1354 2697 1694 2783 pinguiore
1734 2697 1995 2762 sallario
2025 2695 2129 2760 vel
2173 2695 2498 2782 stipendio
2540 2704 2605 2761 et
2647 2696 3001 2784 aequaliter
3041 2697 3372 2783 provisum

524 2797 749 2876 fuerit,
806 2793 1344 2882 quemadmodum
1401 2794 1528 2860 illis
1590 2795 1672 2863 de
1732 2796 1999 2881 collegio
2044 2797 2277 2862 maiori
2323 2796 2655 2883 provisum
2714 2797 2958 2878 extitit,
3014 2793 3249 2860 debent
3309 2805 3374 2860 et

523 2896 756 2961 volunt
795 2895 1093 2980 magistri
1146 2893 1234 2959 ad
1292 2916 1695 2960 communem
1737 2918 2029 2960 mensam
2084 2896 2427 2961 tenendam
2480 2918 2624 2961 esse
2678 2896 2929 2959 astricti
2984 2904 3048 2959 et
3102 2895 3372 2960 eandem
3390 2903 3458 2960 20

526 2992 949 3060 effectualiter
990 3001 1228 3076 tenere,
1269 2991 1389 3058 sub
1432 3016 1647 3080 poena
1690 2997 2075 3081 privationis
2116 2994 2484 3061 huiusmodi
2527 2994 2791 3059 sallarii.
2848 2995 3118 3060 Interim
3156 3005 3373 3060 tamen

524 3095 702 3184 quod
741 3094 905 3182 ipsis
948 3094 1277 3178 magistris
1320 3091 1402 3157 de
1445 3094 1800 3160 sufficiente
1844 3106 1908 3160 et
1948 3097 2290 3184 pinguiore
2333 3094 2596 3159 sallario
2629 3116 2749 3182 pro
2791 3092 3157 3159 huiusmodi
3202 3116 3370 3160 com-

524 3197 706 3260 muni
746 3216 974 3259 mensa
1010 3193 1291 3258 tenenda
1343 3198 1676 3281 provisum
1717 3217 1848 3260 non
1900 3205 2030 3278 est,
2085 3196 2310 3261 volunt
2365 3196 2495 3282 ipsi
2549 3204 2769 3259 tenere
2819 3204 2882 3259 et
2937 3216 3178 3281 ponere
3221 3194 3372 3259 bur-

527 3318 669 3361 sam
729 3317 806 3359 eo
873 3292 1094 3375 modo,
1158 3315 1284 3380 quo
1348 3295 1449 3361 sui
1518 3295 2054 3381 praedecessores
2117 3304 2265 3363 ante
2326 3292 2761 3382 quadraginta
2825 3316 3027 3360 annos
3084 3302 3150 3358 et
3202 3294 3378 3360 ultra

523 3403 871 3460 tenuerunt
914 3402 979 3458 et
1020 3402 1395 3481 posuerunt.
2462 3476 2471 3491 κ
3393 3403 3459 3459 25

522 3568 626 3631 28.
666 3579 762 3626 DE
804 3576 1129 3637 ExEans
1174 3576 1313 3625 ΡΕο
1359 3576 1895 3626 FunnAronmus
1938 3577 2030 3625 ET
2075 3559 2829 3648 EE[9²]NEEAc⁷roR1BUs
2869 3577 3078 3626 nurus
3119 3577 3372 3627 COLLE-

864 3674 961 3723 e11
1005 3676 1205 3724 CIRCA
1248 3675 1583 3724 GREeonn
1622 3677 1809 3723 Arm>
1853 3676 2176 3725 simeron
2216 3678 2498 3726 PAULUM
2542 3661 3068 3725 cummanum}

689 3809 855 3873 Item
897 3809 1199 3894 proxima
1239 3807 1345 3872 die
1387 3817 1538 3896 post
1574 3808 1807 3873 festum
1850 3810 2054 3873 sancti
2101 3808 2404 3895 Gregorii
2446 3811 2677 3896 peragi
2722 3808 2958 3874 debent
3001 3810 3178 3896 apud
3231 3832 3374 3875 san·

520 3918 702 3973 ctum
752 3904 1024 3972 Paulum
1084 3908 1396 3994 exequiae
1452 3930 1572 3994 pro
1631 3908 1971 3973 animabus
2032 3908 2332 3974 dominae
2390 3908 2688 3974 ducissae
2747 3906 3144 3996 aliorumque
3189 3909 3378 3973 huius

524 4007 789 4093 collegii
830 4004 1242 4071 fundatorum
1286 4017 1351 4071 et
1389 4006 1890 4090 benefactorum,
1933 4031 2056 4095 pro
2097 4008 2332 4094 quibus
2374 4007 2766 4073 sollemniter
2807 4006 3214 4073 celebrandis
3260 4007 3370 4072 da·
3391 4017 3459 4072 30

526 4108 627 4173 bit
670 4104 1012 4191 collegium
1054 4104 1365 4170 fratribus
1423 4105 1584 4171 dicti
1628 4108 2004 4173 monasterii
2041 4107 2390 4173 duodecim
2429 4123 2532 4193 94,
2578 4106 2899 4195 debetque
2943 4107 3186 4172 eisdem
3229 4130 3375 4172 exe-

394 4273 409 4285 ,
526 4207 700 4294 quiis
732 4204 1001 4289 quilibet
1041 4204 1415 4290 collegiatus
1451 4226 1592 4270 cum
1635 4205 1886 4271 duobus
1931 4206 2075 4272 aliis
2111 4208 2449 4293 magistris
2489 4230 2606 4294 per
2647 4231 2791 4273 eum
2834 4207 2920 4272 ad
2961 4206 3084 4273 hoc
3123 4208 3374 4293 rogatis

527 4304 960 4393 personaliter
1003 4306 1336 4387 interesse,
1390 4303 1783 4391 oblationem
1830 4306 2049 4372 facere
2095 4329 2172 4371 ac
2217 4330 2337 4393 pro
2381 4306 2752 4373 huiusmodi
2796 4298 3135 4372 animabus
3181 4328 3372 4391 quam

526 4404 828 4471 devotius
875 4426 1166 4486 exorare,
1213 4397 1332 4468 sub
1377 4426 1589 4490 poena
1636 4403 2063 4470 obedientiae.

529 4594 635 4655 29.
683 4605 777 4652 DE
817 4603 1096 4651 memus
1139 4603 1231 4650 ΕΤ
1273 4600 1489 4651 mssls
1534 4604 1711 4653 Pos'r
1758 4604 2025 4653 omrtm
2068 4604 2385 4655 Amemus
2428 4606 2849 4655 commum
2885 4605 3093 4654 rmms
3133 4595 3468 4654 cosmi-35

611 4705 711 4753 Gn
754 4704 891 4752 PER
933 4703 1135 4750 Amos
1178 4702 1569 4752 mels'ruos
1610 4704 1916 4752 EIUSDEM
1956 4674 2282 4753 common
2322 4707 2458 4755 ruo
2503 4706 2892 4755 DEEUNc'rls
2935 4705 3299 4754 LEGENms.

695 4838 857 4902 Item
903 4835 1150 4922 placuit
1191 4837 1541 4923 magistris,
1586 4835 1778 4924 quod,
1821 4837 2332 4924 quandocunque
2374 4839 2609 4925 aliquis
2654 4838 3029 4926 collegiatus
3073 4861 3375 4925 praesen-

529 4939 614 5001 tis
657 4935 913 5022 collegii
956 4937 1250 5019 moritur,
1292 4937 1468 5023 quod
1510 4946 1787 5025 protunc
1827 4936 1937 5001 alii
1980 4936 2306 5022 collegiati
2356 4938 2726 5025 presbyteri
2776 4937 3067 5003 eiusdem
3123 4936 3377 5026 collegii

530 5046 662 5100 tres
702 5036 937 5100 missas
976 5058 1097 5121 pro
1140 5036 1360 5101 anima
1403 5036 1553 5102 talis
1595 5036 1878 5105 defuncti
1918 5036 2158 5123 legere,
2209 5037 2322 5101 alii
2376 5046 2589 5127 autem
2635 5038 2977 5126 collegiati,
3028 5060 3159 5102 non
3199 5060 3377 5125 pres-

704 5305 727 5356 1
773 5300 883 5354 Am
916 5300 1135 5356 Raude:
1196 5300 1525 5357 Tramlatao
1555 5309 1679 5355 smne
1709 5303 1815 5358 Ιιαο
1848 5301 2106 5373 &equine
2140 5302 2223 5356 ad
2250 5306 2496 5357 sancum
2526 5301 2844 5358 Nicolaum.
