4038 6358
1605 626 1839 678 Libellus
1875 626 2192 677 formularis.
3204 621 3322 687 139

529 801 956 871 Academiae
997 816 1230 874 rector.
1999 808 2293 874 'Praeter
2340 806 2715 873 essentiales
2757 805 3047 891 hospites
3089 803 3319 868 acade—

536 902 856 984 Quatnor
891 904 1275 975 facultatum
1319 907 1569 976 decani.
1939 908 2145 974 mices
2184 908 2513 994 gratiosae
2555 905 2871 993 principis
2900 899 3218 969 voluntati
3242 900 3318 966 li·

539 1001 804 1069 Omnes
848 1005 1269 1092 professores.
1299 996 1328 1029 *
1939 1006 2171 1072 berum
2227 1006 2350 1072 fuit
2386 1005 2710 1086 relictum,
2774 1024 2861 1067 an
2901 999 2982 1067 de
3029 1010 3318 1067 senatu

538 1100 803 1168 Omnes
854 1103 1233 1170 facultatum
1284 1104 1692 1194 superiorum
1743 1104 1852 1171 do·
1943 1105 2271 1193 oppidano
2317 1104 2569 1191 aliquos
2612 1101 2877 1201 invitari
2921 1099 3224 1188 placeret.

642 1211 853 1267 ctores
906 1203 1051 1282 (seu
1105 1204 1216 1291 qui
1255 1203 1551 1270 membra
1590 1203 1857 1270 faculta-
2104 1204 2373 1271 Invitati
2417 1210 2631 1268 autem
2674 1209 2823 1266 sunt
3335 1206 3369 1261 5

643 1301 730 1366 tis
770 1299 1046 1367 alicuius
1088 1303 1445 1390 superioris
1487 1308 1681 1382 sunt).
2024 1302 2190 1370 Tres
2234 1302 2548 1368 consules.

543 1396 807 1464 Omnes
849 1399 1190 1486 collegiati.
2025 1399 2148 1490 [Bl.
2192 1406 2272 1470 60
2283 1400 2335 1488 ⁸]
2380 1401 2532 1466 Duo
2576 1397 2838 1464 aediles.

549 1496 862 1564 Rectoris
901 1520 1288 1565 assessores.
2111 1499 2396 1567 Scabini.

645 1595 1049 1663 Executores
2103 1600 2380 1666 Praetor
2418 1608 2481 1662 et

825 1705 891 1762 et
2109 1697 2432 1779 Quaestor
2477 1694 2860 1761 electoralis.
3342 1701 3406 1757 10

548 1794 888 1895 syndicus
959 1798 1115 1868 (nisi
1175 1795 1282 1861 vel
1353 1798 1685 1884 professor
1762 1797 1864 1863 vel
1947 1797 2457 1863 Invitatores
2509 1803 2745 1861 erant

643 1895 712 1959 in
755 1893 974 1983 aliqua
1014 1896 1395 1975 facultatum
1451 1899 1859 1984 superiorum
2026 1896 2264 1961 Illustr.
2292 1896 2611 1982 principis
2645 1901 3028 1980 praeceptor
3056 1891 3161 1959 dn.
3181 1889 3321 1957 Ma-

645 1992 1004 2060 membrum
1024 1994 1130 2060 vel
1153 1994 1532 2083 collegiatus
1557 2006 1675 2062 etc.
1702 1996 1856 2062 fuis·
2107 1994 2371 2061 xentius
2425 2004 2489 2059 et
2541 1993 2628 2057 M.
2677 1992 2911 2057 Petrus
2967 1989 3323 2055 Wernerus

644 2097 770 2171 set)
813 2115 944 2158 una
989 2117 1134 2159 cum
2116 2094 2167 2159 1.
2211 2094 2292 2159 V.
2350 2092 2736 2159 candidatus
2775 2098 2893 2155 etc.
2950 2086 3326 2154 Invitabant

553 2190 829 2258 Notario
873 2191 1270 2260 academiae.
2119 2192 2225 2259 die
2266 2192 2549 2259 Saturni.
3343 2192 3407 2249 15

643 2391 995 2459 Dominica
1046 2392 1388 2480 praedicta
1439 2393 1729 2481 hospites
1788 2393 2147 2460 academici
2201 2416 2423 2461 omnes
2478 2392 2615 2457 fere
2659 2392 2836 2456 circa
2878 2389 3109 2455 horam
3150 2384 3322 2451 deci-

463 2515 654 2556 mam
708 2491 1178 2559 conveniebant
1230 2503 1552 2561 rectorem
1604 2492 2005 2581 eundemque
2061 2492 2414 2561 honorifico
2459 2490 2770 2557 comitatu
2819 2486 2905 2554 ad
2958 2486 3154 2552 aedes
3207 2483 3320 2549 Se-

463 2589 763 2656 bastiani
804 2589 1085 2656 Schilert
1121 2594 1193 2657 in
1232 2591 1496 2659 Pruleto
1539 2593 1731 2675 sitas,
1786 2592 1901 2658 ubi
1953 2592 2223 2661 illustris
2285 2592 2584 2657 dominus
2627 2611 2812 2655 suam
2854 2586 3324 2653 habitationem

465 2689 790 2772 habebat,
843 2689 1271 2757 deducebant.
1357 2690 1649 2778 Cumque
1703 2692 1834 2756 iam
1893 2713 2101 2778 prope
2152 2689 2240 2755 ad
2293 2690 2465 2755 fores
2521 2687 2780 2753 aedium
2817 2694 3083 2752 ventum
3135 2690 3325 2764 esset,

467 2788 775 2854 tibicines
829 2787 1042 2855 urbici
1111 2791 1684 2857 instrumentorum
1735 2791 2129 2857 musicorum
2184 2799 2380 2854 cantu
2434 2787 2837 2855 academiam
2888 2781 3326 2870 excipiebant.
3342 2787 3410 2844 20

473 2885 585 2974 [60
600 2884 654 2975 b]
712 2886 826 2953 Ex
877 2889 1176 2976 opposito
1231 2889 1490 2955 illorum
1547 2889 1763 2955 stabat
1821 2889 2091 2958 illustris
2135 2890 2441 2977 princeps
2458 2937 2477 2971 ‚
2533 2888 2646 2976 qui
2684 2886 2960 2972 stipatus
2997 2880 3326 2949 nobilibus

473 2983 723 3072 aliquot
772 2985 1038 3054 Polonis
1098 2998 1401 3075 porrecta
1453 3010 1650 3065 manu
1704 2987 1975 3074 singulis
2033 2988 2423 3053 academicis
2467 2986 2815 3052 adventum
2857 2980 3327 3070 gratulabatur.

473 3083 941 3151 Ascendebant
982 3085 1274 3173 hospites
1315 3087 1386 3152 in
1429 3087 1902 3174 hypocaustum
1945 3089 2294 3175 principis,
2350 3087 2417 3151 in
2477 3108 2604 3173 quo
2657 3082 2938 3168 oblonga
2988 3079 3216 3146 tabula
3264 3088 3328 3143 et

476 3184 645 3249 duae
690 3206 952 3251 mensae
991 3187 1347 3253 instructae
1391 3196 1595 3252 erant.
1667 3187 1855 3252 Lotis
1896 3187 2199 3253 manibus
2243 3186 2665 3253 accubuimus
2710 3182 2951 3249 ordine.
3010 3181 3326 3265 Princeps

475 3285 851 3371 proximum
895 3308 936 3351 a
978 3284 1214 3350 dextra
1253 3287 1529 3351 rectoris
1573 3284 1784 3350 locum
1826 3285 2209 3372 occupabat.
2292 3284 2575 3351 Fercula
2618 3293 2762 3349 octo
2781 3282 3029 3347 -decim
3074 3276 3322 3365 (singu-
3342 3283 3407 3339 25

474 3382 555 3447 lis
600 3382 857 3448 vicibus
898 3393 998 3449 ter
1039 3385 1362 3471 repetitis)
1407 3384 1750 3471 magnifice
1793 3394 2030 3472 parata
2074 3383 2589 3472 apponebantur.
2657 3381 2812 3444 Vini
2847 3379 3180 3445 honorarii
3209 3397 3327 3462 per

474 3483 802 3550 notarium
863 3482 1204 3548 academia
1263 3484 1481 3549 offerri
1520 3485 1777 3550 curavit
1821 3484 2165 3549 cantharos
2206 3483 2452 3569 viginti.
2539 3481 2670 3546 Pro
2715 3501 2845 3568 qua
2886 3477 3211 3543 oblatione
3254 3472 3326 3538 il-

473 3580 697 3648 lustris
734 3582 1050 3668 principis
1090 3583 1352 3652 nomine
1393 3584 1753 3670 gratiarum
1790 3584 2109 3649 actionem
2146 3580 2526 3647 instituebat
2554 3580 2644 3644 M.
2673 3579 3051 3644 Wernerus.
3118 3572 3323 3639 Paulo

479 3689 632 3768 post
686 3679 961 3746 alteram
1010 3681 1285 3747 formam
1340 3681 1733 3750 ferculorum
1789 3683 2159 3770 appositam
2210 3680 2479 3746 illustris
2522 3680 2828 3766 princeps
2869 3696 3141 3762 surgens
3185 3675 3327 3760 ipse

477 3778 736 3845 erudita
793 3787 857 3844 et
907 3790 1120 3846 comta
1167 3782 1462 3847 oratione
1519 3782 1769 3867 gratias
1828 3780 2202 3846 academiae
2245 3779 2509 3867 agebat:
2568 3778 2674 3843 cui
2714 3774 3053 3862 respondit
3091 3779 3410 3838 rector.30

480 3876 739 3957 Quibus
779 3879 1064 3964 peractis
1106 3879 1343 3967 pocula
1380 3878 1625 3968 aliquot
1668 3882 1737 3945 in
1779 3879 2054 3944 salutem
2094 3881 2413 3967 principis
2455 3876 2753 3943 electoris
2786 3875 2992 3941 nostri
3014 3871 3323 3938 Iohannis

484 3974 758 4063 Georgii
959 3981 1121 4054 (hier
1162 3981 1240 4040 ist
1282 3983 1471 4042 leider
1512 3983 1609 4043 ein
1649 3985 1824 4042 Blatt
1864 3983 2497 4060 herausqesclmitten).

565 4174 687 4263 [Bl.
711 4183 786 4246 61
814 4172 866 4263 ⁸]
913 4176 1044 4258 Qui
1087 4177 1218 4242 sint
1255 4177 1342 4242 ad
1385 4175 1732 4264 prandium
1765 4199 1868 4243 co·
2381 4176 2808 4241 Fecerunt.

483 4276 661 4342 mitis
704 4284 822 4342 aut
857 4276 1125 4342 baronis
1168 4285 1282 4343 aut
1320 4276 1563 4343 domini
1596 4276 1868 4342 alicuius
2034 4276 2304 4342 Domini
2344 4276 2620 4362 gratiosi
2662 4273 2743 4339 de
2784 4271 3289 4339 Shuartzberck.

485 4374 829 4440 invitandi.
2030 4375 2136 4440 De
2177 4373 2495 4440 Valdeck.
3340 4377 3437 4460 35-

563 4473 896 4540 Invitandi
918 4481 1134 4540 autem
1165 4484 1315 4540 sunt
1339 4474 1723 4562 magnificus
1750 4474 1859 4540 do·
2026 4474 2133 4539 De
2174 4472 2542 4538 Mansfeldt.
2586 4477 2723 4546 (Am
2748 4477 2967 4534 Raude
2995 4474 3145 4532 steht
3170 4474 3325 4531 nach

484 4574 697 4637 minus
759 4581 974 4640 rector
1039 4594 1187 4638 cum
1260 4574 1394 4638 suis
1450 4573 1860 4656 consiliariis,
1944 4576 2131 4635 einem
2196 4577 2393 4634 Punct
2452 4569 2816 4657 Philippus.
2899 4573 3071 4640 Noch
3126 4570 3327 4630 weiter

479 4681 758 4759 quatuor
802 4670 1034 4738 decani
1078 4680 1142 4737 et
1180 4681 1560 4738 executores
1599 4675 1854 4738 univer·
1939 4676 2166 4747 reclutit,
2220 4674 2534 4734 schcinbar
2581 4693 2741 4749 qam
2788 4677 2914 4747 fllr
2972 4671 3099 4730 siclt
3147 4666 3232 4730 D.
3284 4668 3326 4730 a

483 4771 731 4853 sitatis,
771 4792 995 4836 omnes
1035 4770 1334 4838 doctores
1350 4819 1369 4854 ,
1430 4794 1651 4837 omnes
1698 4771 1867 4838 sala·
1949 4769 2200 4845 Pii-ck.)

486 4872 640 4935 riati
682 4878 748 4935 et
795 4862 1122 4956 collegiati
1165 4891 1312 4935 cum
1352 4872 1621 4937 notario.
1706 4869 1862 4950 Qui·
2027 4868 2297 4934 Domini
2341 4867 2607 4933 Schlick
2652 4876 2716 4932 et
2756 4864 3095 4951 Ellbogen.
3345 4874 3414 4930 40

489 4967 648 5034 libet
692 4967 992 5034 dominus
1029 4967 1141 5034 det
1179 4969 1438 5036 famulis
1483 4970 1545 5058 .j.
1588 4969 1650 5035 fl.
2034 4968 2231 5032 Dom.
2275 4966 2360 5032 ab
2400 4965 2711 5031 Anhaldt.

564 5066 655 5132 Et
675 5076 949 5134 vocatur
977 5068 1295 5134 eiusmodi
1326 5069 1675 5156 prandium
1706 5068 1868 5135 loci
2034 5068 2140 5133 De
2184 5063 2551 5131 Stolberck.
2590 5063 2979 5129 MDXXVI.

482 5164 940 5253 prandium,
1004 5167 1159 5254 quia
1223 5165 1375 5232 hinc
1428 5170 1765 5255 proximus
1824 5190 1867 5233 a

481 5275 734 5332 rectore
770 5263 952 5331 locus
995 5265 1176 5331 danti
1222 5264 1414 5332 cedit.
