4038 6358
1193 644 1368 693 vierte
1406 643 1944 710 Statutenredaction,
1985 661 2089 696 von
2134 645 2476 697 1499—1522.
3137 639 3258 717 485

387 859 503 922 16.
566 874 898 923 MAGISTRI
939 877 1016 924 IN
1055 877 1368 924 Exsnmm
1408 877 1656 926 nomm
1697 878 2432 927 BACOALARIANDORUM
2475 881 2847 930 TENENTUR
2890 879 3254 932 REVELARE

1117 977 1359 1025 EORUM
1398 977 1743 1027 EXGESSUS
1781 978 1915 1026 VEL
1959 978 2575 1029 msmvmcmncus.

1677 1098 1799 1161 vgl.
1844 1098 1908 1158 V,
1943 1098 1992 1147 5.

578 1209 872 1292 Quilibet
910 1210 1368 1295 magistrorum
1414 1210 1497 1278 de
1539 1211 1807 1278 consilio
1859 1210 2187 1277 facultatis
2207 1261 2226 1295 ‚
2286 1234 2407 1300 per
2462 1211 2779 1279 decanum
2838 1216 2905 1278 in
2961 1216 3262 1280 examine

381 1331 664 1374 morum
691 1310 1059 1398 requisitae,
1099 1319 1349 1375 tenetur
1374 1311 1671 1377 revelare
1699 1334 2008 1377 excessus
2035 1310 2355 1376 notabiles
2383 1322 2447 1376 et
2484 1313 2987 1379 insufficiencias
3027 1314 3260 1380 bacca·
3314 1323 3349 1378 5

387 1406 880 1492 lariandorum,
928 1411 983 1474 si
1022 1409 1148 1475 sibi
1193 1420 1524 1495 constant,
1569 1411 1689 1477 sub
1734 1435 1853 1478 suo
1897 1412 2280 1494 iuramentO,
2322 1412 2434 1498 qui
2475 1412 2580 1478 vel
2622 1433 2787 1500 quae
2828 1415 2896 1478 in
2940 1413 3257 1479 confusio·

390 1528 562 1572 nem
591 1508 934 1574 facultatis
978 1531 1251 1594 vergere
1308 1521 1593 1598 possent.

421 1760 519 1822 17.
579 1775 674 1822 DE
721 1775 1084 1841 CELANDO,
1124 1758 1333 1848 quod
1387 1758 1558 1847 legi
1610 1758 1856 1825 debet
1896 1759 1976 1824 in
2021 1759 2396 1826 examine
2434 1781 2734 1824 morum
2775 1761 3265 1847 magistris.¹

589 1906 879 1987 Quilibet
908 1887 1366 1995 magistrorum
1394 1908 1475 1973 de
1502 1909 1770 1974 consilio
1811 1906 2142 1973 facultatis
2182 1909 2251 1973 in
2293 1910 2593 1974 examine
2634 1931 2885 1976 morum
2929 1912 3268 1997 promittat

398 2005 499 2071 ad
542 2028 773 2072 manus
828 2008 1060 2073 decani
1122 2007 1204 2073 de
1246 2008 1515 2073 celando
1558 2010 1946 2094 magistrum
1989 2006 2094 2072 vel
2134 2009 2516 2094 magistros,
2561 2008 2846 2097 aliquem
2902 2008 3256 2075 baccalari-
3288 2019 3350 2074 10

398 2104 653 2171 andum
712 2105 813 2172 vel
870 2106 1413 2174 baccalariandos
1471 2106 1930 2194 impedientem
1972 2106 2079 2172 vel
2125 2107 2553 2194 impedientes
2602 2118 2719 2174 aut
2769 2107 3047 2196 aliquid,
3088 2108 3263 2196 quod

399 2227 686 2291 vergere
734 2209 946 2293 possit
986 2208 1055 2271 in
1099 2208 1539 2273 confusionem
1589 2206 1945 2287 facultatis,
1990 2217 2216 2272 contra
2275 2207 2553 2295 aliquem
2607 2231 2691 2273 ex
2745 2210 2840 2274 eis
2893 2219 3264 2274 moventem

402 2303 520 2368 vel
563 2316 895 2372 moventes
911 2356 930 2389 ,
979 2306 1102 2371 sub
1154 2305 1371 2374 debito
1415 2307 1712 2394 praestiti
1756 2306 2121 2372 iuramenti.
2204 2305 2293 2374 Et
2342 2307 2517 2374 idem
2568 2308 2770 2374 faciat
2820 2306 3108 2374 decanus
3160 2330 3259 2373 se·

405 2405 586 2470 niori
642 2403 990 2471 facultatis.

502 2655 594 2720 18.
639 2649 759 2741 [Bl.
789 2651 940 2743 30¹³]
986 2654 1619 2742 Subsequencia
1658 2654 2022 2742 legenda
2064 2666 2253 2721 sunt
2295 2654 2997 2721 baccalariandis
3037 2654 3177 2722 ad·
3285 2665 3350 2721 15

603 2754 887 2819 missis
931 2765 1303 2842 tempore
1342 2755 2071 2843 praesentacionis
2125 2778 2393 2821 eorum
2435 2753 2532 2819 ad
2574 2754 3079 2822 facultatem.

582 2902 772 2989 „Ego
826 2904 923 2972 .N.
979 2877 1121 2969 iuro
1177 2904 1363 2970 vobis
1432 2905 1677 2971 decano
1735 2915 1800 2971 et
1851 2905 2090 2970 vestris
2160 2904 2646 2970 successoribus
2701 2905 3145 2969 reverenciam
3204 2912 3269 2969 et

411 3001 860 3068 obedienciam
902 3004 971 3069 in
1013 3003 1210 3069 licitis
1252 3014 1316 3071 et
1356 3004 1665 3086 honestis,
1709 3015 1774 3071 et
1813 3026 2082 3069 servare
2126 3013 2368 3069 statuta
2412 3013 2477 3069 et
2518 3003 2862 3069 statuenda
2900 3025 3022 3090 pro
3068 3025 3265 3091 posse

418 3111 486 3166 et
528 3124 742 3186 nosse,
783 3111 849 3167 et
886 3125 1239 3190 procurare
1281 3102 1526 3169 bonum
1565 3103 1911 3169 facultatis.

581 3203 820 3285 „Item2
860 3204 1001 3269 iuro
1020 3251 1039 3287 ,
1085 3202 1256 3289 quod
1296 3204 1467 3268 infra
1510 3204 1904 3291 quindenam
1941 3204 2138 3269 velim
2196 3204 2447 3270 solvere
2501 3204 2797 3271 facultati
2840 3224 3039 3270 unum
3079 3203 3264 3269 flore·
3284 3210 3354 3269 20

413 3324 568 3367 num
607 3325 944 3367 renensem
998 3302 1102 3368 vel
1158 3303 1576 3390 aequivalens
1621 3327 1765 3369 cum
1809 3304 2080 3369 dimidio
2138 3303 2383 3371 floreno
2430 3325 2551 3391 pro
2593 3303 2752 3370 fisco
2795 3304 3263 3386 universitatis,

415 3401 518 3466 vel
561 3400 853 3468 obtinere
896 3403 1036 3467 eius
1076 3401 1453 3468 dilationem
1497 3404 1601 3468 vel
1644 3404 2084 3470 dimissionem
2128 3403 2214 3468 ab
2254 3402 2532 3468 eadem.³

577 3503 783 3586 „Item
799 3550 819 3583 ,
861 3501 1036 3588 quod
1076 3512 1371 3588 tempore
1420 3501 1985 3569 determinacionis
2042 3525 2224 3568 meae
2279 3502 2452 3569 dabo
2506 3500 2768 3568 famulis
2821 3502 3265 3569 universitatis

414 3611 692 3686 quatuor
735 3623 1018 3687 grossos.

576 3701 780 3784 „Item
822 3701 984 3784 iuro,
1029 3699 1204 3788 quod
1241 3703 1441 3766 istum
1481 3700 1759 3787 gradum
1805 3702 1874 3766 in
1911 3700 2092 3766 nulla
2132 3702 2557 3767 universitate
2602 3720 2951 3767 resumam
3275 3711 3342 3767 25

578 3801 783 3884 „Item
824 3802 987 3883 iuro,
1030 3799 1205 3885 quod
1244 3801 1313 3864 in
1352 3802 1483 3865 ista
1525 3801 1942 3867 universitate
1963 3801 1988 3842 ⁴
2034 3797 2415 3887 [secundum
2463 3797 2861 3888 conclusum]
2906 3800 3094 3867 stabo
3141 3822 3263 3917 per

418 3899 577 3966 duos
648 3923 851 3966 annos
921 3897 1195 3985 legendo
1210 3949 1229 3983 ,
1306 3898 1699 3987 disputando
1769 3899 1879 3965 vel
1961 3899 2261 3965 adminus
2326 3900 2608 3989 aliquem
2671 3900 3134 3987 magistrorum
3197 3902 3265 3967 in

414 4000 686 4066 lectione
726 3999 831 4065 vel
874 4000 1194 4065 exercicio
1238 3998 1590 4079 audiendo,
1631 3999 1758 4064 nisi
1800 4021 1919 4086 per
1958 3998 2333 4066 facultatem
2376 4022 2571 4087 super
2611 4000 2736 4066 hoc
2778 4021 3030 4065 mecum
3069 4002 3268 4067 fuerit

418 4099 894 4188 dispensatum.

580 4200 788 4283 „Item
798 4248 817 4282 ,
863 4198 1037 4288 quod
1089 4197 1333 4264 bonum
1386 4198 1577 4262 huius
1636 4198 2079 4263 universitatis
2128 4209 2193 4265 et
2231 4196 2558 4265 facultatis
2602 4202 2871 4283 arcium,
2914 4198 3001 4264 ad
3044 4222 3265 4288 quem·
3284 4210 3353 4267 30

420 4321 670 4387 cunque
717 4308 953 4364 statum
998 4297 1339 4380 devenere,
1383 4297 1580 4363 velim
1622 4320 1993 4385 procurare.
2398 4324 2401 4329 ·

579 4399 805 4482 „Item,
851 4397 1023 4486 quod
1067 4421 1199 4463 non
1240 4396 1433 4463 velim
1477 4397 1908 4463 determinare
1949 4398 2079 4464 nisi
2118 4395 2344 4464 habito
2388 4399 2699 4485 signeto.“

591 4653 618 4703 l
655 4647 765 4702 Am
797 4648 1012 4716 Raude,
1045 4645 1196 4702 roth:
1242 4646 1476 4716 Leyetur
1509 4652 1715 4699 tantiam
1747 4646 2044 4716 maai-emta

589 4737 622 4787 2
657 4732 766 4786 Am
801 4733 996 4787 Raude
1035 4731 1111 4785 ist
1143 4728 1526 4802 geschrieben:
1578 4729 1711 4784 Non
1753 4730 1966 4800 laquem·
1981 4773 1996 4799 ‚
2044 4729 2190 4787 doch
2223 4729 2367 4787 wohl
2417 4734 2531 4785 erst
2571 4732 2771 4801 spater.
2838 4730 3008 4787 Einer
3044 4727 3271 4787 friihern

419 4816 541 4872 Zeit
574 4814 835 4871 scheinen
884 4815 1274 4887 anzugehoren
1323 4814 1412 4869 die
1455 4812 1582 4868 roth
1621 4813 2052 4885 gesehriebenen
2088 4816 2308 4871 Worte:
2365 4815 2468 4870 hoc
2500 4816 2634 4871 viva
2667 4831 2799 4869 voce
2841 4814 3165 4884 declaretur,
3209 4833 3277 4870 ne

417 4902 671 4956 immane
702 4901 762 4954 in
785 4902 1114 4971 periurium,
1147 4918 1219 4954 zu
1253 4900 1431 4955 denen
1465 4897 1710 4955 schwarz
1746 4897 2117 4971 hinzugeffigt
2147 4900 2242 4955 ist:
2276 4903 2351 4954 Et
2379 4900 2435 4955 si
2464 4900 2589 4969 quis
2614 4898 2890 4970 petiam&
2921 4905 3003 4954 est
3031 4898 3270 4955 dilacio-

419 5003 550 5054 παπ,
577 4992 736 5055 petat
758 4986 1143 5055 praesentibus
1177 4984 1459 5054 ηιαριῑοινίε
1492 4984 1560 5037 de
1591 4982 1827 5037 consilio
1847 4983 2170 5054 jacultatus.

594 5074 625 5125 3
664 5068 776 5124 Die
809 5069 1006 5127 Worte
1042 5087 1155 5140 pro
1190 5070 1335 5137 fisco
1378 5068 1525 5121 univ.
1571 5084 1623 5122 u.
1662 5084 1705 5120 s.
1738 5084 1803 5122 w.
1839 5068 1962 5123 sind
1996 5071 2185 5140 spiiter
2219 5067 2659 5141 ausgestrichen‚
2697 5068 2810 5122 und
2845 5084 2936 5123 am
2970 5067 3167 5125 Raude
3199 5068 3274 5124 ist

421 5152 780 5226 geschrieben
821 5172 934 5208 non
969 5153 1198 5223 ὡραίων.

588 5242 622 5293 4
665 5238 774 5292 Am
812 5238 1006 5292 Rande
1040 5236 1246 5292 reehts:
1294 5234 1547 5293 additmn
1593 5243 1673 5290 est
1717 5235 1941 5306 aliquid
1982 5239 2286 5292 iuramento
2329 5242 2473 5294 ¹520.
2553 5235 2689 5293 Dies
2721 5235 2941 5291 bezieht
2972 5235 3091 5291 sich
3126 5235 3270 5293 wohl

423 5322 526 5378 auf
553 5322 643 5378 die
676 5340 765 5377 am
804 5316 1001 5378 Raude
1037 5322 1184 5378 links
1218 5321 1401 5377 hinter
1431 5321 1786 5375 universitate
1818 5320 2180 5395 eingefugten
2220 5322 2417 5379 Worte
2448 5323 2743 5381 sectandum
2781 5321 3111 5379 concham.
