4038 6358
726 1641 806 1707 A.
861 1640 1210 1708 ERSTER
1251 1642 1432 1707 BAN
1435 1642 1498 1707 D
1544 1639 1732 1706 DER
1773 1639 2018 1708 LIBRI
2060 1639 2691 1708 STATUTORUM.

303 2002 344 2050 l.
395 1999 518 2049 DIE
551 1988 928 2049 ALTESTEN
962 1997 1342 2049 STATUTEN
1375 1996 1532 2049 VOM
1574 1997 1808 2049 JAHRE
1855 1998 2141 2064 14⁰9—10,
2184 1998 2317 2049 Ml'r
2357 1988 3135 2049 ZUSATZBESCHLOSSEN

1326 2082 1440 2132 BIS
1475 2082 1624 2133 ZUM
1659 2082 1894 2133 JAHRE
1930 2080 2107 2134 144⁵st

461 2276 582 2366 [Bl.
611 2286 690 2348 46
705 2276 758 2367 Ι·]
799 2279 878 2345 In
913 2280 1173 2345 nomine
1213 2288 1476 2346 sanctae
1516 2290 1580 2346 et
1616 2280 1994 2347 individuae
2031 2281 2340 2346 trinitatis
2379 2280 2651 2346 feliciter
2672 2278 2900 2345 Amen.
2942 2280 3134 2347 Anno

303 2377 536 2445 domini
597 2378 938 2445 millesimo
1004 2377 1638 2467 quadringentesimo
1696 2401 1865 2447 nono
1923 2382 2143 2466 (1409)
2210 2379 2449 2446 electus
2508 2380 2630 2445 fuit
2692 2381 2759 2445 in
2820 2379 3135 2445 decanum
3188 2390 3219 2445 5

305 2476 616 2543 facultatis
661 2480 910 2545 arcium
965 2478 1162 2545 studii
1202 2478 1586 2566 Lipczensis
1641 2481 1923 2567 primum
1983 2502 2150 2567 mgr.
2192 2479 2503 2545 Hinricus
2544 2478 2951 2565 Bernhagen,
3015 2478 3137 2545 sub

309 2578 476 2643 cuius
517 2577 842 2645 decanatu
885 2577 1254 2666 subscripta
1301 2588 1543 2646 statuta
1595 2589 1745 2645 sunt
1794 2602 1914 2667 per
1956 2580 2305 2666 magistros
2347 2577 2675 2644 facultatis
2716 2578 2964 2643 arcium
3006 2588 3137 2644 stu-

315 2674 398 2740 dii
433 2677 750 2765 praedicti
793 2678 971 2744 edita
1013 2687 1077 2743 et
1117 2677 1440 2745 conclusa.

715 2852 765 2910 l.
809 2841 930 2929 [BL
967 2850 1046 2912 46
1063 2840 1116 2931 b]
1162 2862 1462 2912 anemos
1498 2862 1592 2909 m:
1634 2862 1961 2909 murone
2001 2860 2411 2910 nnnccloms
2450 2860 2726 2910 mecam.

462 2976 782 3043 Statutum
826 2979 1126 3066 primum.
1207 2976 1520 3043 Facultas
1567 2978 1818 3043 arcium
1859 2979 1928 3043 in
1973 3000 2142 3043 anno
2187 2975 2421 3042 debeat
2462 2975 2705 3041 habere
2748 2976 2910 3043 duos
2954 2976 3229 3045 deca-10

323 3095 443 3157 nos,
495 3098 768 3163 quorum
811 3100 974 3142 unus
1015 3076 1206 3142 debet
1245 3076 1400 3163 eligi
1443 3076 1762 3143 sabbatho
1805 3089 1954 3143 ante
1993 3078 2225 3143 festum
2272 3078 2479 3143 sancti
2523 3074 2813 3163 Georgii,
2856 3076 3142 3163 reliquus

327 3197 460 3240 vero
499 3173 819 3243 sabbatho
863 3188 1012 3242 ante
1055 3176 1291 3243 festum
1333 3178 1542 3244 saneti
1585 3176 1814 3244 Galli.2

839 3349 896 3411 2.
945 3359 1192 3420 QUALIS
1235 3360 1552 3410 PERSONA
1593 3363 1873 3410 DEBEAT
1913 3363 2107 3410 ELIGI
2148 3363 2221 3409 m
2262 3359 2614 3409 DEOANUM.

470 3474 624 3540 Item
682 3475 1055 3541 conclusum
1111 3484 1174 3540 et
1231 3485 1544 3540 statutum
1601 3485 1728 3560 est,
1785 3475 1959 3542 nullo
2018 3475 2523 3556 contradicente,
2582 3473 2754 3562 quod
2809 3475 3021 3542 nullus
3077 3479 3144 3542 in

337 3570 616 3638 decanum
657 3575 982 3640 facultatis
1026 3575 1273 3640 arcium
1317 3573 1551 3638 debeat
1604 3575 1776 3661 eligi,
1833 3576 1960 3639 nisi
2016 3577 2103 3641 sit
2159 3575 2239 3640 de
2294 3573 2561 3640 consilio
2606 3574 2930 3640 facultatis
2975 3588 3038 3641 et
3076 3579 3145 3642 in
3169 3589 3229 3645 15

339 3671 532 3738 eadem
588 3673 894 3740 facultate
957 3683 1108 3739 actu
1169 3695 1423 3760 regens.
1503 3672 1592 3738 Et
1647 3675 1840 3740 istum
1893 3677 1960 3740 in
2024 3674 2356 3762 proposito
2413 3672 2689 3739 facultas
2746 3684 2939 3738 vocat
3000 3685 3150 3742 actu

341 3781 648 3858 regentem,
706 3776 814 3862 qui
863 3797 1044 3838 suum
1097 3772 1256 3859 legit
1301 3773 1700 3838 ordinarium
1751 3784 1815 3838 et
1865 3776 1933 3839 in
1975 3773 2202 3839 ordine
2262 3796 2376 3839 suo
2419 3773 2748 3838 ordinarie
2793 3771 3150 3861 disputavit

345 3877 396 3932 et
431 3871 488 3935 in
529 3872 897 3962 quotlibeto,
940 3873 997 3939 si
1037 3872 1250 3958 fuerit,
1290 3871 1745 3960 respondebat.

857 4045 914 4107 3.
958 4055 1080 4117 Qm
1119 4056 1192 4104 m
1229 4055 1489 4104 uncam
1531 4055 1924 4104 Ennomon
1967 4053 2207 4103 vocnu
2248 4055 2592 4104 mmm.

493 4172 636 4236 Item
684 4181 992 4238 statutum
1033 4169 1157 4236 fuit
1197 4179 1262 4236 et
1304 4168 1698 4254 conclusum,
1741 4169 1915 4260 quod
1952 4167 2165 4234 nullus
2208 4171 2278 4234 in
2316 4169 2637 4237 eleccione
2669 4171 2897 4238 decani
2925 4183 3237 4240 vocemm

355 4267 568 4356 habeat,
607 4272 736 4337 nisi
779 4272 864 4337 sit
905 4269 986 4338 de
1027 4269 1294 4336 consilio
1339 4268 1666 4335 facultatis
1708 4279 1773 4336 et
1808 4279 1960 4335 actu
2000 4291 2251 4356 regens.

1137 4442 1195 4502 4.
1238 4453 1334 4500 m:
1375 4453 1578 4503 nono
1622 4453 1956 4502 Euenum
1998 4453 2347 4502 maenum,

491 4569 630 4634 Item
675 4578 981 4635 statutum
1031 4569 1153 4634 fuit
1195 4579 1260 4634 et
1318 4569 1710 4653 conclusum,
1764 4568 1939 4655 quod
1998 4568 2237 4634 eleccio
2294 4569 2521 4635 decani
2576 4571 2644 4634 in
2684 4569 2858 4636 hunc
2898 4571 3155 4638 modum

368 4665 557 4733 debeat
593 4669 924 4735 celebrari.
1006 4669 1226 4736 Primo
1285 4669 1405 4734 fiat
1457 4667 1758 4733 induccio
1806 4690 1925 4755 per
1980 4689 2173 4732 voces
2234 4667 2655 4754 singulorum,
2722 4681 2785 4734 et
2840 4673 2895 4736 si
2951 4673 3157 4737 maior

503 4908 522 4958 1
556 4903 634 4958 lm
669 4902 924 4974 Original
957 4901 1220 4957 erhalten.
1253 4902 1380 4974 vgl.
1417 4898 1692 4959 Urkundl.
1731 4897 1964 4964 Quellen
1997 4896 2054 4953 S.
2090 4903 2189 4955 822
2220 4895 2299 4969 fg.
2338 4898 2535 4953 Zuerst
2564 4899 3013 4974 herausgegeben
3051 4919 3160 4956 von

373 4983 664 5042 Drobisch
707 4987 768 5042 in
807 4986 916 5042 den
957 5001 1180 5042 neuen
1211 4985 1589 5056 Beitrflgen
1637 5001 1761 5038 zur
1795 4980 2157 5038 Statistik
2188 4981 2310 5036 der
2342 4981 2800 5039 Universitat
2841 4984 3159 5056 Leipzig

375 5085 415 5124 u.
445 5088 478 5124 ι.
506 5087 558 5126 w.
604 5070 666 5124 in
713 5071 822 5127 den
854 5069 1152 5126 Berichten
1185 5069 1282 5125 der
1316 5063 2071 5142 philologisch·historischen
2110 5064 2298 5120 Classe
2344 5065 2444 5120 der
2474 5065 2608 5137 Kgl.
2644 5067 2826 5123 Siichs.
2864 5067 3163 5125 Gesellsch.

377 5153 415 5207 d.
443 5153 740 5210 wissensch.
773 5155 875 5210 Bd.
911 5151 940 5210 I
975 5155 1151 5227 (1849)
1182 5153 1239 5210 S.
1275 5159 1524 5210 95—113.
1565 5153 1768 5224 Einige
1804 5148 2117 5220 unrichtige
2150 5149 2447 5220 Lesungen
2482 5153 2602 5205 sind
2638 5152 2695 5206 in
2728 5152 2826 5208 der
2860 5153 3161 5224 vorliegen-

379 5237 460 5294 den
485 5238 720 5311 Ausgabe
756 5237 1075 5297 verbessert.

507 5327 532 5377 2
559 5323 666 5378 Der
697 5323 824 5394 Tag
857 5321 1148 5393 Georgii
1181 5321 1309 5376 faut
1340 5320 1444 5376 auf
1470 5322 1577 5377 den
1615 5325 1696 5376 23.
1732 5316 1912 5389 April,
1943 5318 2043 5374 der
2076 5317 2278 5377 Galli
2316 5317 2421 5374 auf
2447 5320 2555 5376 den
2595 5326 2670 5378 16.
2708 5319 2962 5377 October.

486 5425 890 5465 ornum-nauca
923 5426 1040 5462 nn
1073 5425 1222 5465 σειν.
1253 5425 1493 5461 amne.
2748 5412 2827 5476 20
