4038 6358
1216 663 1387 717 Achte
1425 664 1961 728 Statutenredaction,
2008 682 2129 718 vom
2167 667 2332 719 Jahn-e
2374 667 2522 724 1558.
3154 669 3273 734 519

470 874 559 965 [S.
601 875 662 966 8]
710 894 829 958 Qm
871 894 1114 944 monm
1155 897 1517 964 wmcmm
1562 901 1739 968 sm'r,
1781 902 1875 950 UT
1916 903 1988 950 m
2034 901 2407 951 consmmu
2448 901 2801 949 mmmmm
2843 901 3234 952 LEGANTUR.

1667 1036 1886 1101 Caput
1937 1038 2053 1089 111.

587 1164 1000 1230 Professores
1043 1163 1342 1251 publicae
1382 1166 1715 1233 doctrinae
1758 1177 2061 1257 oportere
2102 1191 2244 1234 esse
2286 1171 2355 1233 in
2395 1169 2664 1234 consilio
2720 1167 2976 1255 publico
3031 1168 3274 1234 dictum

426 1273 543 1329 est.
629 1264 795 1330 Cum
837 1265 1007 1329 enim
1056 1263 1420 1331 liberalium
1479 1266 1834 1334 studiorum
1878 1278 1944 1334 et
1984 1267 2473 1356 disciplinarum
2518 1267 2867 1355 explicatio
2912 1290 2990 1332 ac
3038 1266 3271 1354 guber-

425 1364 602 1428 natio
646 1363 838 1428 huius
883 1365 1359 1429 communitatis
1412 1367 1684 1452 propria
1739 1368 1851 1448 sit,
1905 1367 1987 1432 ab
2047 1390 2124 1432 ea
2178 1368 2583 1455 professores
2639 1363 2971 1431 doctrinae
3014 1366 3270 1431 ordina·
3321 1376 3353 1430 5

425 1462 562 1527 ri‘ae
623 1461 852 1528 abesse
913 1473 1407 1529 consentaneum
1463 1488 1597 1530 non
1654 1475 1766 1531 est.
1851 1466 1996 1532 Hoc
2054 1467 2251 1552 igitur
2305 1466 2534 1552 reddet
2588 1488 3083 1553 unumquenque
3136 1465 3271 1531 ido-

424 1579 635 1643 neum,
675 1571 749 1625 ut
788 1560 998 1627 locum
1038 1563 1106 1626 in
1147 1562 1412 1628 consilio
1455 1563 1879 1650 adipiscatur,
1921 1566 2093 1653 quod
2135 1588 2175 1630 a
2215 1566 2670 1630 communitate
2714 1564 2911 1628 studii
2956 1564 3272 1630 bonarum

427 1661 662 1725 artium
705 1683 938 1726 munus
1000 1660 1239 1728 habeat
1302 1660 1577 1727 docendi
1641 1663 1900 1750 publice
1961 1664 2086 1729 sibi
2151 1664 2547 1730 mandatum.
2632 1663 2902 1728 Praeter
2960 1662 3099 1746 hos,
3165 1666 3273 1751 qui

422 1757 680 1845 legendi
707 1759 1116 1843 videbuntur,
1161 1770 1229 1824 ut
1268 1762 1337 1825 in
1381 1761 1647 1827 consilio
1691 1763 1840 1846 sint,
1883 1764 1932 1828 ii
1976 1763 2318 1829 iubeantur
2361 1773 2581 1850 petere
2625 1784 2667 1828 a
2707 1761 2971 1845 decano,
3018 1762 3270 1827 admitti

425 1881 566 1923 sese
611 1857 754 1924 loco
799 1881 931 1924 suo.
1015 1860 1120 1924 De
1163 1859 1286 1924 hac
1330 1861 1636 1947 petitione
1680 1859 1962 1927 decanus
2007 1863 2094 1928 ad
2146 1862 2544 1950 professores
2591 1861 2891 1949 publicae
2936 1860 3267 1926 doctrinae
3294 1870 3356 1926 10

421 1957 676 2026 referet.
747 1958 1145 2023 Admittetur
1192 1968 1404 2024 autem
1449 1961 1675 2046 petitio
1719 1983 1947 2026 eorum
1989 1972 2261 2045 tantum,
2305 1984 2464 2048 quos
2507 1961 2885 2042 constiterit,
2930 1970 3274 2047 postquam

395 2059 722 2142 'magistri
762 2057 916 2122 facti
961 2068 1206 2140 essent,
1259 2081 1384 2123 uno
1440 2081 1608 2124 anno
1649 2061 1718 2123 in
1760 2060 1883 2125 hac
1926 2061 2263 2126 academia
2306 2060 2522 2125 studia
2563 2060 2881 2124 bonarum
2932 2062 3168 2124 artium
3212 2069 3275 2124 et

426 2156 825 2221 honestatem
872 2156 1162 2226 coluisse.
1244 2157 1413 2222 Tum
1454 2181 1611 2223 vero
1666 2161 1926 2245 petitori
1982 2160 2264 2225 decanus
2318 2170 2769 2245 argumentum
2826 2167 2890 2222 et
2930 2160 3271 2223 materiam

424 2255 656 2337 tradet,
702 2255 784 2320 de
823 2279 954 2344 qua
995 2259 1163 2322 inter
1206 2259 1603 2344 professores
1650 2257 1981 2325 doctrinae
2026 2258 2327 2347 publicae
2354 2260 2744 2341 convenerit,
2785 2280 3056 2344 eamque
3094 2257 3269 2322 iube-

423 2353 520 2419 bit
560 2356 899 2442 petitorem
942 2356 1313 2438 informare,
1374 2356 1461 2420 ad
1517 2356 2106 2445 disputandumque
2158 2358 2618 2423 consuetudine
2662 2356 3049 2422 scholastica
3093 2366 3264 2422 certo
3292 2366 3353 2421 15

424 2453 530 2526 die
585 2452 846 2540 publice
887 2477 1269 2542 proponere,
1328 2463 1392 2519 et
1435 2455 1712 2538 studere,
1764 2466 1835 2520 ut
1888 2458 2227 2544 proposita
2270 2456 2673 2544 explicentur
2713 2466 2776 2521 et
2824 2455 3267 2520 defendantur.

425 2551 572 2633 Quo
614 2553 785 2619 facto
831 2555 1082 2636 iterum,
1139 2564 1286 2640 post
1327 2577 1564 2619 annum
1607 2557 1886 2642 primum
1926 2558 2305 2641 magisterii,
2362 2568 2433 2621 ut
2477 2555 2719 2620 dictum
2764 2564 2861 2619 est
2902 2563 3083 2632 (nam
3128 2553 3269 2618 bre-

423 2654 606 2717 viore
647 2662 940 2739 tempore
984 2655 1270 2740 spectari
1315 2654 1518 2717 vitam
1562 2663 1625 2717 et
1668 2653 1883 2718 studia
1927 2665 2255 2740 petentum
2299 2678 2428 2720 non
2473 2661 2776 2741 oportet),
2826 2655 2954 2718 nisi
2997 2651 3269 2740 impedi·

421 2762 706 2816 mentum
753 2751 931 2816 aliud
977 2752 1214 2817 obiicia
1230 2748 1317 2839 [9]
1333 2762 1437 2817 tur
1486 2752 1596 2828 (de
1648 2774 1773 2838 quo
1822 2757 2103 2839 cognitio
2158 2755 2387 2820 decani
2429 2775 2560 2817 una
2603 2776 2748 2818 cum
2790 2751 3267 2839 professoribus

421 2853 595 2932 erit),
647 2854 779 2916 iam
822 2850 1093 2916 idoneus
1136 2850 1455 2917 habeatur
1500 2853 1759 2939 petitor,
1804 2855 1914 2938 qui
1957 2877 2071 2919 suo
2118 2854 2282 2937 loco,
2328 2862 2399 2917 ut
2435 2849 2503 2917 in
2548 2852 2815 2917 consilio
2862 2850 3120 2938 publico
3167 2852 3352 2933 simo

419 2950 822 3016 admittatur.
905 2951 1317 3016 Praeferetur
1363 2961 1572 3016 autem
1620 2953 1892 3016 caeteris
1935 2954 2011 3035 is,
2072 2955 2183 3039 qui
2237 2965 2385 3017 ante
2445 2951 2605 3016 alios
2660 2974 2923 3016 munere
2979 2951 3090 3016 illo
3141 2950 3267 3015 dis-

418 3051 827 3136 putationum
880 3051 1074 3116 fuerit
1121 3051 1400 3115 functus.
1484 3048 1697 3134 Atque
1748 3053 1814 3114 in
1870 3050 2112 3117 talibus
2160 3051 2708 3139 disputationibus
2755 3073 2974 3116 omnes
3019 3049 3270 3116 consilii

417 3148 660 3237 publici
732 3150 1086 3238 participes
1147 3149 1455 3216 mandato
1519 3149 1751 3215 decani
1815 3149 2046 3216 adesse
2107 3150 2448 3217 debebunt.
2532 3151 2611 3216 In
2686 3149 3083 3217 admittendo
3157 3172 3269 3214 seu

420 3249 796 3337 recipiendo
863 3249 1141 3336 aliquem
1207 3248 1292 3313 ad
1359 3249 1700 3314 consilium
1762 3271 1942 3314 more
1998 3253 2317 3316 maiorum
2386 3251 2731 3337 promissio
2798 3249 3075 3315 solennis
3136 3249 3268 3332 fiat,

417 3347 544 3414 hac
584 3348 824 3414 forma:
3282 3357 3347 3413 25

583 3464 769 3550 „Ego
813 3465 912 3529 .N.
968 3466 1278 3551 promitto
1323 3464 1511 3529 vobis
1555 3464 1801 3530 decano
1846 3475 1909 3530 et
1961 3465 2445 3530 successoribus
2501 3464 2935 3530 obedientiam
2979 3462 3264 3528 debitam

414 3572 482 3628 et
524 3562 789 3649 dignam
832 3565 1280 3647 reverentiam,
1329 3572 1392 3627 et
1433 3566 1500 3628 in
1537 3565 1870 3629 sententiis
1914 3563 2208 3628 dicendis
2249 3564 2662 3652 ferendisque
2696 3564 3021 3648 suffragiis
3049 3562 3264 3647 fidem,

415 3672 482 3726 et
523 3664 1026 3727 taciturnitatem
1069 3665 1136 3727 in
1179 3665 1278 3745 iis,
1337 3684 1502 3748 quae
1545 3664 1611 3727 in
1655 3662 1926 3728 consilio
1972 3684 2358 3749 cognovero,
2405 3662 2722 3750 tegendis,
2767 3672 2832 3727 et
2872 3661 3155 3727 studium
3197 3663 3265 3727 in

415 3761 716 3847 augenda
759 3772 823 3827 et
867 3763 1159 3828 ornanda
1219 3764 1672 3827 communitate
1728 3773 1968 3846 nostra,
2028 3785 2150 3848 pro
2190 3769 2336 3828 mea
2377 3762 2567 3828 virili.
2648 3763 2795 3827 Non
2838 3764 3033 3827 etiam
3080 3772 3264 3827 autor

416 3884 529 3925 ero
587 3871 700 3926 aut
755 3883 985 3926 suasor
1039 3863 1463 3927 contentionis
1520 3861 1877 3945 dissidiive,
1938 3883 2064 3947 quo
2122 3864 2298 3929 natio
2353 3861 2675 3948 implicari
2734 3871 2797 3925 et
2844 3861 3040 3925 factio
3100 3861 3257 3925 oriri
3277 3870 3346 3925 30

415 3962 638 4048 possit.
719 3961 866 4026 Hoc
910 3963 1235 4048 promitt0,
1280 3960 1577 4047 obligans
1618 3983 1722 4025 me
1761 3960 2182 4025 iurisiurandi
2227 3960 2556 4047 religione.
2632 3960 2723 4025 Et
2765 3963 2840 4043 si,
2885 3959 3059 4047 quod
3103 3959 3262 4024 deus

417 4069 701 4142 avertat,
758 4059 996 4142 fallam,
1050 4063 1190 4148 ipse
1247 4060 1406 4124 mihi
1461 4058 1630 4125 hanc
1687 4082 1965 4148 poenam
2016 4069 2248 4142 statuo,
2302 4070 2375 4124 ut
2419 4082 2501 4124 ex
2542 4061 2998 4125 communitate
3039 4058 3260 4123 lauda-

415 4160 669 4223 tissima
707 4159 830 4223 hac
874 4160 1116 4242 eiiciar,
1160 4182 1368 4247 neque
1413 4159 1585 4225 dicto
1627 4182 1834 4248 neque
1873 4159 2046 4224 facto
2091 4158 2448 4224 vindictam
2493 4151 2987 4246 usurpaturus.“

582 4291 727 4357 Non
779 4290 1095 4374 volumus,
1161 4292 1498 4358 intermitti
1561 4292 1643 4357 ab
1701 4294 1803 4375 iis,
1862 4294 1972 4381 qui
2038 4295 2106 4357 in
2163 4293 2637 4359 communitatis
2685 4290 2879 4356 studii
2944 4292 3260 4356 bonarum

416 4393 655 4456 artium
716 4391 1055 4456 concilium
1124 4391 1378 4456 admitti
1445 4393 1734 4477 cupient,
1805 4392 2212 4457 sedulitatem
2273 4391 2725 4476 frequentandi
2789 4391 3258 4477 disputationes
3278 4398 3343 4454 35

416 4489 715 4579 publicas
760 4499 823 4554 et
866 4490 1230 4578 complendi
1272 4512 1604 4556 numerum
1651 4493 2008 4557 sessionum
2053 4491 2291 4556 veteris
2334 4490 2858 4556 observationis.¹
2938 4489 3038 4555 Ac
3088 4489 3262 4553 idem

416 4612 588 4654 nunc
626 4589 769 4654 fieri
796 4589 864 4654 in
905 4590 1029 4655 hac
1072 4600 1257 4677 parte
1301 4589 1534 4678 placet,
1578 4591 1751 4677 quod
1793 4600 1924 4655 tam
1968 4590 2256 4655 moribus
2296 4590 2728 4657 introductum
2770 4613 2965 4678 quam
3006 4590 3260 4678 legibus

414 4691 546 4754 iam
589 4688 833 4753 dudum
875 4699 973 4754 est
1017 4691 1448 4755 constitutum.
2325 4672 2357 4712 ⁸

586 4804 716 4886 Qui
780 4827 863 4869 ex
927 4807 1257 4891 magistris
1322 4805 1706 4871 consiliariis
1781 4804 2147 4870 ascenderit
2219 4806 2492 4892 gradum
2548 4805 2859 4871 'altiorem
2926 4805 3262 4892 dignitatis

419 4904 843 4972 scholasticae
888 4915 953 4968 et
995 4903 1307 4969 licentiati
1349 4915 1462 4970 aut
1513 4906 1705 4969 etiam
1750 4905 2032 4970 doctoris
2080 4901 2207 4992 [10]
2254 4904 2437 4970 titulo
2486 4914 2748 4971 ornatus
2805 4907 3015 4988 fuerit,
3067 4907 3145 4987 is,
3204 4907 3343 4971 si40

417 5006 780 5071 doctrinam
832 5003 1144 5069 bonarum
1201 5005 1440 5070 artium
1495 5003 1750 5089 publice
1803 5006 1870 5069 in
1924 5003 2048 5068 hac
2104 5005 2559 5069 communitate
2608 5004 3010 5091 profiteatur,
3056 5003 3260 5070 donec

415 5128 543 5171 non
589 5102 673 5168 ab
717 5101 924 5168 altera
969 5105 1422 5171 communitate
1465 5105 1774 5190 quapiam
1824 5126 2057 5169 munus
2108 5102 2438 5191 publicam
2496 5104 2856 5169 doctrinam
2916 5102 3258 5190 profitendi

591 5343 609 5391 1
648 5336 756 5392 Am
796 5336 1016 5391 Raude:
1065 5335 1446 5404 Quodn-ayma
1477 5334 1702 5389 scilicet.
1740 5335 1879 5391 Soet.
1917 5340 1965 5389 3.
2000 5336 2139 5391 Stat.
2182 5341 2223 5390 1.
2266 5335 2382 5390 Fol.
2424 5339 2484 5391 15
2518 5336 2579 5390 in
2608 5336 2827 5390 statutis
2858 5336 3138 5391 veteribus.
