4038 6358
799 631 881 693 26
1702 629 1803 680 Die
1838 629 2202 680 Reformation
2237 644 2360 678 vom
2393 628 2559 679 Jahre
2602 632 2747 677 1⁴96.

797 817 1034 893 gantur
1051 857 1070 890 ,
1119 808 1205 872 ad
1249 810 1705 896 requirendum
1750 811 2066 876 decanum
2107 831 2228 897 pro
2272 818 2566 895 tempore
2612 811 2994 874 existentem
3010 858 3027 891 ,
3088 819 3162 875 ut
3199 808 3320 875 tali
3362 808 3646 877 defectui

800 907 904 971 vel
943 909 1240 973 excessui
1271 930 1387 994 per
1414 909 1591 996 piam
1620 910 2135 975 admonicionem
2174 906 2280 972 vel
2306 929 2559 994 poenae
2584 907 3084 995 impositionem,
3129 909 3186 974 si
3229 932 3393 997 opus
3429 909 3643 995 fuerit,

797 1028 991 1094 quam
1029 1007 1310 1093 primum
1353 1017 1669 1072 occurrat.
1757 1007 2010 1088 Quodsi
2056 1007 2339 1072 decanus
2393 1007 2742 1093 requisitus
2801 1006 2998 1071 fuerit
3041 1017 3109 1072 et
3145 1009 3509 1094 neglexerit
3546 1010 3643 1073 fa-

799 1126 943 1170 cere
985 1114 1098 1170 aut
1137 1107 1541 1171 recusaverit
1556 1155 1574 1188 ,
1643 1116 1864 1171 careat
1904 1108 2112 1172 tercia
2168 1116 2354 1193 parte
2413 1107 2512 1170 sui
2569 1104 2819 1171 sallarii
2834 1154 2853 1189 ,
2910 1127 3104 1193 quam
3164 1117 3645 1194 computatores

746 1213 779 1268 5
801 1205 901 1269 sui
943 1203 1155 1269 eidem
1194 1214 1486 1292 tempore
1527 1206 2035 1292 computacionis
2081 1226 2235 1270 suae
2293 1202 2619 1270 defalcare
2677 1204 2942 1289 debent,
3001 1205 3121 1272 sub
3166 1228 3379 1293 poena
3421 1228 3644 1272 caren—

799 1303 932 1368 tiae
975 1316 1124 1369 actu
1164 1306 1496 1391 regentiae
1540 1328 1658 1392 per
1700 1306 2025 1391 integrum
2063 1325 2326 1370 annum.

1232 1506 1333 1569 30.
1384 1519 1480 1567 nn
1521 1517 1969 1569 nxncu'nonn
2012 1519 2150 1567 rna
2190 1517 2526 1568 nnuma
2569 1516 2773 1567 (3ch
2807 1518 3204 1568 PmmssA.

961 1647 1278 1714 Volumus
1320 1658 1383 1712 et
1423 1647 1818 1735 ordinamus,
1864 1647 2039 1737 quod
2080 1647 2365 1713 decanus
2407 1647 2474 1710 in
2513 1647 2809 1712 omnibus
2854 1656 2918 1712 et
2959 1647 3234 1735 singulis
3277 1651 3645 1736 praescrip·

798 1750 883 1813 fis
947 1770 1198 1814 necnon
1244 1747 1391 1812 aliis
1455 1748 1710 1812 statutis
1758 1753 1823 1811 et
1866 1746 2204 1828 conclusis,
2253 1747 2324 1810 in
2364 1745 2533 1811 libro
2584 1745 2914 1811 facultatis
2958 1748 3194 1811 artium
3237 1750 3644 1835 conscriptis,

719 1857 782 1912 10
803 1847 1176 1933 diligentem
1216 1847 1418 1913 faciat
1468 1855 1531 1911 et
1566 1846 1784 1913 facere
1827 1845 2021 1912 debet
2063 1845 2528 1926 executionem,
2573 1843 2693 1909 sub
2736 1866 2950 1932 poena
2973 1846 3361 1932 privationis
3400 1849 3645 1912 terciae

797 1948 1004 2034 partis
1049 1946 1150 2010 sui
1195 1944 1470 2028 sallarii,
1532 1953 1724 2031 prout
1766 1946 1835 2010 in
1877 1945 2178 2032 proximo
2234 1943 2507 2009 articulo
2563 1942 2776 2008 lucide
2833 1945 3198 2010 continetur
3259 1954 3324 2009 et
3375 1955 3474 2010 est
3528 1968 3640 2011 ex-

796 2066 1111 2132 pressum.

1397 2247 1497 2309 31.
1540 2259 1634 2306 nn
1676 2259 2126 2309 axncunonn
2170 2257 2445 2307 omma
2484 2256 3050 2306 PRAEDICTORUM.

961 2391 1284 2472 Quoniam
1342 2410 1575 2476 parum
1640 2387 1746 2453 vel
1830 2388 2031 2454 nichil
2099 2389 2463 2455 conducere
2532 2366 2823 2470 videtur,
2889 2388 2946 2452 si
3010 2387 3189 2475 leges
3263 2397 3331 2454 et
3399 2398 3647 2456 statuta

718 2501 778 2556 15
800 2491 1045 2580 absque
1088 2490 1469 2555 executione
1516 2487 1903 2569 condantur,
1949 2489 2281 2575 cupientes
2323 2487 2523 2571 igitur
2566 2484 2738 2549 hanc
2779 2494 3070 2553 nostram
3086 2536 3103 2569 ,
3160 2510 3381 2574 ymmo
3419 2492 3640 2555 verius

794 2590 1375 2655 illustrissimorum
1417 2588 1822 2654 dominorum
1867 2588 2265 2674 principum,
2323 2583 2629 2649 videlicet
2686 2584 2929 2649 domini
2970 2584 3226 2650 Alberti
3270 2595 3334 2651 et
3368 2588 3467 2652 sui
3508 2590 3642 2674 pri·

795 2688 1124 2775 mogeniti,
1165 2686 1409 2752 domini
1456 2685 1746 2771 Georgii,
1790 2684 2026 2749 ducum
2070 2683 2400 2749 Saxoniae
2443 2692 2560 2748 etc.
2605 2682 3019 2749 fundatorum
3073 2682 3283 2749 almae
3327 2686 3644 2752 universi·

794 2789 947 2853 tatis
992 2785 1190 2852 studii
1214 2784 1617 2871 Lipzcensis,
1662 2786 1731 2848 in
1759 2782 2056 2849 omnibus
2097 2783 2354 2869 punctis
2399 2791 2466 2846 et
2509 2781 2798 2846 articulis
2843 2781 3234 2869 supradictis
3278 2792 3342 2847 et
3368 2781 3533 2868 aliis,
3574 2786 3644 2851 in

794 2885 982 2950 libris
1036 2895 1421 2951 statutorum
1476 2882 1919 2950 universitatis
1973 2879 2188 2947 dictae
2242 2890 2305 2945 et
2345 2879 2671 2945 facultatis
2731 2881 2968 2946 artium
3024 2883 3379 2968 expressis,
3421 2884 3640 2949 incon·

714 2994 782 3052 20
802 3007 987 3050 cusse
1028 2982 1394 3066 observari,
1440 2982 1813 3048 ordinamus
1854 2990 2047 3068 atque
2094 2979 2433 3044 statuimus
2488 2980 2555 3044 in
2612 2979 2843 3045 horum
2900 2980 3184 3045 omnium
3240 2990 3304 3045 et
3363 2981 3641 3068 singulo·

794 3107 938 3149 rum
981 3092 1357 3148 executores
1402 3091 1676 3169 quatuor
1721 3078 2021 3143 doctores
2066 3087 2178 3142 aut
2231 3079 2613 3165 magistros,
2670 3077 2751 3143 de
2794 3076 3082 3167 qualibet
3122 3079 3384 3144 natione
3423 3104 3640 3198 unum,

792 3183 1152 3271 profectum
1214 3181 1660 3247 universitatis
1730 3177 1943 3243 dictae
1999 3175 2417 3264 diligentem,
2461 3200 2592 3243 una
2653 3200 2799 3242 cum
2863 3187 3119 3243 rectore
3161 3176 3451 3245 eiusdem
3504 3184 3641 3246 uni·

788 3283 1142 3348 versitatis.
1238 3279 1492 3360 Quibus
1550 3279 1941 3344 coniunctim
1995 3285 2061 3341 et
2113 3276 2373 3342 divisim
2429 3277 2499 3340 in
2557 3276 2854 3342 omnibus
2913 3276 3171 3364 punctis
3225 3286 3291 3343 et
3353 3279 3642 3345 articulis

797 3381 989 3447 dictis
1028 3377 1217 3444 nobis
1264 3376 1350 3442 ab
1391 3377 1752 3463 apostolica
1795 3375 1948 3442 sede
1992 3374 2388 3461 exequendi,
2451 3375 2729 3461 cogendi
2772 3398 2851 3442 ac
2893 3376 2963 3440 in
3002 3396 3250 3463 poenas
3293 3375 3678 3444 exedentes*

709 3491 777 3548 25
796 3477 1154 3566 recipiendi
1196 3485 1584 3563 potestatem
1629 3497 2003 3542 concessam
2048 3474 2409 3563 plenariam
2451 3473 2864 3540 concedimus
2893 3475 3347 3540 auctoritatem
3389 3484 3454 3541 et
3494 3476 3640 3542 sub-

793 3578 1166 3664 delegamus
1219 3597 1338 3662 per
1402 3584 1799 3662 praesentes.
1896 3574 2017 3656 At,
2080 3594 2164 3637 ne
2214 3571 2552 3657 pluralitas
2611 3571 2989 3659 plerumque
3054 3570 3284 3637 horum
3356 3576 3638 3640 omnium

791 3675 1156 3742 executioni
1197 3673 1447 3738 discors
1495 3674 1582 3737 sit
1622 3681 1688 3737 et
1727 3671 2187 3758 impedimento
2231 3672 2449 3757 sicque
2492 3670 2665 3759 quod
2718 3669 3013 3760 pluribus
3071 3674 3500 3738 committitur
3556 3674 3639 3740 ab

790 3774 1086 3842 omnibus
1126 3771 1404 3838 faciliter
1446 3770 1817 3857 negligatur
1837 3819 1855 3852 ,
1899 3769 2174 3856 ideoque
2218 3769 2288 3834 in
2333 3769 2648 3855 speciales
2689 3769 2921 3835 horum
2981 3769 3266 3836 omnium
3311 3780 3376 3837 et
3421 3774 3637 3858 singu-

788 3876 999 3941 lorum
1044 3881 1422 3937 executores
1465 3882 1529 3934 et
1569 3869 1902 3955 neglectae
1947 3869 2461 3934 conservationis
2502 3870 2920 3956 inquisitores
2962 3867 3340 3934 ordinamus
3385 3880 3450 3935 et
3490 3893 3640 3936 con-

707 3983 775 4039 30
796 3972 1151 4038 stituimus:
1220 3970 1547 4036 dominum
1606 3977 1923 4034 rectorem
1976 3969 2047 4032 in
2104 3967 2401 4032 omnibus
2465 3965 3130 4054 superintendentem,
3193 3970 3263 4033 in
3313 3968 3642 4056 theologia

787 4067 1091 4134 videlicet
1132 4080 1196 4134 et
1235 4067 1562 4133 medicina
1603 4068 1890 4131 seniores
1935 4064 2286 4131 earundem
2342 4066 2720 4132 facultatum
2774 4066 3144 4133 ordinarios
3192 4066 3504 4152 lectores,
3569 4072 3638 4136 in

795 4167 1077 4236 iuridica
1141 4168 1471 4234 dominum
1531 4165 1930 4231 ordinarium
1981 4187 2115 4229 una
2171 4185 2316 4228 cum
2380 4164 2525 4230 aliis
2582 4164 2957 4232 doctoribus
3012 4164 3231 4232 dictae
3290 4165 3640 4251 facultatis,

789 4277 1104 4357 quatenus
1148 4266 1245 4332 illi
1288 4264 1701 4351 singulariter
1742 4273 1806 4328 ct
1849 4262 2220 4350 specialiter
2263 4263 2383 4329 sub
2445 4264 2868 4330 conscienciis
2921 4287 3145 4332 eorum
3200 4264 3284 4330 de
3340 4267 3637 4333 omnibus

788 4377 851 4432 et
895 4365 1196 4452 singulis,
1240 4374 1313 4431 ut
1352 4383 1548 4453 quam
1591 4362 2083 4449 diligentissime
2125 4359 2587 4446 observentur,
2644 4364 2981 4451 requirant
3039 4374 3233 4451 atque
3286 4364 3638 4431 secundum

703 4475 770 4532 35
793 4474 1177 4530 statutorum
1220 4464 1710 4550 dispositionem
1750 4469 2053 4526 accurate
2096 4460 2660 4547 superintendant3
2704 4465 3056 4551 praecipue
3094 4464 3165 4528 in
3183 4462 3491 4529 facultate
3534 4486 3636 4529 ar-

782 4566 944 4629 tium
995 4562 1257 4628 easdem
1309 4563 1488 4626 vices
1549 4571 1696 4648 post
1735 4569 2055 4625 rectorem
2093 4560 2568 4642 universitatis,
2624 4562 2736 4648 qui
2776 4562 2847 4626 in
2889 4562 3186 4628 omnibus
3233 4563 3635 4649 superinten—

792 4662 944 4727 dere
988 4660 1183 4726 debet
1198 4710 1216 4743 ,
1259 4660 1512 4726 duobus
1557 4658 1922 4725 senioribus
1965 4657 2049 4723 de
2093 4657 2361 4723 consilio
2406 4656 2694 4724 eiusdem
2760 4660 3111 4727 sallariatis
3164 4661 3499 4745 magistris
3553 4661 3642 4727 ad

790 4763 995 4826 instar
1042 4760 1525 4847 praedictorum
1595 4760 1839 4823 seriose
1878 4758 2306 4843 iniungimus,
2370 4767 2441 4822 ut
2494 4767 2912 4844 statutorum,
2956 4759 3331 4825 facultatem
3391 4761 3633 4825 artium

786 4860 1222 4944 tangentium,
1265 4857 1442 4923 nullo
1486 4867 1679 4945 pacto
1725 4855 2114 4922 dissimilent
2152 4855 2297 4920 fieri
2337 4860 2953 4943 transgressionem,
3009 4859 3165 4946 quin
3215 4881 3371 4944 ymo
3415 4860 3641 4946 pocius

703 4968 771 5023 40
791 4957 1065 5023 aliorum
1110 4956 1458 5043 implorata
1499 4957 1869 5021 assistentia
1913 4953 2226 5020 decanum
2269 4955 2598 5021 facultatis
2638 4959 2876 5023 artium
2922 4957 3270 5043 diligenter
3306 4959 3646 5046 requirant

789 5078 868 5121 ac
910 5078 1029 5143 pro
1060 5077 1253 5142 posse
1296 5056 1382 5122 ad
1429 5056 1554 5121 hoc
1594 5052 2005 5141 compellant,
2049 5064 2119 5117 ut
2159 5056 2377 5120 omnia
2419 5056 2604 5121 iuxta
2643 5056 3006 5143 praefatam
3047 5056 3537 5144 dispositionem
3577 5067 3643 5123 et

790 5153 1261 5220 ordinationem
1306 5163 1462 5239 agat
1511 5154 1630 5219 sub
1679 5175 1890 5242 poena
1948 5155 2391 5241 suspensionis
2446 5153 2529 5219 ab
2586 5153 3032 5238 emolimentis,
3077 5157 3639 5243 quocienscunque

790 5253 874 5318 de
914 5252 1405 5318 dissimilatione
1423 5302 1442 5335 ,
1495 5252 1894 5340 negligentia
1934 5260 2046 5316 aut
2087 5254 2419 5317 contraria
2459 5252 2937 5319 machinatione
2990 5276 3109 5342 per
3160 5276 3278 5320 nos
3335 5262 3450 5319 aut
3490 5275 3639 5318 exe-
