4038 6358
857 606 976 673 522
1847 616 1949 669 Die
1988 617 2421 684 philosophische
2458 617 2712 672 Facnlfflt.

1500 817 1599 865 ΧΠ
1641 801 1949 887 poeticae,

1574 918 1596 963 1
1636 899 2018 983 rhetoricae,

857 1042 1014 1108 Post
1059 1045 1281 1109 merid.
1437 836 1474 1090 Ι
1544 1017 1594 1062 11
1635 999 2093 1066 elementorum
2137 998 2754 1082 mathematicorum,

1266 1069 1390 1112 lem
1511 1115 1588 1164 ΠΙ
1629 1099 2183 1186 interpretationis
2227 1115 2523 1165 autorum
2564 1101 2901 1186 utriusque
2942 1098 3228 1185 linguae,

772 1218 806 1271 5
1445 1101 1591 1338 '1111
1630 1198 2084 1265 Aristotelicae
2128 1199 2581 1287 explicationis
2642 1208 2706 1265 et
2771 1199 3236 1285 grammaticae
3300 1219 3569 1285 graecae
3622 1209 3687 1265 et

1636 1296 1896 1363 latinae.

1024 1444 1172 1509 Hac
1211 1445 1458 1510 ratione
1504 1444 1835 1514 doctrinae
1893 1449 2194 1536 publicae
2236 1451 2346 1537 qui
2398 1449 2720 1537 praesint,
2779 1446 3010 1513 iuditio
3053 1458 3117 1513 et
3171 1449 3489 1512 sententia
3528 1471 3684 1513 com·

860 1547 1036 1609 muni
1096 1543 1605 1628 designabuntur
1662 1557 1725 1613 et
1778 1551 2263 1631 constituentur,
2323 1558 2386 1613 et
2441 1549 2751 1634 suffragia
2806 1548 2963 1611 ferri
3021 1546 3350 1612 debebunt
3409 1547 3685 1635 diligenti

861 1644 1370 1710 consideratione
1428 1653 1491 1709 et
1550 1645 1725 1712 fideli
1784 1648 2014 1731 studio,
2074 1658 2157 1712 ut·
2206 1649 2434 1735 cuique
2493 1649 2715 1733 generi
2778 1647 2835 1710 is
2896 1646 3334 1733 praeficiatur,
3401 1650 3508 1736 qui
3556 1657 3614 1712 et
3651 1671 3688 1713 e

780 1753 844 1809 10
864 1744 1182 1830 dignitate
1238 1747 1709 1811 communitatis
1771 1749 2054 1812 maxime
2120 1757 2182 1812 et
2243 1770 2325 1812 ex
2390 1746 2667 1812 utilitate
2731 1745 3198 1833 discipulorum
3259 1769 3378 1813 suo
3442 1769 3687 1812 munere

857 1845 1190 1908 functurus
1263 1867 1403 1910 esse
1470 1845 1781 1910 videatur.
1862 1846 2170 1912 Decanus
2250 1857 2461 1912 autem
2537 1846 2994 1932 aequalitatem
3066 1846 3521 1932 suffragiorum
3579 1868 3687 1910 suo

861 1943 1143 2029 augebit.
1228 1944 1346 2010 Cui
1393 1945 1648 2030 quidem
1695 1968 1923 2010 munus
1977 1946 2235 2033 publice
2281 1946 2555 2012 docendi
2607 1947 2799 2010 fuerit
2839 1945 3188 2027 decretum,
3245 1945 3307 2009 ei
3348 1943 3474 2009 hoc
3516 1943 3690 2008 deca·

861 2065 981 2106 nus
1035 2045 1346 2109 accersito
1408 2043 1493 2108 ad
1551 2067 1620 2108 se
1679 2047 1948 2109 seorsim
2005 2045 2346 2111 mandabit
2400 2056 2463 2110 et
2518 2045 2963 2110 assiduitatem
3008 2053 3199 2131 atque
3242 2043 3499 2108 fidem'
3481 2067 3549 2108 in
3589 2043 3693 2108 do·

868 2142 1069 2208 cendo
1124 2142 1206 2207 ab
1270 2144 1414 2230 ipso
1483 2143 1929 2231 stipulabitur,
1996 2168 2192 2232 quam
2251 2147 2627 2233 promittere
2687 2145 2932 2210 decano
3012 2142 3204 2207 debet
3258 2144 3350 2224 is,
3410 2139 3539 2229 [15]
3589 2144 3695 2230 qui

787 2251 844 2305 15
865 2242 1255 2306 functionem
1297 2244 1591 2329 accipiet.
1656 2245 1802 2309 Non
1842 2245 2206 2310 movebitur
2250 2256 2463 2309 autem
2510 2268 2623 2310 suo
2665 2243 2808 2309 loeo
2855 2246 2992 2309 sine
3034 2242 3446 2329 gravissimis
3492 2242 3699 2306 causis

865 2337 976 2424 (de
1005 2340 1236 2427 quibus
1269 2344 1518 2408 consilii
1551 2342 1794 2430 publici
1828 2346 2108 2429 cognitio
2138 2345 2287 2425 erit)
2331 2346 2669 2442 quisquam
2713 2365 2796 2410 ex
2839 2343 3140 2430 publicae
3183 2342 3521 2407 doctrinae
3563 2363 3703 2429 pro·

857 2440 1231 2524 sessoribuS,
1277 2465 1483 2528 neque
1527 2445 1917 2529 permutatio
1962 2443 2197 2508 horum
2239 2444 2367 2508 fiet.

1023 2573 1128 2637 De
1186 2575 1524 2662 stipendiis
1578 2598 1731 2641 vero
1787 2588 1849 2641 et
1902 2575 2308 2641 mercedibus
2366 2576 2563 2641 nichil
2622 2585 2865 2663 potest,
2932 2572 3106 2662 quod
3158 2586 3549 2661 perpetuum
3605 2575 3704 2656 sit,

860 2672 1237 2759 praescribi,
1285 2697 1426 2738 cum
1458 2698 1587 2738 non
1620 2698 1872 2762 semper
1906 2675 2134 2740 eadem
2175 2697 2602 2761 personarum
2646 2676 2838 2762 copia
2885 2683 3207 2760 suppetat.
3273 2675 3465 2739 Nunc
3492 2685 3705 2738 tamen

774 2773 1277 2837 20constitutum
1323 2784 1452 2855 est,
1499 2783 1568 2837 ut
1608 2776 1938 2861 utriusque
1995 2775 2255 2861 linguae
2308 2776 2658 2861 professori
2717 2796 2885 2838 anno
2947 2795 3201 2861 quoque
3244 2773 3496 2861 pendat
3536 2796 3703 2838 com·

858 2873 1138 2935 munitas
1197 2874 1432 2936 artium
1497 2872 1634 2937 flor.
1700 2891 1847 2955 CCC,
1908 2874 2324 2940 Aristotelico
2389 2891 2507 2957 CL,
2569 2874 3021 2938 mathematico
3086 2890 3170 2937 οι
3227 2884 3292 2937 et
3346 2871 3695 2938 secundum

860 2970 1023 3035 haec
1061 2981 1318 3036 caetera
1362 2973 1684 3058 stipendia
1729 2974 1820 3037 sic
1867 2972 2121 3038 definiri
2160 2974 2284 3039 hoc
2319 2983 2610 3059 tempore
2654 2971 2917 3060 placuit,
2959 2970 3402 3036 mathematici
3432 2971 3697 3036 elemen-

863 3072 1015 3134 tarii
1056 3093 1301 3136 merces
1354 3095 1569 3136 annua
1623 3082 1695 3137 ut
1752 3073 1835 3136 sit
1891 3073 2031 3138 flor.
2078 3093 2190 3157 Lx,
2258 3072 2520 3160 physici
2563 3091 2622 3154 c,
2685 3071 2993 3136 rhetorici
3037 3087 3096 3153 C,
3165 3071 3407 3159 poetici
3452 3088 3516 3153 C,
3573 3068 3701 3133 dia·

863 3169 1076 3235 lectici
1117 3191 1181 3254 L,
1224 3171 1631 3258 grammatici
1672 3191 1783 3237 Lx.

778 3412 844 3468 25
945 3422 1039 3469 ΒΕ
1085 3422 1563 3471 SURROGANDIS
1605 3423 1676 3469 m
1717 3422 1900 3470 LOCA
1941 3422 2167 3471 VACUA
2214 3423 2556 3471 PUBLICAE
2597 3421 3003 3471 DOCTRINAE
3045 3419 3624 3470 PROFESSORIBUS.

1032 3552 1103 3617 Si
1161 3577 1243 3618 ex
1302 3553 1778 3640 professoribus
1840 3554 2073 3641 aliquis
2129 3553 2405 3619 docendi
2463 3576 2727 3618 munere
2796 3553 2921 3619 sibi
2978 3552 3286 3618 mandato
3341 3574 3471 3617 non
3530 3554 3697 3638 fungi

862 3652 1175 3739 amplius,
1232 3662 1297 3717 et
1351 3654 1452 3718 vel
1508 3654 1658 3719 hinc
1718 3652 2053 3718 discedere
2111 3653 2215 3718 vel
2272 3652 2402 3718 alia
2460 3652 2825 3718 conditione
2884 3653 2977 3717 uti
3023 3652 3332 3733 voluerit,
3393 3651 3697 3716 indicabit

861 3751 983 3816 hoc
1015 3751 1282 3835 decano,
1329 3762 1673 3838 antequam
1721 3752 2016 3834 decedat,
2066 3755 2320 3817 omnino
2351 3754 2680 3818 mensibus
2711 3752 2984 3835 duobus,
3029 3762 3098 3817 ut
3146 3762 3207 3815 et
3249 3751 3379 3839 ipsi
3421 3750 3695 3817 debitum

867 3852 1256 3938 stipendium
1299 3862 1471 3916 recte
1516 3852 1801 3938 persolvi
1845 3861 1908 3915 et
1953 3851 2033 3916 de
2079 3852 2280 3918 altero
2324 3851 2418 3916 illi
2469 3852 2846 3917 sufficiendo
2895 3850 3243 3916 deliberari
3286 3853 3510 3937 possit.
3578 3851 3698 3915 De·

786 3949 1061 4014 30betur
1105 3961 1317 4016 autem
1364 3952 1593 4039 cuique
1635 3951 2025 4039 stipendium
2087 3953 2224 4017 eius
2286 3953 2660 4034 trimestris,
2722 3975 2846 4039 quo
2909 3951 3239 4038 professor
3300 3950 3513 4015 adhuc
3567 3950 3691 4032 fuit,

870 4071 985 4113 seu
1014 4050 1183 4134 quod
1229 4052 1327 4114 sui
1372 4053 1653 4115 muneris
1699 4050 1912 4115 adhuc
1959 4072 2226 4137 compos
2272 4053 2505 4135 attigit.
2574 4048 2702 4138 [16]
2749 4052 2838 4117 Et
2877 4051 3022 4115 ideo
3067 4060 3217 4114 ante
3258 4050 3513 4115 initium
3555 4049 3690 4114 alte·

874 4150 1007 4213 rius
1052 4152 1412 4233 semestris,
1457 4150 1544 4215 ad
1603 4150 1775 4237 quod
1831 4150 2010 4215 locus
2058 4172 2301 4213 vacuus
2345 4173 2485 4215 esse
2528 4152 2831 4237 incipiat,
2875 4150 2998 4215 hoc
3040 4149 3353 4215 indicium
3398 4149 3479 4214 de
3518 4149 3689 4215 relin-

869 4248 1124 4334 quendo
1167 4248 1308 4314 loco
1352 4248 1688 4315 doctrinae
1728 4248 1872 4314 fieri
1916 4258 2189 4337 oportet.

1032 4381 1275 4446 Verum
1319 4384 1375 4447 si
1416 4406 1588 4448 mors
1634 4405 1716 4446 ex
1759 4381 2235 4468 professoribus
2297 4381 2573 4469 aliquem
2634 4381 2976 4448 abstulerit
3031 4391 3097 4447 et
3150 4383 3290 4447 eius
3342 4383 3688 4461 trimestris,

784 4489 846 4544 35
871 4504 993 4567 quo
1037 4491 1243 4545 morte
1285 4479 1392 4545 ille
1436 4480 1627 4563 obiit,
1689 4481 2084 4567 stipendium
2141 4483 2271 4568 ipsi
2327 4481 2615 4546 debitum
2654 4480 3041 4547 haeredibus
3086 4481 3221 4545 eius
3282 4481 3687 4568 persolvetur,

867 4594 930 4644 et
976 4579 1056 4645 de
1101 4602 1469 4645 successore
1528 4579 1870 4666 diligenter
1927 4580 2417 4645 consultabitur.
2502 4579 2787 4646 Dabitur
2831 4590 3044 4646 autern
3092 4602 3312 4666 opera,
3355 4590 3426 4645 ut
3465 4581 3688 4669 reperi-

868 4690 1060 4746 antur
1105 4680 1190 4744 ad
1232 4681 1539 4767 cuiusque
1579 4680 1999 4766 professionis
2056 4679 2419 4745 doctrinam
2472 4680 2706 4746 idonei.
2802 4680 3111 4744 Decanus
3155 4680 3374 4765 igitur,
3418 4681 3558 4745 sive
3597 4679 3689 4744 ali·

866 4781 1008 4869 quis
1039 4778 1205 4844 ultro
1238 4780 1675 4844 communitati
1720 4780 2230 4844 renunctiaverit
2275 4802 2539 4866 operam
2582 4779 2915 4844 doctrinae
2958 4798 3114 4843 suae
3156 4801 3271 4843 seu
3312 4790 3520 4845 morte
3564 4802 3687 4866 pro·

866 4880 1132 4944 sessoris
1199 4882 1492 4964 cognita,
1559 4879 1672 4944 ubi
1739 4880 2017 4966 primum
2082 4878 2414 4944 commode
2482 4880 2722 4966 poterit
2741 4926 2760 4958 ,
2824 4900 2904 4942 ea
2968 4878 3049 4943 de
3112 4901 3183 4943 re
3238 4878 3325 4944 ad
3372 4878 3687 4945 consilium

786 4989 853 5043 40
873 4976 1204 5065 publicum
1237 4979 1472 5043 referet
1497 4988 1796 5065 petetque
1825 4976 1909 5042 ab
1937 5000 2340 5065 unoquoque,
2380 4989 2451 5043 ut
2488 4980 2557 5043 in
2595 4998 2762 5043 novo
2802 4978 3168 5064 professore
3209 4976 3687 5043 demonstrando

869 5079 1326 5164 cogitationem
1358 5100 1540 5142 suam
1587 5078 1672 5143 ad
1716 5078 2098 5163 dignitatem
2144 5079 2618 5145 communitatis
2662 5090 2926 5142 nostrae
2969 5087 3033 5142 et
3077 5077 3547 5166 discipulorum
3588 5077 3685 5140 uti·

870 5177 1114 5242 litatem
1170 5178 1477 5242 conferat.
1579 5180 1723 5244 Non
1779 5179 2032 5243 differet
2088 5186 2305 5240 autem
2363 5200 2500 5241 rem
2556 5198 2765 5262 neque
2820 5175 3017 5240 ullam
3074 5178 3476 5242 occasionem
3533 5174 3687 5240 illam

872 5276 1252 5342 conficiendi
1280 5276 1582 5362 negliget,
1629 5277 2037 5363 studebitque
2063 5279 2234 5339 intra
2261 5278 2587 5340 trimestre
2627 5277 2706 5358 ei,
2751 5276 2861 5362 qui
2907 5275 3202 5359 decessit,
3243 5275 3517 5341 alterum
3561 5275 3686 5340 sub-
