4038 6358
1197 595 1395 645 Zweite
1424 595 1949 663 statutenredaction,
1987 612 2092 647 von
2125 596 2466 650 1436—1465.
3134 603 3246 666 341

451 814 574 878 77.
635 829 978 892 Quouono
1022 832 1395 883 PROMOTUS
1437 834 1509 882 m
1548 834 1707 883 ALIA
1750 835 2253 884 UNIVERSITATE
2292 835 2387 883 AD
2427 833 2892 886 FACULTATEM
2933 835 3195 884 ancum

1576 934 1823 983 Assum
1862 935 2114 984 DEBET.

566 1050 743 1117 Item
807 1049 889 1116 de
957 1057 1168 1115 cetero
1225 1050 1438 1117 nullus
1492 1052 1802 1138 magister
1853 1050 1957 1118 vel
2022 1051 2429 1118 baccalarius
2488 1050 2755 1117 alterius
2813 1050 3253 1115 universitatis

354 1158 777 1218 assumatur
833 1149 919 1216 ad
971 1149 1339 1217 facultatem
1401 1153 1668 1233 arcium,
1731 1152 1857 1216 nisi
1917 1149 2209 1218 docuerit
2269 1154 2748 1239 promocionem
2803 1174 2987 1216 suam
3048 1148 3252 1215 literis

358 1252 754 1316 autenticis
797 1273 953 1316 suae
993 1251 1433 1317 universitatis
1474 1250 1578 1316 vel
1624 1249 2015 1336 facultatis¹3
2073 1250 2178 1317 vel
2232 1250 2394 1317 duos
2437 1251 2786 1336 magistros
2829 1249 3085 1332 habeat,
3141 1252 3253 1338 qui
3300 1260 3334 1315 5

354 1372 505 1436 pro
557 1374 645 1416 eo
686 1350 1098 1434 fideiubeant,
1154 1361 1225 1417 ut
1268 1351 1431 1417 tales
1472 1351 1695 1417 literas
1740 1352 1913 1417 infra
1952 1350 2237 1417 medium
2279 1375 2520 1417 annum
2568 1349 2687 1415 sub
2732 1373 2944 1437 poena
2986 1351 3253 1437 periurii

356 1459 435 1514 et
482 1450 903 1517 exclusionis
946 1451 1231 1517 eiusdem
1271 1451 1642 1550 assumendi
1683 1460 2003 1538 apportet.

950 1622 1045 1685 78.
1087 1635 1181 1683 ns
1223 1635 1524 1684 Pncmm
1564 1635 1991 1684 mcum-Ans
2034 1636 2180 1686 non
2221 1634 2713 1683 ommam.

562 1753 734 1818 Item
790 1749 1033 1838 placet,
1092 1749 1265 1840 quod
1321 1750 1401 1817 de
1456 1751 1703 1818 cetero²
1759 1752 2039 1837 pecunia
2091 1749 2416 1816 facultatis
2471 1772 2600 1815 non
2657 1749 3074 1838 dilapidetur,
3135 1747 3249 1814 sed

365 1874 512 1938 pro
577 1851 765 1917 libris
810 1852 1098 1917 emendis
1139 1852 1246 1917 vel
1299 1850 1600 1917 censibus
1641 1850 2099 1939 comparandis
2140 1860 2205 1916 et
2243 1873 2362 1938 pro
2403 1851 2903 1916 conservacione
2947 1849 3333 1938 disputa-10

363 1952 607 2017 cionis
652 1952 1020 2019 ordinariae
1061 1951 1339 2018 fideliter
1382 1961 1813 2018 conservetur.

1007 2124 1103 2186 79.
1149 2137 1433 2198 QUANDO
1475 2135 1793 2185 memus
1837 2136 2165 2185 Tanarus
2205 2135 2647 2185 commum.

560 2251 727 2319 Item
768 2253 1000 2341 placet,
1044 2251 1213 2341 quod
1252 2255 1320 2318 in
1360 2262 1553 2318 antea
1591 2251 1873 2318 decanus
1915 2262 2067 2340 post
2105 2250 2298 2317 finem
2339 2253 2438 2318 sui
2475 2250 2827 2317 decanatus
2865 2251 3037 2317 infra
3074 2273 3244 2315 men-

372 2374 554 2436 sem,
618 2351 737 2418 sub
783 2375 997 2439 poena
1048 2355 1238 2419 unius
1295 2374 1661 2439 sexagenae
1704 2374 1935 2434 novae,
1992 2352 2352 2417 successori
2407 2375 2523 2417 suo
2576 2361 2641 2418 et
2690 2348 3241 2439 computatoribus

370 2451 726 2520 facultatis
771 2452 853 2519 de
891 2453 1218 2542 perceptis
1261 2462 1325 2518 et
1363 2452 1668 2539 expensis
1713 2474 1858 2516 cum
1901 2450 2132 2517 effectu
2170 2451 2371 2517 faciat
2409 2452 2743 2518 rationem.
3264 2458 3327 2514 15

1136 2642 1235 2707 80.
1281 2654 1472 2715 Quor
1514 2653 1796 2703 usnam·
1839 2653 2003 2703 assa·
2043 2654 2117 2702 m
2159 2653 2512 2704 couru‘ro.

1607 2789 1730 2852 Vgl.
1766 2803 1813 2839 a.
1849 2788 1924 2858 St.
1967 2790 2043 2841 18.

557 2921 719 2987 Item
762 2920 999 3009 placet,
1058 2919 1230 3007 qnod
1272 2930 1523 2987 tantum
1565 2944 1683 2987 sex
1734 2942 2050 3008 personae
2092 2921 2221 2987 sint
2261 2922 2329 2986 in
2372 2932 2674 3010 computo
2713 2920 3062 3003 facultatis,
3121 2919 3241 2984 sci·

378 3017 549 3086 licet
591 3043 798 3087 novus
841 3020 1124 3087 decanus
1169 3030 1234 3087 et
1275 3023 1576 3109 antiquus
1620 3029 1685 3087 et
1728 3021 1809 3086 de
1851 3019 2138 3108 qualibet
2177 3021 2449 3088 nacione
2488 3045 2676 3088 unus.

622 3210 720 3273 81·
764 3222 1049 3283 QUANDO
1093 3222 1405 3272 POSSUNT
1451 3223 1639 3272 FIERI
1684 3223 2031 3273 PROPINAE
2070 3224 2165 3272 DE
2209 3224 2528 3275 PEcmms
2567 3223 3018 3274 FAGULTATIS.
3255 3209 3324 3267 20

1557 3359 1677 3424 Vgl.
1717 3374 1765 3409 a.
1803 3360 1881 3412 St.
1919 3361 2001 3422 26,
2037 3362 2086 3411 7.

566 3487 770 3554 Item³
812 3488 1056 3577 placet,
1115 3489 1291 3578 quod
1334 3488 1617 3556 decanus
1660 3491 1730 3555 in
1780 3491 2350 3558 convocationibus
2401 3490 2724 3558 facultatis
2769 3513 2899 3556 non
2941 3489 3243 3576 propinet

392 3585 480 3652 de
520 3587 816 3675 pecuniis
860 3588 1185 3655 facultatis
1228 3590 1354 3655 nisi
1402 3599 1696 3678 tempore
1738 3613 1893 3655 suae
1947 3590 2289 3657 eleccionis
2345 3601 2408 3657 et
2459 3590 2850 3657 eleccionum
2910 3590 3239 3655 examina·

392 3695 610 3753 torum
664 3680 770 3775 [63
783 3684 836 3775 ⁸]
882 3696 947 3754 et
991 3690 1059 3754 in
1118 3688 1224 3754 die
1285 3691 1490 3756 sancti
1532 3688 1795 3775 Aegidii
1853 3690 1921 3754 in
1980 3692 2364 3777 recepcione
2408 3691 2911 3773 ordinariorum3
2968 3698 3032 3754 et
3083 3697 3237 3753 tunc

386 3810 521 3853 una
558 3789 704 3853 vice
744 3787 916 3854 ultra
956 3806 1055 3854 ΧΠ
1097 3811 1359 3875 grossos
1400 3812 1531 3855 non
1583 3798 1896 3877 exponat,
1957 3788 2077 3854 sub
2136 3812 2349 3878 poena
2406 3791 2705 3878 periurii3
2762 3798 2828 3854 et
2883 3811 3004 3876 pro
3058 3787 3232 3854 loca-
3251 3794 3319 3852 25

394 3888 581 3954 cione
618 3887 834 3954 fienda
874 3886 1117 3953 nullam
1160 3889 1500 3977 pecuniam
1545 3890 1761 3976 capiat
1798 3910 1919 3954 nec
1958 3898 2267 3973 reservet,
2312 3889 2432 3955 sub
2474 3888 2701 3956 eadem
2747 3911 2975 3977 poena

638 4074 734 4140 82.
797 4089 890 4137 nn
937 4088 1270 4139 s‘rA‘ro‘ns
1308 4091 1400 4139 ar
1441 4088 1819 4140 concnusm
1861 4089 1997 4139 rme
2035 4090 2370 4141 naemu
2412 4091 2980 4142 conscmmm.

1230 4192 1233 4193 ᾗ
1554 4226 1677 4292 Vgl.
1712 4243 1759 4278 a
1798 4226 1875 4305 st.
1910 4230 1993 4291 22,
2039 4229 2082 4280 1.

553 4354 715 4421 Item
758 4354 991 4443 placet,
1036 4357 1209 4446 quod
1249 4356 1517 4445 quilibet
1553 4357 1945 4426 decanorum
1986 4360 2311 4428 tenebitur
2353 4360 2613 4448 singula
2651 4360 2956 4428 conclusa
2996 4368 3063 4426 et
3104 4367 3230 4425 sta·

387 4462 526 4520 tuta
568 4455 995 4540 conscribere,
1038 4457 1344 4523 conclusa
1384 4457 1470 4523 ad
1509 4457 1747 4525 librum
1788 4462 2148 4548 papireum,
2191 4469 2435 4526 statuta
2476 4461 2561 4526 ad
2603 4460 2841 4527 librum
2879 4458 3315 4585 facultatis,30

388 4553 510 4620 sub
553 4555 913 4621 iuramento
959 4579 1095 4640 suo,
1139 4555 1314 4643 quod
1355 4558 1509 4623 fecit
1549 4558 1856 4628 facultati.

564 4824 585 4874 1
626 4819 736 4877 Am
757 4818 953 4875 Raude
986 4819 1061 4875 ist
1092 4818 1459 4893 hinzugefiigt
1479 4839 1587 4877 von
1621 4823 1851 4878 andei-er
1874 4822 2071 4879 Hand:
2104 4826 2193 4880 vel
2218 4842 2326 4896 per
2348 4826 2704 4880 iuramentum
2734 4842 2891 4880 amma
2922 4826 3231 4897 proprium,

383 4904 662 4959 silices-as
695 4905 997 4959 mamacas
1029 4912 1383 4975 conquererem-
1416 4907 2006 4977 haberomnpotont,
2045 4910 3099 4979 αάωεῆαόωἰρονεοηωηοεαόἰὶω,
3131 4911 3232 4980 qui

314 5066 322 5078 ἡ
388 4988 485 5042 suh
516 4988 636 5043 sais
672 4988 993 5042 iuramentis
1024 4990 1228 5053 dicant,
1263 4990 1424 5044 talem
1457 4991 1621 5059 [hicn
1655 4993 2029 5049 αεειοπιοπάιηη
2060 4994 2122 5046 in
2154 4995 2261 5048 tali
2293 4995 2475 5063 qradu
2507 5010 2619 5047 esee
2645 5001 2971 5064 promotum.

565 5092 599 5143 2
633 5086 894 5160 Anfangs
925 5089 1083 5145 hatte
1115 5090 1214 5147 der
1248 5088 1540 5146 Schreiber
1570 5091 1927 5162 geschrieben
1961 5093 2023 5146 in
2054 5100 2228 5149 antea.

559 5192 591 5243 3
626 5186 915 5244 Hieneben
942 5204 1030 5242 am
1053 5188 1275 5244 Raude:
1327 5191 1456 5247 Hoc
1475 5199 1728 5248 mactum
1750 5195 2156 5264 interpretatam
2174 5200 2265 5263 est,
2292 5194 2548 5250 videlicet
2570 5195 2669 5249 sub
2688 5195 2957 5249 decanatu
2977 5194 3233 5265 maistre

394 5269 661 5325 Iohannis
695 5270 986 5325 Ciu-lobeke
1020 5273 1090 5326 de
1126 5272 1336 5328 Swndis
1369 5272 1523 5346 (1465
1536 5277 1584 5349 a)
1619 5277 1680 5331 in
1712 5278 1857 5332 libro
1885 5278 2140 5348 papii-eo.
