4038 6358
794 617 917 684 278
1957 620 2071 671 Das
2106 618 2513 686 Emeneolleg.

793 806 893 863 ter
953 796 1343 886 multiplices
1406 798 1819 867 difficultates
1879 808 2030 867 sunt
2089 800 2582 868 accommodata
2594 849 2613 884 ,
2679 801 2884 867 cuivis
2951 808 3168 868 tamen
3206 802 3276 868 in
3311 801 3629 890 collegium

795 905 1097 984 cooptato
1125 948 1138 961 .
1162 947 1175 962 .
1197 947 1212 962 .
1231 948 1247 963 .
1279 920 1359 963 ea
1402 907 1576 965 esset
1613 901 1988 967 iurandum:
2031 923 2104 967 re
2141 900 2414 967 multum
2439 899 2680 989 diuque
2705 898 3084 984 deliberata,
3126 901 3431 989 perlectis
3467 912 3631 989 atque

795 994 1143 1082 diligenter
1180 998 1493 1084 expensis
1532 999 1699 1086 ipsis
1740 999 2073 1066 veteribus
2119 1002 2410 1085 statutis,
2461 999 2843 1066 fundatione
2885 1009 2952 1065 et
2990 999 3196 1066 literis
3249 1002 3633 1087 antiquis,et

795 1094 986 1162 simul
1026 1095 1456 1164 consideratis
1517 1096 1713 1185 longa
1752 1101 1884 1165 iam
1932 1099 2394 1166 consuetudine
2435 1100 2822 1165 introductis
2868 1110 2931 1164 et
2972 1099 3282 1165 obtentis.
3347 1099 3632 1167 indicavi·

708 1206 742 1262 5
794 1217 959 1277 mus,
1022 1216 1103 1260 ea
1162 1194 1450 1262 tollenda
1509 1219 1673 1282 esse,
1732 1221 1897 1284 quae
1948 1198 2054 1264 vel
2101 1195 2188 1287 [2]
2230 1200 2667 1266 conscientiae
2710 1199 2988 1286 aliquem
3032 1221 3341 1286 sex-upum
3399 1200 3634 1267 iniicere

791 1293 896 1360 vel
938 1293 1041 1359 his
1080 1296 1486 1382 temporibus
1526 1318 1657 1361 non
1699 1298 1856 1363 satis
1900 1319 2260 1384 congruere
2299 1297 2713 1364 videbantur.
3071 1315 3085 1331 ·

956 1392 1150 1458 Anno
1193 1395 1415 1478 itaque
1455 1394 1795 1462 millesimo
1841 1397 2357 1484 quingentesimo
2394 1398 2933 1485 quinquagesimo
2969 1407 3202 1463 octavo
3244 1405 3399 1484 post
3435 1407 3630 1463 natum

791 1494 859 1558 in
903 1493 1096 1557 terris
1138 1491 1344 1558 filium
1392 1494 1517 1577 dei,
1564 1494 1670 1559 die
1710 1494 1778 1561 S.
1820 1494 2145 1562 Matthaei
2188 1496 2487 1584 apostoli,
2546 1519 2689 1562 cum
2735 1497 3147 1586 praepositus
3189 1505 3368 1563 esset
3408 1494 3632 1583 collegii

791 1592 1001 1658 nostri
1068 1591 1463 1658 reverendus
1538 1615 1617 1658 ac
1686 1593 2088 1660 clarissimus
2150 1596 2276 1679 vir,
2350 1595 2649 1661 dominus
2715 1595 3250 1662 Bartholomaeus
3315 1592 3633 1660 Runbaum

716 1702 779 1758 10
795 1691 1169 1773 Iauravius',
1246 1714 1298 1759 s.
1370 1690 1739 1778 theologiae
1814 1692 2072 1776 doctor,
2158 1705 2514 1761 convocato
2587 1717 2707 1783 per
2775 1705 3066 1761 tenorem
3133 1703 3200 1758 et
3268 1703 3633 1779 congregato

795 1789 1096 1876 collegio,
1152 1790 1452 1856 omnibus
1511 1790 2062 1858 consentientibus
2126 1802 2191 1858 et
2241 1795 2500 1859 nemine
2561 1794 3048 1860 contradicente
3104 1791 3478 1859 conclusum
3531 1793 3634 1857 fuit

793 1901 860 1955 et
901 1889 1251 1973 decretum,
1293 1897 1368 1955 ut
1405 1891 1473 1955 in
1518 1900 1851 1978 posterum
1896 1913 2064 1979 quae
2103 1903 2461 1979 sequuntur
2507 1901 2752 1960 statuta
2797 1915 2838 1958 a
2867 1891 3156 1981 quolibet
3196 1891 3351 1957 huic
3390 1889 3635 1977 collegio

791 1987 1103 2055 obstricto
1147 2009 1267 2075 pro
1305 1989 1482 2055 virili
1525 1989 1972 2056 custodiantur
2023 2000 2092 2057 et
2130 1990 2578 2058 observentur.
2809 2031 2817 2050 ·

958 2088 1013 2153 1.
1057 2086 1617 2168 Quemadmodum
1659 2088 1973 2155 hactenus
2005 2090 2429 2157 observatum
2470 2092 2611 2175 fuit,
2655 2103 2729 2158 ut
2776 2092 3059 2179 quinque
3098 2087 3402 2174 magistri
3444 2086 3637 2153 Silesii

718 2195 778 2253 15
800 2188 869 2252 in
911 2186 1187 2273 collegio
1231 2188 1355 2252 isto
1417 2187 1704 2274 collegae
1748 2199 1965 2255 essent
2019 2199 2084 2254 et
2137 2209 2302 2254 unus
2343 2190 2688 2274 Prutenus,
2749 2187 2835 2279 [3]
2894 2190 3002 2278 qui
3059 2198 3279 2254 tamen
3330 2207 3417 2252 ex
3468 2186 3637 2252 bene·

793 2285 1080 2351 volentia
1123 2308 1379 2373 semper
1419 2297 1721 2374 receptus
1764 2298 1894 2353 est:
1964 2291 2061 2353 ita
2106 2289 2304 2355 etiam
2351 2288 2680 2376 deinceps,
2725 2290 2863 2354 sive
2903 2288 3012 2354 hic
3050 2287 3320 2376 Lipsiae
3364 2305 3637 2373 perman·

795 2386 953 2450 serit
1014 2383 1392 2470 collegium,
1410 2433 1423 2446 ι
1467 2387 1606 2451 sive
1666 2384 1796 2452 alio
1862 2387 1932 2450 in
1996 2387 2300 2455 Silesiam
2356 2387 2461 2453 vel
2524 2388 2834 2475 Pragam,
2877 2385 3229 2453 secundum
3290 2384 3639 2452 fundatoris

794 2482 1256 2567 liberalissimi,
1317 2482 1380 2548 d.
1434 2483 1740 2550 Iohannis
1784 2484 2044 2551 Ottonis
2090 2487 2170 2552 de
2209 2485 2689 2574 Monsterberg,
2747 2510 2796 2551 s.
2839 2485 3206 2571 theologiae
3247 2484 3639 2572 ‚professoris

795 2592 859 2647 et
900 2583 1097 2669 primi
1145 2583 1215 2648 in
1269 2582 1395 2649 hac
1450 2583 1790 2662 academia
1843 2587 2140 2668 rectoris,
2195 2585 2490 2651 ultimam
2532 2585 2933 2652 voluntatem
2971 2585 3170 2650 fuerit
3219 2583 3594 2649 translatum
3606 2586 3641 2666 ¹,

717 2690 784 2748 20
801 2680 1075 2747 eundem
1117 2703 1456 2747 numerum
1498 2679 1797 2748 volumus
1840 2686 2128 2749 retineri.

962 2780 1047 2846 Π.
1107 2779 1368 2846 Mortuo
1421 2791 1536 2846 aut
1594 2784 1968 2869 resignante
2025 2782 2265 2871 aliquo,
2321 2782 2557 2871 reliqui
2612 2780 2903 2868 collegae
2955 2781 3180 2848 liberis
3236 2791 3300 2846 et
3350 2779 3642 2868 legitimis

799 2879 1126 2965 suffragiis
1185 2878 1433 2966 eligant
1494 2879 1691 2968 alium
1752 2884 2137 2968 magistrum
2154 2933 2172 2964 ‚
2238 2904 2428 2969 quem
2481 2881 2770 2947 maxime
2825 2881 3129 2948 idoneum
3189 2902 3333 2946 esse
3389 2879 3641 2965 collegio

794 2978 1247 3061 iudicaverint,
1302 2979 1484 3044 cuius
1536 2982 1694 3064 vita,
1755 2980 2040 3046 studium
2087 2991 2156 3046 et
2205 3003 2419 3046 mores
2472 2981 2714 3067 integri
2768 2980 2899 3045 sint
2952 2989 3017 3045 et
3079 2977 3366 3066 probati,
3423 2979 3642 3066 quique

801 3086 1029 3143 contra
1072 3076 1327 3164 collegii
1368 3077 1702 3145 libertates
1740 3080 1904 3146 nihil
1945 3080 2295 3146 tentaverit
2336 3089 2449 3148 aut
2489 3079 2752 3145 molitus
2795 3083 2896 3145 sit.

709 3186 778 3245 25
961 3176 1076 3243 111.
1129 3176 1221 3242 Et
1260 3178 1329 3243 in
1372 3177 1488 3245 tali
1532 3175 1843 3246 electione
1897 3182 2313 3268 praepositus
2366 3182 2617 3269 primus
2660 3176 2746 3268 [4]
2790 3178 2969 3245 dicat
3023 3200 3206 3243 suam
3247 3177 3639 3259 sententiam,

794 3286 860 3342 et
899 3277 955 3341 si
997 3276 1309 3363 suffragia
1347 3278 1587 3344 fuerint
1639 3278 1958 3364 aequalia,
2005 3288 2393 3365 potestatem
2445 3278 2686 3346 habeat
2728 3277 3151 3358 decernendi3
3206 3277 3307 3341 sin
3353 3298 3507 3342 vero
3549 3277 3631 3340 in-

796 3373 1095 3461 aequalia
1136 3375 1393 3458 fuerint,
1433 3386 1729 3442 teneatur
1769 3400 1913 3442 eam
1958 3387 2233 3464 partem,
2281 3399 2448 3465 quae
2485 3380 2693 3444 vincit
2733 3398 3024 3458 numero,
3072 3373 3465 3462 approbare.

960 3472 1215 3553 Quodsi
1243 3476 1605 3561 contigerit,
1648 3486 1721 3540 ut
1748 3475 2073 3541 Prutenus
2114 3487 2252 3551 tum
2291 3478 2607 3564 temporis
2642 3477 2727 3541 sit
2768 3476 3201 3564 praepositus,
3241 3472 3418 3539 illius
3445 3475 3641 3538 vicem

793 3581 981 3659 gerat
1028 3595 1196 3637 unus
1239 3572 1633 3660 collegarum
1676 3597 1761 3640 ex
1804 3574 2078 3657 Silesiis,
2134 3596 2175 3640 a
2220 3573 2490 3660 collegio
2534 3574 2822 3660 legitime
2877 3573 3245 3660 deputatus,
3301 3585 3365 3639 et
3415 3574 3645 3661 praesit

713 3681 784 3737 30
802 3671 1115 3737 electioni.

959 3770 1106 3835 1111.
1153 3770 1298 3837 Sint
1326 3773 1520 3837 etiam
1564 3770 1835 3857 obligati
1877 3773 2167 3859 collegae
2207 3793 2432 3837 omnes
2475 3781 2541 3837 et
2581 3771 2840 3859 singuli,
2869 3781 2953 3835 ut
2993 3770 3077 3836 de
3119 3769 3441 3856 eligendo,
3485 3779 3645 3834 ante·

796 3892 994 3959 quam
1048 3870 1362 3956 suffragia
1413 3870 1736 3953 ferantur,
1813 3893 1979 3956 quae
2033 3870 2137 3936 vel
2201 3872 2333 3958 ipsi
2386 3872 2647 3957 cognita
2703 3869 2950 3936 habent
3001 3868 3106 3935 vel
3162 3892 3205 3934 a
3258 3869 3390 3935 fide
3447 3869 3646 3955 dignis

797 3978 1206 4056 acceperunt,
1250 3968 1555 4052 indicent,
1597 3992 1681 4035 ne
1721 3969 1857 4035 ulla
1893 3977 2048 4036 nota
2088 3969 2359 4056 collegio
2400 3971 2702 4035 inuratur
2745 3978 3016 4058 propter
3057 3969 3269 4034 minus
3314 3968 3645 4057 probatum

798 4067 1132 4153 collegam.
1213 4067 1303 4132 Et
1368 4069 1480 4156 qui
1542 4068 1790 4156 aliquid
1854 4068 2288 4134 eliminaverit
2350 4092 2435 4134 ex
2498 4070 2598 4150 iis,
2665 4088 2831 4155 quae
2889 4068 3059 4134 ultro
3123 4068 3419 4156 citroque
3483 4067 3648 4133 dicta

726 4176 794 4232 35
812 4168 1090 4248 fuerunt,
1133 4165 1403 4253 periurii
1444 4187 1596 4231 reus
1639 4177 1796 4249 esto,
1846 4169 1987 4233 sive
2029 4166 2349 4255 procedat
2389 4167 2617 4233 electio
2664 4169 2804 4232 sive
2843 4167 3331 4233 intermittatur.

961 4264 1040 4329 V.
1088 4262 1179 4352 [S.
1224 4262 1285 4351 5]
1334 4263 1465 4345 Qui
1505 4264 1748 4332 electus
1789 4277 1888 4332 est
1927 4267 1996 4331 in
2039 4267 2378 4353 collegam,
2435 4266 2698 4349 famulo,
2756 4289 2874 4353 per
2933 4287 3125 4354 quem
3177 4265 3267 4331 ad
3323 4264 3650 4351 collegium

796 4371 1089 4446 vocatur,
1134 4365 1351 4429 statim
1398 4362 1702 4430 exhibeat
1743 4365 1884 4431 flor.
1924 4366 2185 4431 rhenen.
2229 4375 2293 4430 et
2331 4388 2632 4453 grossum
2674 4376 3071 4452 argenteum.

1779 4548 2242 4597 mRAMEN'rtm
2284 4548 2656 4597 COOPTATI.

967 4658 1156 4747 „Ego
1201 4661 1300 4726 .N.
1344 4662 1511 4746 iuro,
1557 4662 1733 4752 quod
1775 4662 2112 4729 libertates
2168 4674 2235 4730 et
2287 4664 2624 4730 commoda
2679 4664 2963 4730 nationis
3018 4685 3201 4728 meae
3244 4660 3441 4727 velim
3493 4661 3651 4726 tueri

715 4774 783 4827 40
800 4782 879 4827 ac
921 4760 1271 4826 defendere
1331 4770 1397 4825 et
1440 4761 1693 4849 collegii
1738 4763 1926 4828 huius
1970 4763 2283 4828 utilitates
2335 4786 2576 4849 augere
2629 4786 2708 4828 ac
2759 4763 3120 4850 provehere
3169 4785 3290 4848 pro
3331 4760 3524 4843 virili,
3573 4758 3652 4825 ad

800 4881 1246 4948 quemcunque
1301 4869 1537 4926 statum
1591 4871 1703 4927 aut
1749 4862 2131 4948 dignitatem
2186 4883 2562 4948 pervenero.
2646 4861 2866 4950 Atque
2916 4864 3111 4928 etiam
3166 4884 3265 4943 ea,
3315 4882 3482 4948 quae
3531 4861 3652 4924 iam

801 4967 1043 5023 statuta
1085 4968 1234 5024 sunt
1281 4958 1384 5024 vel
1444 4959 1752 5047 deinceps
1806 4983 1926 5047 per
1974 4963 2292 5049 maiorem
2346 4960 2603 5048 collegii
2657 4970 2909 5050 partem
2955 4970 3318 5027 statuentur
3362 4968 3476 5024 aut
3516 4981 3652 5053 oon·

961 5195 981 5244 1
1027 5189 1173 5245 Dass
1209 5188 1360 5246 dieue
1384 5188 1736 5263 Auffassung
1769 5190 1951 5247 falsch
1985 5190 2077 5261 ist,
2112 5191 2215 5248 wie
2248 5190 2420 5248 sehon
2454 5191 2557 5246 das
2593 5191 2712 5248 hier
2747 5191 3083 5261 gebrauchte
3107 5193 3273 5248 Wort
3307 5188 3655 5246 himeichend

800 5272 1043 5341 bovem,
1078 5272 1222 5329 habe
1258 5272 1347 5330 ich
1384 5273 1525 5330 oben
1560 5274 1993 5347 nachgewiesen.
