4038 6358
1309 610 1412 660 Die
1451 610 1693 663 statuum
1730 625 1835 662 von
1876 610 2214 664 1432—1511.
3075 615 3198 680 Μ

320 809 488 874 gere
526 797 595 854 et
632 790 819 858 iuxta
879 790 1136 858 litterae
1198 792 1725 858 testamentariae
1786 790 2202 879 supradictae
2259 799 2547 857 tenorem
2561 839 2579 874 ,
2637 787 2741 878 [17
2756 788 2809 879 ⁸]
2865 790 2972 858 hic
3030 790 3202 860 infra

322 885 625 953 breviter
666 889 1016 975 signatum,
1061 890 1455 957 distribuere
1498 890 1713 973 habet,
1752 891 1875 958 hoc
1915 889 2141 957 modo:

496 987 631 1053 Pro
674 991 1132 1057 anniversario
1175 989 1539 1077 saepedicti
1586 990 1673 1056 D.
1718 990 1913 1057 Wilh.
1964 991 2145 1056 circa
2195 989 2432 1056 festum
2476 989 2612 1054 Viti
2666 987 2845 1076 apud
2901 998 3198 1056 sanctum

320 1085 644 1153 Paulum¹
687 1087 1076 1157 celebrando
1120 1098 1405 1176 exponet
1446 1093 1485 1154 9
1527 1088 1588 1154 fl.
1636 1112 1783 1156 cum
1838 1089 2076 1172 medio,
2130 1089 2213 1155 de
2257 1088 2490 1178 quibus
2536 1087 2799 1175 quidem
2840 1087 3025 1154 dabit
3065 1111 3194 1154 me·

324 1185 513 1251 dium
564 1186 886 1253 florenum
946 1189 1244 1303 patribus
1300 1183 1864 1275 praedicatoribus
1921 1189 2168 1255 ibidem
2188 1238 2206 1271 ,
2266 1190 2396 1275 qui,
2455 1188 2629 1253 facto
2683 1186 2879 1275 pulsu
2929 1196 3065 1253 tam
3117 1187 3205 1252 ad
3245 1200 3280 1253 5

325 1284 597 1370 vigilias
639 1309 839 1374 quam
880 1289 1136 1371 missas,
1176 1289 1489 1375 exequias
1533 1309 1713 1353 more
1753 1290 2030 1354 aliarum
2054 1288 2310 1374 collegii
2347 1287 2538 1352 huius
2569 1287 2991 1374 exequiarum
3018 1296 3194 1352 tene·

324 1383 512 1449 bunt.
593 1384 760 1450 Item
800 1409 943 1473 pro
966 1410 1037 1452 se
1078 1386 1253 1453 idem
1307 1388 1721 1474 praepositus
1774 1390 1964 1453 iuxta
2015 1387 2385 1452 testamenti
2427 1384 2929 1472 disposicionem
2965 1387 3198 1452 retine·

326 1482 432 1549 bit
470 1506 675 1549 unum
716 1483 1077 1551 florenum
1082 1488 1150 1551 in
1192 1508 1684 1573 recompensam
1742 1486 2030 1574 aliquam
2083 1485 2382 1552 laborum
2431 1482 2817 1550 collecturae
2870 1495 2935 1550 et
2987 1485 3202 1551 distri·

328 1580 635 1650 bucionis
677 1605 988 1649 censuum
1028 1584 1303 1652 illorum.
1347 1586 1453 1651 De
1495 1584 1642 1650 aliis
1686 1591 1724 1653 8
1749 1585 2015 1651 florenis
2062 1585 2338 1650 aliorum
2388 1583 2808 1668 collegiorum
2849 1586 3202 1669 magistris,

332 1680 417 1747 de
479 1703 665 1748 more
725 1686 976 1749 vocatis
1040 1695 1104 1749 et
1173 1683 1476 1749 facienda
1536 1684 1945 1767 facientibus,
2012 1684 2545 1750 distribucionem
2606 1684 2802 1748 faciet
2857 1683 3204 1770 unicuique
3227 1693 3288 1750 10

342 1786 415 1848 10
472 1804 853 1867 grossorum
911 1784 1353 1871 antiquorum,
1415 1781 1746 1848 residuum
1803 1794 2019 1850 autem
2075 1782 2157 1847 de
2217 1782 2316 1846 his
2376 1786 2413 1849 8
2471 1781 2732 1846 florenis
2790 1782 2958 1846 inter
3011 1781 3203 1847 huius

336 1879 596 1967 collegii
647 1882 999 1966 magistros
1054 1882 1406 1965 duntaxat,
1470 1893 1845 1969 praesentes
1889 1893 1953 1947 et
1992 1881 2296 1947 facienda
2347 1882 2533 1945 iuxta
2590 1901 2836 1946 morem
2893 1881 3203 1946 facientes

334 1975 436 2064 (se
477 1980 628 2067 ipso
656 1979 1073 2046 nihilominus
1119 1990 1594 2063 connumerato,
1639 1980 1793 2046 dum
1834 1980 2137 2046 facienda
2183 1979 2479 2045 similiter
2520 1976 2797 2065 fecerit),
2841 1978 3200 2068 aequaliter

334 2077 700 2144 distribuet.
814 2078 1067 2145 Eodem
1142 2081 1350 2146 eciam
1429 2079 1534 2144 die
1608 2079 1937 2167 expendet
2009 2080 2320 2146 florenum
2388 2102 2587 2144 unum
2657 2100 2778 2165 pro
2855 2080 3202 2145 refectione

342 2182 416 2243 12
460 2199 830 2265 pauperum
888 2180 1125 2267 emptis
1172 2179 1334 2245 cibis
1380 2188 1443 2243 et
1483 2180 1745 2266 potibus
1792 2179 2325 2266 competentibus,
2379 2199 2716 2265 quousque
2766 2177 3048 2244 florenus
3092 2176 3286 2243 ille1⁵

338 2298 406 2341 se
449 2276 804 2342 extendere
843 2288 1086 2364 potest,
1146 2278 1318 2345 datis
1358 2278 1440 2343 de
1484 2278 1710 2344 eodem
1753 2277 2082 2344 bibalibus
2125 2301 2278 2344 coco
2327 2286 2346 2344 1
2403 2293 2482 2360 qq.
2527 2287 2592 2342 et
2634 2275 2928 2342 similiter
2971 2298 3202 2364 procu·

338 2377 547 2440 ratori
597 2381 624 2441 1
661 2391 761 2461 φφ,
805 2378 915 2464 qui
956 2388 1345 2464 procurator
1385 2376 1472 2442 ad
1514 2379 1858 2466 coquinam
1900 2389 1963 2443 et
2008 2400 2302 2443 mensam
2344 2378 2410 2441 in
2439 2375 2712 2461 collegio
2744 2379 2837 2440 eis
2878 2377 3200 2442 instruen-

339 2473 493 2540 dam
549 2497 657 2540 res
713 2478 1119 2563 procurabit3
1180 2478 1291 2542 ubi
1351 2477 1406 2541 si
1461 2476 1619 2562 quid
1675 2475 1782 2541 vel
1839 2476 1969 2542 cibi
2010 2476 2116 2542 vel
2176 2477 2493 2564 pecuniae
2545 2476 2959 2563 superfuerit,
3017 2498 3202 2561 prae-

340 2576 593 2661 positus
654 2574 739 2639 ad
793 2599 1022 2641 manus
1078 2577 1351 2642 aliorum
1408 2596 1769 2661 pauperum
1826 2577 2046 2640 statim
2110 2575 2490 2658 distribuet3
2554 2573 2804 2639 cibaria
2863 2586 3076 2640 autem
3133 2575 3202 2638 in

339 2674 590 2759 popina
635 2671 892 2759 collegii
946 2676 1180 2741 intuitu
1240 2672 1505 2761 pietatis
1559 2685 1623 2738 et
1675 2673 1960 2739 defuncti
2015 2675 2286 2763 decoqui
2341 2675 2548 2761 gratis
2606 2674 3059 2755 concedantur,
3118 2672 3284 2738 de20

339 2773 519 2837 vasis
562 2782 779 2838 autem
822 2782 885 2836 et
921 2773 1316 2839 mensalibus
1360 2783 1425 2837 et
1463 2772 1659 2858 lignis
1703 2775 2120 2860 praepositus
2168 2772 2567 2860 providebit,
2631 2781 2695 2836 et
2737 2774 3012 2858 expensi
3052 2781 3201 2837 sunt

339 2872 408 2936 in
450 2872 826 2958 peractione
864 2882 928 2936 et
969 2872 1288 2939 dictorum
1332 2894 1691 2958 pauperum
1731 2873 2083 2939 resectione
2125 2872 2354 2937 floreni
2398 2870 2620 2936 decem
2660 2893 2810 2937 cum
2847 2872 3082 2938 medio.

510 2970 813 3036 Ceterum
866 2971 1164 3058 patribus
1217 2971 1660 3037 Benedictinis
1715 2972 2092 3037 monasterii
2151 2970 2215 3034 S.
2269 2970 2449 3035 Petri
2512 2993 2717 3058 prope
2775 2969 3201 3036 Merseburck

344 3069 533 3135 dabit
572 3068 748 3135 idem
800 3071 1214 3157 praepositus
1256 3094 1453 3137 unum
1504 3071 1841 3153 florenum,
1898 3079 2161 3156 recepto
2219 3067 2302 3134 ab
2358 3071 2451 3134 eis
2511 3071 2897 3152 testimoniO,
2952 3079 3199 3157 petens,

344 3167 521 3256 quod
565 3192 685 3257 pro
729 3167 1029 3236 defuncto
1077 3179 1141 3235 et
1184 3172 1318 3237 suis
1348 3169 1614 3257 vigilias
1660 3171 1904 3235 faciant
1943 3179 2007 3234 et
2053 3170 2305 3234 missas.
2349 3167 2738 3236 Monialibus
2783 3170 2990 3235 eciam
3033 3171 3190 3235 eius·
3217 3178 3284 3235 25

345 3268 493 3334 dem
539 3268 807 3352 ordinis,
862 3279 1051 3335 extra
1095 3292 1313 3335 muros
1356 3270 1645 3335 civitatis
1687 3268 1881 3335 huius
1922 3268 2283 3357 Lypsensis
2344 3268 2748 3354 degentibuS,
2807 3268 2991 3335 dabit
3032 3269 3095 3334 fl.
3117 3277 3199 3353 ⁷5,

345 3391 466 3456 pro
528 3390 652 3433 usu
715 3391 1009 3434 sororum
1070 3367 1380 3434 debilium
1444 3380 1559 3434 aut
1620 3369 2029 3434 infirmitorio
2094 3368 2433 3435 actualiter
2498 3367 3017 3434 decumbentium
3080 3393 3201 3435 nec

344 3468 535 3533 aliter
597 3467 717 3534 sub
778 3466 1183 3535 consciencia
1245 3468 1735 3555 expendendos,
1794 3467 1965 3534 unde
2030 3478 2094 3533 et
2157 3466 2530 3555 parcialitcr
2594 3467 2947 3534 secundum
3008 3492 3199 3535 casus

346 3575 760 3634 occurrentes
808 3567 1147 3653 pecuniam
1186 3570 1379 3633 istam
1436 3569 1853 3655 praepositus
1899 3568 2250 3633 earundem
2293 3567 2444 3634 dato
2491 3568 2900 3655 cyrographo
2942 3592 3064 3656 pro
3107 3571 3201 3635 eis

346 3667 657 3754 accipiet,
717 3688 909 3755 quae*
929 3675 994 3731 et
1030 3669 1216 3754 ipsae
1258 3675 1579 3754 petantur,
1622 3677 1695 3733 ut
1734 3669 1920 3732 iuxta
1963 3668 2328 3733 testamenti
2365 3667 2640 3733 formam
2681 3669 3286 3735 anniversarium30

349 3787 617 3832 servare
664 3760 767 3850 [17
780 3761 831 3851 b]
879 3787 1024 3831 cum
1070 3766 1315 3851 vigiliis
1359 3777 1425 3832 et
1468 3768 1685 3832 missis
1735 3766 1863 3832 sibi
1904 3767 2150 3832 faciant
2191 3776 2256 3831 et
2297 3788 2444 3831 eum
2485 3767 2846 3835 inscribant
2888 3778 3006 3832 etc.

511 3865 679 3929 Item
742 3864 813 3927 in
867 3866 1147 3950 patriam
1211 3865 1567 3953 saepedicti
1626 3868 1736 3953 pie
1798 3865 2084 3931 defuncti
2141 3865 2226 3933 D.
2279 3863 2495 3947 wilh„
2559 3865 2808 3933 scilicet
2870 3867 3201 3932 civitatem

351 3964 799 4030 Thornensem
839 3963 909 4028 in
944 3963 1213 4029 Prussia
1253 3968 1463 4047 sitam,
1515 3967 1725 4030 mittet
1763 3964 1935 4031 idem
1979 3966 2389 4051 praepositus
2434 3986 2580 4029 cum
2622 3966 2903 4031 sciencia
2943 3964 3200 4052 collegii

350 4070 430 4132 35
469 4062 554 4146 fl.‚
596 4062 749 4126 dum
793 4062 1217 4148 postulaverit
1260 4063 1558 4130 dominus
1600 4064 1912 4151 plebanus
1956 4086 2077 4149 pro
2123 4074 2412 4150 tempore
2456 4062 2697 4127 ibidem
2740 4067 3025 4131 existens
3068 4088 3201 4132 una

350 4186 501 4230 cum
542 4160 883 4229 consulatu
934 4162 1223 4251 eiusdem
1276 4165 1582 4246 civitatiS,
1640 4166 1843 4228 misso
1899 4162 2148 4229 scilicet
2206 4174 2382 4228 certo
2435 4162 2710 4229 nunccio
2768 4185 2916 4229 cum
2969 4186 3197 4231 eorun-
3218 4177 3286 4233 35

350 4261 503 4329 dem
565 4259 907 4327 sufficienti
964 4263 1416 4349 recognicione
1476 4273 1596 4328 etc.
1683 4262 1865 4343 Quos
1926 4261 2190 4350 quidem
2246 4261 2525 4328 florenos
2577 4263 2707 4349 ipsi
2767 4264 2953 4329 iuxta
3009 4274 3201 4331 testa-

350 4361 555 4427 menti
610 4359 817 4447 (quod
869 4383 1069 4448 penes
1125 4384 1196 4427 se
1242 4360 1593 4448 sigillatum
1648 4362 1891 4429 habent
1944 4372 2009 4426 et
2065 4369 2518 4448 acceptarunt)
2579 4372 2870 4429 tenorem
2926 4386 3046 4451 pro
3102 4367 3202 4431 sui

352 4459 681 4548 probitate
724 4458 1128 4526 distribuent.

518 4559 879 4625 Remanent
920 4569 1156 4642 autem,
1198 4559 1325 4626 hiis
1366 4560 1664 4628 omnibus
1709 4561 1803 4627 sic
1843 4560 2190 4647 expeditis,
2233 4560 2316 4626 de
2357 4560 2542 4628 totali
2582 4560 2918 4649 legacione
2943 4586 3063 4630 sua
3087 4564 3200 4630 ad-

350 4659 479 4727 huc
518 4666 596 4727 51
642 4658 891 4741 floreni,
946 4680 1105 4747 quos
1148 4661 1558 4747 praepositus
1597 4659 1922 4748 expendet
1957 4661 2028 4725 in
2071 4684 2227 4728 usus
2269 4661 2637 4728 studentum
2680 4685 2793 4728 seu
2835 4665 3200 4750 supposito·
3217 4675 3286 4731 40

350 4783 517 4843 rum,
566 4781 687 4846 per
730 4758 938 4826 dictos
990 4759 1055 4824 d.
1109 4758 1462 4846 plebanum
1499 4769 1565 4825 et
1618 4758 2023 4827 consulatum
2066 4760 2510 4826 Thornensem
2560 4761 3021 4826 mittendorum
3080 4763 3200 4829 sub

351 4856 619 4925 litterali
676 4859 1044 4925 testimonio
1095 4859 1183 4924 ad
1242 4859 1368 4925 hoc
1421 4868 1712 4926 nostrum
1765 4858 2088 4946 Lipsense
2151 4858 2452 4943 studium,
2512 4861 2625 4948 qui
2685 4859 2930 4925 scilicet
2993 4863 3201 4940 (iuxta

356 4957 529 5047 quod
574 4958 749 5023 canit
788 4964 1265 5036 testamentum)
1323 4959 1451 5024 sint
1504 4959 1757 5025 honesti
1802 4968 1865 5024 et
1922 4957 2149 5040 abiles,
2211 4981 2296 5023 ex
2349 4958 2535 5025 bonis
2590 4960 2840 5046 patruis
2882 4961 3053 5027 unde
3096 4962 3204 5030 hic

528 5197 552 5248 1
594 5192 709 5248 Am
745 5193 965 5249 Raude.
1025 5192 1329 5248 Translata
1362 5197 1441 5246 eet
1476 5191 1735 5261 peractio
1776 5189 1884 5244 illa
1930 5191 2014 5243 ad
2053 5198 2300 5246 sanctum
2331 5191 2646 5261 Nicolaum,
2689 5210 2754 5249 eo
2797 5197 2954 5265 quod
2979 5200 3205 5267 fratres

349 5274 2289 5348 praedieawrakocmodoemnaewaromzlongetdanawua.
2324 5280 2553 5334 σιὸθι
2589 5278 3004 5337 cinamomo.
