4038 6358
806 627 929 701 538
1795 637 1894 693 Dic
1939 641 2378 710 philosophialis
2418 642 2671 695 Facultat.

1880 895 2128 946 Zweito
2161 895 2590 961 Abtheilung.

808 1046 898 1139 [S.
939 1049 1081 1141 129]
1141 1072 1236 1121 ns
1278 1074 1575 1124 Asnmus
1619 1075 1948 1125 consen
1989 1077 2194 1143 nom,
2250 1078 2436 1138 QUAE
2485 1077 2663 1127 stmr
2721 1075 3071 1127 normas
3128 1075 3679 1151 commum-ns

1765 1166 1999 1224 s'runn
2044 1176 2382 1226 normann
2424 1178 2708 1227 An'rnm.

978 1287 1406 1355 Constructae
1447 1290 1706 1355 fuerunt
1754 1292 2198 1380 superioribus
2253 1296 2441 1360 annis
2489 1293 2685 1360 aedes
2728 1292 2925 1376 duae,
2973 1315 3250 1380 quarum
3289 1316 3495 1378 unae,
3546 1314 3673 1380 po·

727 1395 760 1450 5
815 1389 1017 1453 merio
1062 1389 1318 1453 vicinae
1336 1438 1355 1471 ,
1399 1388 1768 1469 absolutae,
1816 1390 2060 1457 alterae
2114 1392 2338 1458 urbem
2386 1416 2611 1459 versus
2670 1402 2843 1459 totae
2886 1391 3356 1459 exaedificatae
3398 1392 3673 1457 fuerunt

806 1486 1119 1574 impensis
1163 1488 1525 1576 sumptibus
1558 1511 1599 1553 a
1634 1492 2091 1557 communitate
2130 1492 2327 1557 studii
2368 1492 2688 1559 bonarum
2730 1494 2986 1575 artium,
3030 1494 3212 1558 cuius
3243 1491 3478 1557 ambae
3501 1491 3670 1556 illae

809 1587 1118 1674 propriae
1163 1599 1309 1653 sunt
1353 1611 1496 1652 cum
1541 1610 1616 1652 eo
1660 1591 1800 1654 iure
1842 1592 2065 1676 eisque
2106 1591 2490 1679 privilegiis,
2535 1592 2769 1680 quibus
2801 1603 3094 1658 caeterae
3122 1591 3317 1657 aedes
3350 1590 3669 1679 publicae

813 1684 1232 1772 collegiorum
1297 1688 1688 1752 muniuntur.
1775 1689 1986 1770 Quam
2041 1692 2507 1779 proprietatem
2564 1703 2629 1758 et
2684 1692 3161 1780 possessionem
3218 1689 3675 1756 illustrissima

810 1783 1452 1852 clementissimorum
1496 1788 1862 1875 principum
1918 1791 2232 1856 autoritas
2288 1792 2753 1879 benignissime
2809 1791 3231 1857 confirmavit.
3314 1789 3462 1854 Has
3506 1788 3669 1853 alie·

734 1890 796 1944 10
818 1885 961 1946 nari
1004 1907 1132 1950 non
1171 1885 1357 1968 licet,
1403 1886 1608 1975 deque
1651 1887 1774 1953 hoc
1815 1887 2348 1956 deliberationem
2402 1893 2647 1980 suscipi
2704 1891 3185 1978 sententiasque
3228 1889 3359 1955 dici
3404 1898 3669 1954 veteres

811 2004 1036 2049 severe
1079 1985 1550 2072 prohibuerunt
1592 1997 1655 2053 et
1697 2010 1816 2052 nos
1855 1987 2257 2076 prohibitum
2299 2013 2442 2056 esse
2484 1990 2800 2057 volumus.

1270 2205 1365 2253 DE
1408 2204 1803 2255 CURATIONE
1845 2207 2087 2257 HARUM
2128 2209 2398 2257 AEDIUM
2438 2209 2530 2256 ΕΤ
2574 2206 3181 2256 ΗΔΒῙΤΑΤΙΟΝΙΒΠΒ.

974 2313 1064 2405 [S.
1089 2316 1228 2407 130]
1272 2320 1398 2386 His
1439 2320 1714 2387 aedibus
1757 2322 2074 2389 ambabus
2115 2325 2210 2389 ita
2250 2324 2585 2405 extructis,
2628 2332 2701 2388 ut
2741 2321 2827 2387 ab
2855 2323 3247 2409 optimarum
3277 2320 3660 2409 disciplina-

811 2437 956 2481 rum
988 2417 1294 2484 studiosis
1322 2420 1656 2487 commode
1682 2422 2069 2505 incolantur,
2112 2422 2573 2511 dispositisque
2616 2421 3093 2488 habitationum
3133 2420 3558 2486 conclavibus
3599 2430 3665 2485 et

725 2521 786 2577 15
807 2513 953 2581 aliis
995 2515 1156 2583 locis
1199 2521 1570 2585 tractationi
1614 2522 1974 2588 studiorum
2014 2531 2382 2588 nostrorum
2429 2521 2966 2589 accommodatis:
3013 2531 3162 2586 ante
3212 2521 3435 2585 omnia
3482 2518 3661 2584 vide·

804 2612 902 2678 bit
941 2617 1251 2706 cuiusque
1293 2622 1623 2686 semestris
1668 2620 1976 2703 decanus,
2021 2631 2097 2687 ut
2138 2623 2387 2687 curatio
2431 2622 2688 2688 aedium
2732 2631 2796 2686 et
2835 2620 2972 2686 lata
3012 2620 3210 2686 alicui
3250 2620 3372 2702 sit,
3412 2627 3481 2684 et
3518 2642 3658 2684 mu-

810 2736 932 2778 nus
958 2713 1134 2783 illius
1170 2718 1513 2805 diligenter
1544 2720 1835 2786 obeatur.
1898 2721 2110 2786 Huius
2139 2722 2422 2787 officium
2453 2730 2553 2787 est
2582 2720 2801 2787 locare
2842 2719 3278 2785 habitationes
3323 2719 3661 2804 magistris

809 2814 1318 2901 scholasticisve,
1358 2821 1469 2908 qui
1513 2819 1876 2885 conducere
1920 2820 2280 2905 voluerint,
2325 2821 2495 2887 unde
2534 2821 2887 2887 locatorem
2930 2819 3103 2884 hunc
3157 2817 3404 2905 placuit
3460 2817 3664 2885 nomi·

806 2915 969 2978 nari.
1052 2915 1128 2981 In
1173 2916 1296 2982 hoc
1336 2916 1613 3004 legendo
1660 2921 1893 2985 seriem
1935 2921 2272 2986 nationum
2317 2921 2569 2986 servari
2612 2920 2893 3008 placuit,
2936 2927 3011 2984 ut
3052 2919 3266 3005 prima
3321 2925 3498 2983 esset
3537 2915 3660 2981 Po·

723 3011 1041 3098 2olonica,
1087 3017 1373 3082 secunda
1416 3017 1765 3102 Saxonica,
1806 3019 2136 3085 Bavarica
2178 3021 2404 3103 tertia,
2453 3016 2801 3084 Misnensis
2847 3027 3111 3103 quarta,
3173 3016 3401 3081 electio
3448 3028 3663 3081 autem

805 3114 928 3178 erit
969 3114 1224 3182 consilii
1267 3119 1744 3184 communitatis
1771 3117 2036 3207 publici,
2081 3119 2272 3208 quod,
2318 3121 2566 3208 quoties
2609 3141 2713 3186 res
2755 3116 3129 3206 postulabit,
3171 3116 3530 3184 locatorem
3574 3137 3657 3181 ex

805 3216 1137 3300 magistris
1181 3217 1318 3281 eius
1362 3219 1664 3301 nationis,
1711 3219 1797 3288 ad
1842 3242 2040 3308 quam
2082 3221 2284 3285 series
2337 3221 2637 3308 exposita
2696 3220 3100 3307 pervenerit,
3158 3216 3392 3303 eliget,
3435 3237 3656 3301 quem-

805 3335 1057 3401 cunque
1092 3316 1303 3381 visum
1348 3317 1555 3382 fuerit.
1638 3318 1801 3383 Eius
1846 3318 2152 3385 locatoris
2197 3328 2295 3383 est
2333 3329 2673 3405 praestare
2695 3366 2713 3400 ‚
2757 3339 2840 3383 ne
2880 3316 2965 3383 ab
3007 3316 3341 3402 inquilinis
3386 3314 3660 3380 aedibus

814 3413 1071 3500 collegii
1115 3414 1424 3482 damnum
1465 3417 1673 3499 detur,
1728 3440 1892 3483 neve
1935 3417 2193 3484 illorum
2246 3418 2662 3504 improbitate
2704 3418 3065 3503 ignominia
3110 3415 3330 3504 aliqua
3373 3424 3489 3480 aut
3530 3423 3661 3479 tur-

722 3512 1123 3599 25pitudinis
1170 3512 1340 3604 [131]
1384 3527 1539 3583 nota
1596 3528 2018 3604 aspergatur3
2076 3540 2158 3583 ne
2212 3519 2316 3582 cui
2372 3516 2440 3583 hi
2499 3518 2785 3583 omnium
2842 3515 3127 3598 molesti,
3184 3514 3384 3580 multo
3449 3514 3664 3579 minus

806 3612 1107 3679 iniuriosi
1154 3615 1312 3698 sint3
1375 3639 1501 3680 neu
1543 3617 1947 3704 proiiciendo
1989 3615 2491 3698 effundendove,
2536 3615 2710 3702 quod
2751 3615 3017 3680 foedum
3057 3616 3172 3697 sit,
3228 3612 3395 3679 ullas
3437 3623 3664 3701 partes

810 3711 1070 3777 aedium
1110 3714 1485 3800 inquinent3
1545 3715 1852 3804 denique,
1898 3718 1992 3782 ita
2031 3739 2101 3782 se
2145 3737 2364 3783 omnes
2412 3714 2777 3803 singulique
2818 3724 2892 3779 ut
2930 3722 3193 3801 gerant,
3247 3713 3664 3802 quemadmo-

811 3810 963 3875 dum
1010 3812 1335 3880 studiosos
1371 3817 1632 3881 virtutis
1686 3816 2131 3902 bonarumque
2184 3815 2546 3880 litterarum
2593 3823 2657 3879 et
2702 3817 2937 3880 artium
2992 3835 3115 3901 par
3170 3823 3269 3878 est
3321 3835 3403 3878 ac
3456 3813 3664 3877 decet.

806 3909 1083 3977 Curabit
1137 3914 1332 3979 etiam
1389 3914 1649 3980 aedium
1699 3915 1872 3979 fores
1927 3914 2324 3981 claudendas
2382 3913 2919 4002 aperiendaeque,
2975 3923 3109 3978 tam
3161 3921 3412 3977 aestate
3468 3935 3664 4000 quam

726 4017 795 4074 30
815 4010 1025 4075 hieme
1040 4059 1058 4093 ‚
1104 4034 1180 4077 eo
1226 4023 1549 4101 tempore,
1603 4036 1732 4101 quo
1786 4026 2131 4101 utrumque
2191 4015 2331 4080 fieri
2391 4013 2599 4079 debet.
2700 4012 2835 4079 Ubi
2892 4010 3152 4077 clausae
3200 4012 3476 4096 fuerint,
3534 4034 3665 4078 non

808 4111 1182 4196 aperientur
1224 4123 1373 4178 ante
1420 4115 1838 4179 constitutum
1878 4123 2135 4199 tempus
2179 4113 2265 4178 ad
2310 4112 2499 4179 ullius
2545 4113 2919 4194 arbitrium,
2962 4112 3090 4176 nisi
3132 4110 3399 4199 publica
3440 4112 3660 4199 priva-

807 4219 958 4274 tave
999 4211 1346 4278 manifesta
1387 4215 1743 4279 necessitas
1786 4212 1910 4278 hoc
1952 4212 2400 4300 postulaverit.

971 4310 1048 4375 In
1088 4309 1381 4377 locandis
1420 4311 1839 4380 conclavibus
1885 4312 2359 4378 habitationum
2406 4311 2651 4399 placuit
2693 4311 2817 4376 hoc
2864 4311 3137 4394 servari,
3180 4319 3252 4375 ut
3296 4308 3657 4376 conducere

807 4408 1073 4497 aliquod
1114 4409 1339 4476 volens
1384 4413 1775 4498 optimarum
1820 4411 2057 4477 artium
2098 4413 2430 4498 magister,
2473 4410 2625 4475 huic
2667 4409 2827 4475 illud
2869 4432 3031 4498 prae
3070 4411 3345 4476 caeteris
3386 4408 3654 4475 locetur.

722 4517 788 4575 35
814 4508 945 4574 Sed
990 4512 1353 4597 quicunque
1394 4511 1798 4592 conduxerit,
1842 4510 1926 4576 ab
1972 4533 2047 4576 eo
2090 4512 2317 4598 pensio
2363 4533 2476 4575 seu
2518 4531 2764 4574 merces
2809 4509 3231 4576 habitationis
3276 4531 3318 4575 a
3358 4518 3657 4574 curatore

808 4619 907 4673 est
949 4609 1291 4694 exigenda.
1371 4609 1536 4678 Sunt
1581 4621 1796 4677 autem
1841 4608 2245 4695 singularum
2286 4610 2756 4675 habitationum
2803 4607 3105 4674 definitae
3147 4608 3506 4674 mercedes.
3570 4606 3658 4671 Et

802 4707 922 4772 has
946 4707 1205 4773 locandi
1249 4710 1350 4773 ius
1392 4732 1580 4775 omne
1623 4719 1687 4775 et
1728 4718 2114 4796 potestatem
2157 4708 2354 4775 habet
2393 4710 2471 4791 is,
2517 4709 2631 4796 qui
2672 4730 2754 4772 ex
2799 4730 2896 4789 e0,
2941 4718 3012 4773 ut
3054 4708 3298 4778 dictum
3340 4717 3459 4790 est,
3482 4702 3654 4793 [132]

802 4805 1050 4872 locator
1091 4817 1382 4891 vocatur,
1429 4810 1538 4896 qui
1580 4818 1644 4874 et
1684 4807 2014 4874 mercedes
2059 4810 2325 4895 exigere
2370 4820 2433 4874 et
2486 4807 2572 4873 ad
2634 4830 2704 4873 se
2759 4808 3053 4894 recipere
3106 4807 3300 4873 debet
3352 4816 3418 4871 et
3469 4817 3653 4873 cura·

804 4907 1000 4972 tionis
1042 4909 1388 4973 universae
1432 4931 1588 4975 suae
1630 4912 1945 4974 rationem
1987 4911 2395 4996 praescripto
2442 4907 2547 4974 die
2586 4906 2863 4973 reddere
2907 4916 2972 4971 et
3010 4907 3353 4994 pecuniam
3395 4926 3655 4993 reprae-

719 5015 788 5071 40
811 5017 1067 5072 sentare
1130 5008 1451 5093 integram
1519 5019 1583 5073 et
1650 5009 1788 5073 sine
1859 5007 2262 5073 detrimenta
2382 5008 2552 5073 Nam
2617 5016 2690 5071 ut
2752 5005 3011 5073 locandi
3086 5008 3296 5072 omnis
3363 5016 3655 5093 potestas

804 5128 1005 5192 penes
1057 5105 1227 5170 hunc
1288 5117 1417 5191 est,
1466 5109 1562 5173 sic
1601 5107 1960 5195 periculum
2003 5129 2259 5195 quoque
2302 5106 2386 5172 ad
2432 5105 2707 5171 eundem
2750 5107 3062 5194 pertinet,
3107 5115 3181 5170 ut
3220 5105 3376 5192 ipsi,
3420 5103 3654 5192 quibus

804 5202 992 5285 locet,
1036 5203 1579 5272 considerandum
1627 5208 1731 5271 sit.
1800 5206 1987 5272 Istud
2029 5229 2281 5288 munus,
2328 5207 2381 5271 si
2424 5207 2502 5289 is,
2545 5206 2650 5270 cui
2695 5204 3072 5270 mandatum
3110 5205 3249 5287 fuit,
3293 5203 3535 5269 diutius
3580 5225 3653 5268 eo

804 5304 988 5389 fungi
1030 5305 1285 5391 cupiat,
1325 5307 1456 5392 peti
1501 5304 1695 5371 debet
1749 5328 1970 5371 coram
2027 5304 2299 5372 consilio
2355 5304 2657 5393 publico,
2699 5315 2772 5370 ut
2826 5304 2948 5370 hoc
3002 5303 3416 5386 concedatur,
3453 5302 3657 5390 idque
