4038 6358
1129 600 1240 651 Das
1273 600 1675 665 Frauencolieg.
1715 598 2128 665 Monstorberg’s
2167 602 2485 653 Testament.
3106 599 3229 667 265

242 992 329 1059 C.
379 994 624 1062 DAS
661 998 1456 1086 F'RAUENC'OLLEG,
1489 1002 2023 1075 COLLEGIUM
2050 1006 2416 1073 BEATAE
2446 1006 2791 1075 MARIAE
2819 1006 3228 1074 VIRGINIS.

1171 1172 1212 1223 1.
1269 1169 1558 1225 AUSZUG
1591 1176 1732 1227 Ans
1771 1176 1926 1229 DEM
1961 1176 2453 1229 TESTAMENTE

1008 1253 1146 1305 DES
1181 1252 1548 1307 IOHANNES
1583 1256 1900 1311 OT'roms
1937 1260 2035 1311 DE
2070 1259 2617 1320 MONSTERBERQ

1394 1392 1616 1443 eroffnet
1648 1408 1734 1443 nm
1771 1396 1819 1445 7.
1855 1393 2008 1457 April
2052 1394 2225 1447 1416.¹

529 1581 556 1597 .
617 1582 644 1599 .
703 1583 728 1599 .
773 1582 792 1601 .
835 1535 1274 1624 Praescriptis
1317 1546 1534 1603 autem
1590 1537 1845 1608 duobus
1899 1540 2307 1628 presbyteris
2347 1542 2640 1624 mortuis,
2696 1538 2947 1605 scilicet
2982 1540 3229 1605 Ioanne
3277 1548 3311 1603 5

258 1628 784 1719 Carpentarii
830 1644 896 1699 et
937 1632 1207 1700 Nicolao
1249 1632 1578 1721 Warrich,
1637 1650 1876 1705 extunc
1925 1639 2081 1705 illae
2122 1662 2360 1708 novem
2412 1662 2673 1705 marcae
2715 1638 2955 1705 debent
2999 1639 3223 1703 venire

263 1751 408 1815 pro
445 1728 793 1819 collegio
820 1755 991 1801 novo
1033 1733 1388 1819 fundando,
1429 1759 1549 1823 pro
1592 1740 1776 1805 cuius
1815 1738 2197 1806 fundatione
2237 1741 2500 1825 assigno
2530 1740 2769 1821 omnia,
2810 1760 2979 1826 quae
3020 1736 3231 1803 habeo

263 1828 348 1893 in
389 1839 796 1917 potestate
844 1854 1010 1916 mea,
1064 1834 1204 1899 sive
1246 1835 1377 1899 sint
1417 1835 1576 1901 mihi
1629 1840 1921 1926 propria,
1974 1840 2113 1904 sive
2154 1840 2410 1905 nomine
2455 1838 2823 1904 testamenti
2877 1837 3233 1925 assignata,

276 1938 350 1992 et
401 1932 868 2018 praesertim
911 1954 1133 1999 omnes
1175 1933 1470 2000 redditus
1513 1945 1865 2024 perpetuos
1907 1948 1972 2003 et
2016 1939 2457 2025 reemptionis,
2500 1960 2664 2025 quos
2704 1935 2914 2001 habeo
2958 1938 3029 2001 in
3069 1936 3231 2003 villa

277 2026 516 2094 Tintz
571 2052 815 2119 prope
849 2031 1112 2118 Lignitz
1153 2042 1216 2097 et
1255 2034 1324 2098 in
1363 2056 1444 2099 ac
1501 2057 1710 2123 prope
1749 2035 2207 2124 Monsterberg
2250 2047 2365 2103 aut
2418 2035 2789 2124 ubicunque
2840 2036 3065 2119 fuerit,
3121 2034 3230 2101 de-
3254 2046 3317 2101 10

285 2127 540 2195 ductis
599 2140 842 2197 tamen
886 2132 1070 2217 prius
1111 2132 1180 2197 in
1223 2133 1524 2199 effectum
1566 2135 1868 2223 superius
1911 2140 2267 2225 expressis.

485 2244 590 2311 In
663 2246 794 2313 hoc
852 2257 1068 2313 autem
1125 2246 1398 2337 collegio
1455 2248 1695 2317 debent
1747 2274 1890 2317 esse
1945 2261 1984 2321 4
2040 2254 2339 2339 magistri
2403 2252 2485 2317 de
2544 2251 2762 2317 Slezia
2816 2250 2921 2315 vel
2982 2249 3225 2338 plures,

297 2354 682 2434 quotquot
747 2348 1036 2433 poterint
1098 2347 1400 2413 salariari
1460 2348 1542 2415 de
1603 2348 1972 2417 redditibus
2037 2354 2219 2433 meis,
2282 2353 2378 2416 sic
2443 2349 2617 2439 quod
2677 2347 2949 2437 quilibet
3006 2370 3233 2415 eorum

301 2442 598 2511 habeat
659 2446 996 2511 annuatim
1053 2467 1172 2511 sex
1227 2469 1486 2513 marcas
1539 2471 1870 2516 censuum.
1956 2449 2251 2532 Quorum
2306 2453 2553 2538 primus
2597 2450 2683 2515 sit
2721 2447 2994 2514 Ioannes
3039 2448 3231 2513 Now-

305 2545 490 2627 nitz,
563 2546 636 2611 si
697 2544 1192 2632 promovebitur
1231 2548 1304 2611 in
1343 2548 1760 2633 magistrum3
1817 2550 2143 2615 secundus
2198 2552 2287 2617 sit
2336 2552 2651 2637 magister
2686 2547 3093 2633 Augustinus
3148 2546 3229 2612 de
3254 2556 3317 2612 15

311 2642 863 2731 Moneterberg3
923 2646 1156 2711 tertius
1201 2647 1286 2711 sit
1327 2648 1640 2731 magister
1679 2647 1992 2714 Matthias
2036 2648 2119 2715 de
2158 2650 2493 2736 Haynaw3
2548 2657 2817 2735 quartus
2856 2647 2943 2711 sit
2984 2646 3232 2732 Grego-

315 2743 476 2809 rius
525 2742 930 2830 Weynrich‚
991 2745 1048 2809 si
1107 2744 1599 2830 promovebitur
1643 2749 1714 2813 in
1754 2750 2165 2835 magistrum.
2246 2748 2413 2815 Cum
2452 2746 2687 2835 quibus
2730 2746 2815 2810 sit
2852 2743 3235 2811 Fridericus

325 2842 677 2924 Prosern,
737 2844 848 2928 qui
891 2841 1090 2908 habet
1135 2854 1200 2908 et
1241 2842 1484 2909 habere
1525 2844 1746 2930 debet,
1791 2848 2053 2912 interim
2101 2847 2273 2934 quod
2316 2846 2636 2913 studuerit
2677 2844 3041 2931 diligenter,
3084 2852 3231 2909 octo

327 2964 628 3009 marcas
683 2940 766 3007 de
805 2940 968 3007 villa
1009 2941 1224 3023 Tium,
1280 2952 1346 3007 et
1389 2941 1718 3028 Georgius
1761 2944 2055 3032 Orapstz,
2114 2948 2222 3031 qui
2280 2946 2477 3011 simili
2514 2944 2709 3011 modo
2751 2942 2999 3009 habere
3038 2941 3232 3007 debet

334 3051 500 3107 octo
551 3062 840 3123 marcas,
893 3062 1168 3128 quarum
1219 3062 1338 3107 sex
1381 3052 1532 3107 sunt
1571 3045 1640 3108 in
1691 3043 1976 3130 Friberg
2034 3054 2097 3109 et
2152 3043 2319 3110 duae
2374 3066 2634 3110 marcae
2692 3044 2870 3107 circa
2909 3040 3229 3107 Vratisla-
3248 3049 3316 3105 20

335 3141 565 3206 viam.
652 3140 816 3206 Post
866 3148 1141 3206 mortem
1195 3148 1411 3206 autem
1459 3140 1714 3209 illorum
1761 3142 1867 3208 vel
1922 3144 2378 3231 privationem,
2439 3145 2493 3210 si
2541 3166 2671 3210 non
2714 3140 3060 3228 diligenter
3105 3149 3233 3207 stu-

343 3239 652 3323 duerint,
707 3249 862 3306 tunc
903 3239 1278 3327 praedictas
1325 3245 1402 3308 16
1444 3265 1702 3308 marcas
1747 3251 1812 3309 et
1853 3242 2018 3308 duas
2061 3243 2225 3310 alias
2267 3245 2445 3309 circa
2484 3241 2955 3309 Vratislaviam
2996 3239 3234 3307 debent

343 3339 616 3406 habere
684 3349 817 3404 tres
879 3340 1180 3426 magistri
1246 3339 1328 3405 de
1395 3343 1670 3408 nacione
1733 3341 2129 3408 Polonorum
2141 3391 2159 3426 ‚
2230 3365 2505 3430 quorum
2559 3364 2727 3407 unus
2784 3341 2909 3406 erit
2972 3339 3237 3422 Slezita,

353 3439 698 3506 secundus
739 3438 1082 3522 Prutenus,
1131 3440 1374 3504 tercius
1419 3439 1502 3506 de
1545 3439 1764 3528 aliqua
1815 3440 1948 3506 alia
2001 3443 2341 3528 provincia
2396 3449 2733 3528 spectante
2776 3439 2865 3504 ad
2910 3439 3237 3505 nationem

351 3537 781 3608 Polonorum.
3250 3544 3319 3600 25

535 3641 700 3706 Item
713 3687 732 3720 ,
801 3640 858 3704 si
918 3659 1148 3704 census
1163 3687 1180 3718 ‚
1239 3659 1398 3722 quos
1466 3637 1710 3725 legavit
1777 3638 2079 3704 Andreas
2136 3637 2219 3704 de
2282 3638 2475 3704 Iawir
2542 3661 2666 3726 pro
2726 3638 2989 3703 natione
3046 3633 3234 3700 Polo·-

361 3758 637 3821 norum,
699 3737 1170 3802 testamentarii
1229 3739 1356 3802 mei
1425 3748 1575 3825 post
1637 3748 1912 3803 mortem
1971 3737 2257 3802 Materni
2315 3747 2377 3802 et
2436 3737 2720 3821 Nicolai‚
2788 3735 3047 3822 cognati
3112 3735 3233 3817 sui,

317 3839 328 3848 ’
369 3839 710 3922 potuerint
762 3839 1058 3924 optinere
1115 3858 1237 3923 pro
1279 3839 1561 3920 natione,
1622 3836 1790 3920 vole,
1848 3836 2025 3922 quod
2069 3835 2151 3902 de
2193 3837 2548 3925 praedictis
2593 3835 2893 3903 censibus
2936 3836 3007 3899 in
3048 3855 3233 3922 prae-

365 3937 705 4002 nominato
769 3935 1044 4020 collegio
1103 3934 1438 4001 fundando
1499 3936 1921 4024 provideatur
1978 3934 2127 4001 aliis
2182 3935 2393 4001 tribus
2454 3937 2785 4022 magistris
2839 3934 2921 4001 de
2975 3935 3238 4000 natione

371 4035 789 4117 Polonorum‚
835 4055 1107 4122 quorum
1149 4055 1314 4098 unus
1359 4036 1442 4099 sit
1487 4034 1746 4118 Slezita‚
1793 4034 2115 4101 secundus
2158 4035 2478 4100 Prutenus
2519 4045 2584 4100 et
2624 4037 2853 4100 tertius
2898 4033 2980 4099 de
3019 4033 3238 4119 aliqua
3253 4041 3322 4098 30

373 4134 506 4200 alia
549 4134 892 4223 provincia
934 4142 1268 4219 spectante
1310 4133 1396 4199 ad
1438 4135 1766 4199 nationem
1808 4132 2229 4221 praedictam.
2840 4151 2847 4158 ·

540 4234 704 4299 Item
744 4233 914 4318 volo,
959 4231 1132 4320 quod
1175 4255 1395 4300 omnes
1439 4234 1913 4320 praenominati
1959 4232 2281 4319 collegiati
2324 4231 2622 4300 habitent
2658 4244 2723 4298 et
2762 4241 3023 4299 teneant
3060 4254 3233 4296 men-

375 4353 518 4400 sam
563 4332 776 4416 simul,
836 4344 902 4400 et
942 4332 1228 4400 habeant
1265 4331 1604 4398 librariam
1649 4332 1730 4398 de
1770 4332 1954 4400 libris
1999 4334 2164 4398 meis
2208 4342 2272 4398 et
2317 4330 2483 4415 aliis,
2538 4331 2771 4418 legatis
2815 4356 2936 4421 pro
2975 4332 3239 4398 natione

549 4603 572 4652 1
613 4595 884 4652 Ethalten
915 4597 991 4654 ist
1023 4613 1131 4654 nur
1161 4597 1264 4652 das
1299 4595 1590 4652 notarielle
1623 4595 1904 4652 Protoeou
1941 4597 2083 4654 iiber
2114 4598 2209 4654 die
2243 4595 2915 4666 Testamentseriiffnung,
2953 4595 3243 4668 abgefasst

377 4699 484 4736 von
529 4681 788 4738 Andreas
832 4680 1104 4751 Giinczel,
1149 4679 1384 4736 welches
1429 4679 1554 4736 eine
1597 4679 1892 4736 Abschrift
1933 4680 2033 4738 des
2078 4681 2463 4738 Testamentes
2506 4680 2565 4734 in
2612 4677 2731 4734 sich
2776 4677 3046 4734 schliesst.
3105 4679 3239 4751 Vgl.

379 4765 650 4822 Urkundl.
689 4764 922 4832 Quellen
972 4764 1026 4822 S.
1066 4770 1180 4835 767,
1214 4765 1320 4822 No.
1367 4771 1406 4821 1.
1476 4764 1869 4836 Gegenwiirtig
1907 4764 2246 4838 vollstiindig
2278 4764 2553 4836 gedruckt
2599 4763 2659 4818 in
2699 4762 2825 4818 dem
2860 4761 3243 4820 Schriftchen:

378 4847 772 4922 Collegium
819 4847 1070 4906 beatae
1101 4849 1364 4906 Mariae
1398 4846 1701 4922 virginis
1751 4849 1820 4902 in
1856 4849 2343 4906 universitate
2384 4846 2763 4919 Lipsiensi.
2832 4847 2881 4902 L
2932 4847 3069 4903 Der
3114 4847 3239 4903 Zu-

379 4932 882 5004 sammenhang
924 4933 1048 4990 des
1079 4933 1382 5006 collegii
1416 4932 1665 4990 beatae
1703 4931 1964 4988 Mariae
2009 4932 2312 5004 virginis
2356 4932 2477 4988 mit
2528 4932 2668 4988 den
2702 4931 3091 5002 Anfiingen
3125 4931 3243 4988 der

379 5017 836 5076 Universitiit
869 5015 1201 5088 Leipzig.
1257 5017 1378 5074 Am
1415 5021 1463 5074 2.
1501 5015 1888 5072 December
1923 5021 2101 5074 1859.
2138 5016 2268 5088 Vgl.
2300 5016 2419 5074 das.
2456 5015 2511 5074 S.
2550 5020 2761 5074 17—-22,
2824 5015 2933 5070 Die
2965 5014 3087 5072 hiet
3120 5031 3243 5072 aus-

378 5099 704 5171 gehobenen
737 5098 944 5156 Stellen
975 5099 1168 5156 stehen
1199 5100 1446 5158 ‹ia-elba
1479 5101 1536 5158 S.
1571 5105 1636 5158 19
1671 5105 1843 5156 unten
1879 5099 1960 5172 fg.
2030 5100 2195 5156 Doch
2228 5100 2304 5156 ist
2338 5099 2460 5156 hier
2496 5098 2597 5157 wie
2629 5097 2721 5156 bei
2764 5098 2913 5156 allen
2944 5097 3244 5170 folgenden

377 5183 478 5240 das
493 5182 900 5254 Frauencolleg
933 5182 1306 5242 befflemien
1329 5183 1840 5242 statutenbiiehern
1873 5184 2053 5242 moine
2068 5183 2341 5256 Ausgabe
2360 5183 2723 5240 unmittelbar
2750 5181 2900 5239 nach
2921 5181 3031 5238 den
3052 5181 3243 5238 Hand·

379 5266 646 5326 schriften
679 5266 926 5340 besni-gt,
958 5269 1130 5326 deren
1163 5268 1498 5340 Benntzung
1531 5269 1636 5324 mir
1671 5267 1888 5324 freilich
1921 5267 2197 5340 unnothig
2228 5267 2523 5326 erschwert
2554 5269 2722 5326 ward.
