4038 6358
1307 633 1410 684 Die
1444 633 1685 685 Statuten
1721 648 1844 685 vom
1878 634 2045 688 Jahn-e
2085 635 2229 687 1445.
3088 638 3209 701 273

301 813 708 901 praepositi
762 816 1211 902 respicientia,
1264 814 1537 880 firmiter
1593 814 1947 882 observare
1966 864 1985 898 ,
2045 816 2140 880 ita
2191 825 2412 880 tamen
2470 813 2647 901 quod
2702 837 2788 880 ex
2833 813 2966 880 levi
3008 836 3211 880 causa

302 909 435 975 vel
504 911 924 999 negligentia,
983 938 1151 1002 quae
1202 935 1334 980 non
1391 915 1477 978 sit
1534 935 1619 978 ex
1674 917 2009 1001 proposito
2065 924 2128 980 et
2183 913 2451 996 malitia,
2514 914 2873 999 periurium
2929 937 3059 980 non
3115 915 3210 978 in-

304 1012 668 1075 curram.“

512 1117 609 1177 11.
667 1111 854 1195 Item,
912 1112 1087 1178 facto
1130 1114 1497 1178 iuramento
1540 1113 1922 1199 praepositi,
1967 1112 2239 1201 quilibet
2280 1113 2596 1198 magister
2639 1112 2980 1199 promittat
3022 1134 3211 1199 prae·

306 1210 579 1294 posito,
632 1209 810 1297 quod
857 1209 962 1297 [24
973 1208 1025 1297 b]
1068 1211 1228 1278 velit
1270 1211 1703 1278 reverentiam
1749 1220 1968 1277 tenere
2009 1234 2169 1299 erga
2215 1212 2668 1300 praepositum
2707 1212 2776 1275 in
2814 1234 3040 1277 mensa
3081 1209 3208 1276 col·
3260 1219 3293 1275 5

307 1305 518 1393 legii,
574 1310 646 1373 in
692 1311 1271 1377 convocationibus
1325 1319 1390 1376 et
1443 1309 1589 1374 aliis
1635 1309 1824 1375 factis
1882 1309 2138 1398 collegii
2194 1322 2259 1377 et
2311 1310 2590 1376 fideliter
2635 1312 3011 1400 praeposito
3052 1310 3212 1375 assi-

310 1417 517 1473 stere
557 1409 628 1473 in
670 1407 797 1491 his,
838 1432 1005 1496 quae
1041 1409 1287 1477 bonum
1330 1408 1587 1493 collegii
1629 1419 2044 1475 concernunt.

516 1513 614 1574 12.
673 1507 839 1574 Item
878 1530 1099 1574 omnes
1141 1509 1439 1594 magistri
1483 1506 1675 1573 simul
1714 1508 1781 1572 in
1824 1530 1956 1573 una
2008 1530 2236 1573 mensa
2276 1507 2381 1573 vel
2434 1507 2708 1591 duabus,
2764 1510 2820 1574 si
2868 1506 3215 1573 habuerint

316 1606 834 1689 commensales,
896 1606 1267 1692 comedent,
1326 1609 1393 1674 in
1454 1629 1727 1694 quarum
1784 1606 2134 1694 principali
2190 1605 2606 1694 praepositus
2663 1608 2947 1693 primum
3000 1605 3215 1674 locum

316 1703 610 1788 habeat,
671 1706 728 1771 si
769 1704 864 1771 ibi
922 1728 1055 1771 non
1105 1707 1303 1772 fuerit
1357 1716 1571 1772 rector
1628 1707 2070 1771 universitatis
2130 1728 2209 1772 ac
2267 1706 2492 1772 doctor
2547 1705 2821 1772 alicuius
2876 1706 3208 1772 facultatis
3233 1716 3296 1772 10

325 1815 463 1869 aut
492 1804 783 1870 decanus
812 1804 1139 1871 facultatis
1171 1808 1428 1872 artium.
1472 1804 1563 1869 Et
1598 1814 1752 1870 ante
1788 1803 2093 1872 lotionem
2132 1815 2503 1872 reverenter
2547 1804 2779 1871 stando
2809 1805 2988 1896 dicat
3028 1828 3213 1893 prae·

322 1905 601 1989 positus
616 1953 635 1986 ,
703 1905 760 1969 si
822 1904 1170 1992 presbyter
1233 1905 1454 1986 fuerit,
1521 1903 1927 1987 Benedicite3
1992 1903 2262 1970 absente
2324 1907 2701 1993 praeposito
2754 1904 2932 1971 dicat
2998 1907 3214 1972 senior

324 2004 666 2089 magister
735 2002 1098 2090 presbyter.
1186 2002 1382 2084 Quod
1453 2004 1507 2067 si
1570 2002 1783 2069 nullus
1845 2005 2159 2090 magister
2221 2004 2566 2091 presbyter
2627 2026 2938 2091 praesens
2999 2006 3211 2090 fuerit,

326 2100 526 2167 dicat
586 2102 933 2189 presbyter
974 2102 1430 2169 commensalis
1468 2102 1572 2167 vel
1631 2104 1847 2168 senior
1900 2104 2214 2188 magister
2266 2124 2397 2167 non
2453 2103 2818 2190 presbyter,
2875 2112 2941 2169 et
2996 2105 3213 2171 statim

329 2200 461 2264 fiat
498 2199 694 2266 lectio
730 2202 800 2266 in
842 2201 1173 2287 theologia
1216 2201 1319 2266 vel
1363 2202 1493 2267 alia
1532 2200 1675 2268 utili
1717 2203 1996 2266 materia
2037 2221 2243 2287 usque
2284 2202 2371 2266 ad
2411 2202 2606 2268 finem
2648 2202 2918 2268 secundi
2957 2203 3209 2288 ferculi,
3234 2215 3296 2270 15

332 2299 454 2364 die
495 2322 655 2365 vero
707 2300 970 2366 ieiunali
1028 2300 1115 2366 ad
1155 2299 1351 2366 finem
1394 2301 1571 2366 tertii
1608 2301 1858 2384 ferculi,
1903 2324 2070 2388 quae
2114 2299 2219 2389 [25
2235 2298 2287 2389 ⁸]
2330 2300 2695 2367 nullatenus
2740 2303 3212 2387 praetermitta-

333 2408 485 2482 τως
541 2408 607 2464 et
660 2400 846 2465 finita
896 2423 1123 2466 mensa
1164 2422 1293 2466 non
1340 2400 1453 2465 diu
1507 2399 1802 2467 sedentes
1846 2400 2069 2467 dicant
2110 2399 2378 2467 Gratias
2432 2399 2973 2466 commensalibus
3019 2400 3213 2467 modo

334 2519 552 2584 supra
593 2497 788 2564 dicto.
1786 2563 1791 2570 .

519 2603 614 2665 13.
672 2598 838 2663 Item
888 2599 1298 2684 praepositus
1341 2599 1515 2664 infra
1566 2597 1848 2687 primum
1891 2620 2181 2664 mensem
2223 2620 2381 2664 suae
2422 2600 2917 2686 praepositurae
2957 2608 3211 2665 tenetur

338 2698 567 2762 omnia
625 2705 871 2762 statuta
926 2696 1180 2784 collegii
1238 2695 1617 2783 perlegisse,
1679 2697 1799 2763 sub
1856 2719 2068 2784 poena
2122 2699 2314 2764 unius
2365 2697 2633 2780 floreni3
2691 2705 2758 2761 et
2813 2696 3084 2785 quilibet
3128 2696 3296 2763 dez)

338 2817 514 2861 novo
558 2798 813 2862 intrans
857 2796 1197 2882 collegium
1239 2795 1563 2862 tenebitur
1621 2794 1710 2860 ad
1764 2796 1940 2863 idem
1990 2797 2164 2862 infra
2224 2796 2629 2863 consimilem
2683 2798 3028 2863 terminum
3090 2799 3210 2865 sub

341 2894 579 2960 eadem
623 2918 853 2984 poena.

522 3002 618 3061 14.
676 2995 843 3060 Item
896 2995 1308 3082 praepositus
1365 3003 1617 3059 tenetur
1671 3017 1819 3060 cum
1873 2994 2218 3080 diligentia
2266 2997 2611 3082 respicere,
2672 3003 2985 3082 quantum
3026 2999 3098 3063 in
3136 3020 3213 3065 eo

342 3105 475 3176 est,
532 3093 709 3184 quod
764 3102 1060 3159 servetur
1108 3093 1415 3159 honestas
1476 3091 1733 3179 collegii
1787 3116 1906 3181 per
1962 3092 2136 3158 diem
2190 3104 2255 3160 et
2306 3102 2581 3177 noctem,
2637 3104 2701 3160 et
2750 3108 2823 3160 ut
2871 3095 3212 3183 collegium

344 3194 525 3278 hora,
573 3217 704 3281 qua
748 3216 1091 3281 campana*
1112 3192 1193 3258 de
1238 3215 1383 3258 sero
1425 3193 1748 3279 pulsatur,
1792 3192 2072 3259 fideliter
2114 3193 2473 3260 claudatur.
2550 3194 2734 3260 Idem
2775 3195 2993 3261 facere
3035 3206 3210 3262 tene·
3228 3205 3296 3263 25

344 3304 452 3360 tur
496 3303 855 3360 conventor
892 3295 961 3358 in
1000 3290 1236 3375 bursa3
1278 3302 1342 3357 et
1386 3293 1441 3357 si
1486 3302 1837 3358 conventor
1879 3291 2220 3378 negligens
2261 3293 2488 3375 fuerit,
2516 3292 2786 3359 inducat
2828 3302 2893 3359 et
2934 3294 3211 3361 solicitet

342 3395 560 3483 ipsum
630 3393 1041 3481 praepositus
1055 3440 1074 3474 ,
1144 3401 1219 3457 ut
1282 3392 1503 3475 faciat,
1563 3391 1668 3457 vel
1732 3403 2060 3479 proponat
2123 3395 2486 3479 magistris,
2548 3402 2620 3458 ut
2680 3392 3072 3480 provideant
3131 3394 3213 3459 de

346 3493 596 3559 eodem.

515 3598 613 3659 15.
670 3591 834 3656 Item
899 3590 1312 3677 praepositus
1369 3600 1622 3655 tenetur
1680 3590 1877 3656 semel
1934 3591 2000 3675 in
2059 3613 2228 3656 anuo
2285 3593 2355 3654 in
2407 3589 2637 3676 vigilia
2691 3594 3209 3659 annunciationis

348 3690 603 3757 Mariae
660 3690 762 3755 vel
820 3691 987 3755 citra
1044 3688 1393 3777 providere
1450 3688 1533 3754 de
1593 3689 2041 3755 anniversario
2086 3688 2362 3754 tenendo
2405 3710 2525 3776 pro
2566 3691 2879 3777 magistro
2921 3691 3294 3758 Iohanne-30

353 3788 849 3875 Monsterberg,
928 3810 1154 3855 sacrae
1208 3787 1573 3874 theologiae
1626 3789 1919 3876 professo
1938 3784 2041 3874 [25
2054 3784 2106 3873 b]
2123 3810 2215 3870 re,
2273 3786 2529 3873 collegii
2583 3790 2796 3876 primo
2849 3790 3211 3873 fundatore,

346 3891 413 3955 in
466 3911 598 3977 quo
657 3888 1008 3954 distribuat
1060 3888 1127 3952 in
1183 3890 1423 3953 marcis
1481 3888 1563 3953 de
1624 3886 2045 3974 proventibus
2101 3885 2361 3972 collegii
2420 3887 2748 3953 sumendis
2806 3889 3000 3956 modo
3061 3889 3209 3955 sub-

358 3991 629 4076 scripto.
713 3989 935 4054 Primo
980 4009 1100 4075 pro
1142 3985 1430 4074 quolibet
1470 3985 1833 4072 collegiato,
1889 3987 2273 4072 praesertim
2318 3987 2588 4051 maioris
2641 4008 2721 4051 ac
2772 3989 3044 4054 minoris
3085 3988 3206 4054 col-

346 4087 539 4175 legii,
606 4088 663 4153 si
719 4110 1031 4173 praesens
1089 4087 1158 4151 in
1214 4084 1457 4172 vigiliis
1518 4095 1583 4151 et
1644 4087 1847 4151 missa
1903 4085 2119 4168 fuerit,
2170 4092 2208 4150 4
2252 4098 2350 4169 95„
2407 4093 2471 4149 et
2523 4085 2578 4150 si
2631 4086 2828 4151 fuerit
2880 4087 3212 4175 professor

346 4187 733 4274 theologiae,
777 4185 1296 4274 superaddentur
1341 4184 1468 4250 sibi
1511 4189 1550 4250 2
1576 4199 1660 4270 9(-
1707 4182 1990 4251 Cuilibet
2017 4193 2244 4250 contra
2286 4182 2540 4249 doctori
2580 4184 2648 4249 in
2686 4185 3034 4273 theologia,
3078 4208 3210 4252 non
3226 4198 3293 4254 35

350 4286 718 4373 collegiatO,
781 4292 820 4353 6
878 4301 981 4370 gg„
1068 4284 1364 4351 similiter
1425 4284 1682 4348 domino
1739 4284 1974 4348 rectori
2035 4290 2075 4351 6
2132 4298 2234 4369 φφ,
2291 4284 2446 4348 item
2506 4306 2626 4370 pro
2684 4292 2723 4352 4
2778 4283 2963 4351 libris
3023 4308 3212 4353 cerae

354 4391 429 4452 12
471 4400 557 4471 95.
595 4384 702 4451 vel
744 4386 1099 4468 remissius,
1145 4386 1203 4450 si
1245 4385 1373 4449 emi
1417 4392 1647 4471 potest.
1728 4383 1892 4447 Item
1944 4383 2185 4447 rectori
2230 4381 2596 4447 scholarum
2639 4382 2721 4447 de
2761 4384 3006 4469 vigiliis
3051 4394 3091 4454 4
3130 4401 3209 4472 95.

351 4494 415 4550 et
456 4508 578 4572 pro
621 4484 816 4550 sociis
862 4485 1015 4567 suis,
1061 4486 1117 4549 si
1161 4484 1358 4551 Salve
1400 4483 1827 4564 cantaverint,
1882 4487 1921 4548 2
1964 4497 2044 4567 9ς.
2113 4481 2274 4547 Item
2317 4480 2656 4568 pulsentur
2699 4505 3056 4571 campanae
3100 4484 3210 4550 do·

350 4583 687 4650 minicales
732 4593 796 4648 et
838 4605 959 4669 pro
1001 4583 1133 4649 illis
1178 4584 1411 4649 dentur
1459 4582 1706 4666 antiqui
1749 4582 1983 4666 grossi.
2043 4580 2229 4645 Item
2284 4603 2404 4666 pro
2444 4586 2483 4648 9
2526 4582 2950 4669 presbyteris,
2994 4582 3210 4669 legen-

348 4682 523 4749 tibus
565 4682 874 4748 lectiones
918 4684 987 4747 in
1008 4681 1250 4769 vigiliis
1292 4693 1357 4748 et
1396 4681 1501 4746 die
1546 4680 1837 4766 sequenti
1880 4678 2150 4745 missam
2193 4702 2312 4766 pro
2341 4679 2679 4763 defunctis,
2725 4689 2752 4747 1
2786 4697 2864 4767 95.
2908 4681 3206 4766 cuilibet3
3226 4691 3296 4747 40

356 4793 419 4848 et
450 4781 554 4848 ibi
598 4780 918 4868 plebanus
960 4782 1029 4845 in
1069 4781 1349 4848 ecclesia
1392 4779 1456 4846 S.
1493 4778 1752 4845 Nicolai
1793 4776 1972 4863 legat
2010 4801 2206 4844 unam
2247 4774 2586 4843 lectionem
2631 4789 2695 4845 et
2738 4802 2890 4846 suus
2931 4780 3211 4869 capella-

350 4905 468 4947 nus
512 4903 733 4965 unam,
781 4890 845 4945 et
883 4880 1177 4947 similiter
1220 4879 1554 4946 habebunt
1594 4899 1714 4964 per
1762 4884 1789 4943 1
1838 4891 1918 4961 9<-
1973 4877 2137 4941 Item
2184 4877 2438 4943 custodi
2481 4878 2795 4944 ecclesiae
2842 4886 2870 4946 1
2911 4895 3013 4967 95„
3056 4881 3210 4945 item

352 4981 603 5048 duobus
649 4979 976 5046 coralibus
1019 5004 1136 5067 per
1171 5003 1368 5046 unum
1410 4979 1744 5064 antiquum
1782 4997 2083 5061 grossum
2116 4972 2220 5062 [26
2236 4972 2320 5063 ·];
2359 4987 2425 5042 et
2461 4976 2556 5042 ibi
2582 4978 2900 5044 habeatur
2930 4979 3211 5066 spolium

348 5081 632 5149 nationis
697 5090 761 5144 et
820 5079 1160 5162 candelae,
1230 5079 1452 5165 pueris
1517 5086 1734 5142 autem
1793 5074 2205 5161 portantibus
2265 5073 2573 5143 candelas
2631 5076 2866 5143 dentur
2925 5083 2964 5146 8
3021 5080 3216 5145 numi.

352 5179 649 5246 Satisfiat
685 5180 881 5243 etiam
936 5178 1265 5244 laboranti
1317 5176 1622 5243 candelas
1670 5185 1946 5264 quatuor
1986 5173 2385 5261 principales
2431 5175 2617 5241 iuxta
2657 5177 3208 5261 consuetudinem,
3227 5186 3293 5243 45

350 5279 679 5346 residuum
738 5300 893 5343 vero
959 5276 1388 5344 distribuatur
1450 5278 1618 5342 inter
1683 5274 2035 5361 magistros
2095 5273 2177 5338 de
2233 5274 2498 5340 natione
2569 5284 2664 5359 et,
2741 5278 2800 5340 si
2873 5277 3210 5365 placuerit,

485 5395 930 5435 BTATUTBNBUOR
967 5395 1083 5431 BER
1119 5394 1270 5434 muv,
1308 5394 1531 5431 Lnn’zlo
2799 5383 2871 5447 ¹8
