4038 6358
1194 623 1382 675 Fausto
1420 623 1960 686 statutenredaction,
2005 641 2128 676 vom
2164 625 2328 676 Jahn-e
2370 625 2511 678 1507.
3157 626 3271 690 501

441 802 875 870 continuando
910 804 1169 870 intrent.
1255 805 1447 886 Quod
1489 808 1544 871 si
1584 807 1776 874 modo
1818 809 2180 897 praemisso
2222 809 2679 896 magistrorum
2711 806 2945 897 aliquis
2974 827 3279 873 exercere

434 904 838 974 recusaverit
889 915 954 971 et
1010 928 1192 970 suum
1252 905 1579 972 biennium
1634 906 1849 974 debite
1905 908 2266 975 exercendo
2311 932 2439 974 non
2496 906 2946 995 compleverit,
2990 929 3120 972 non
3165 903 3276 970 ad-

435 1002 729 1067 mittatur
791 1013 1121 1089 tamquam
1177 1015 1560 1092 acturegens
1614 1006 1701 1071 ad
1754 1008 2261 1094 promovendum
2320 1007 2600 1096 aliquem
2657 1006 2763 1074 vel
2819 1007 3068 1095 aliquos
3087 1055 3103 1088 ‚
3166 1016 3277 1071 aut

431 1103 629 1166 etiam
675 1101 762 1166 ad
804 1102 1145 1169 consilium
1185 1105 1514 1171 facultatis
1555 1129 1670 1172 suo
1714 1116 2007 1194 tempore
2050 1131 2459 1197 nequaquam
2516 1116 2921 1189 assumatur,
2974 1129 3095 1170 nec
3150 1129 3279 1171 non

433 1224 624 1266 suum
669 1201 1042 1290 deputatum
1089 1203 1421 1269 sallarium
1476 1229 1595 1292 per
1649 1204 1964 1272 decanum
2021 1207 2346 1274 facultatis
2390 1208 2625 1271 artium
2644 1255 2661 1288 ,
2705 1205 2885 1270 finito
2931 1206 3273 1288 exerciciO,
3326 1213 3360 1270 5

435 1300 699 1366 minime
731 1301 936 1367 eidem
967 1302 1276 1369 solvatur.
1359 1304 1486 1369 Per
1525 1304 1892 1372 huiusmodi
1935 1317 2152 1372 tamen
2197 1305 2688 1389 ordinationem,
2732 1316 2803 1370 ut
2845 1306 3278 1393 praemissum

440 1412 539 1465 est
567 1402 948 1485 institutam,
976 1403 1253 1468 facultas
1283 1406 1518 1469 artium
1552 1428 1675 1470 non
1723 1405 2013 1471 excludit
2052 1409 2399 1492 magistros
2442 1403 2801 1470 mediocres
2831 1403 2934 1469 vel
2976 1407 3279 1488 senioreS,

436 1503 546 1586 qui
586 1499 829 1566 dudum
874 1525 1058 1566 suum
1103 1502 1583 1590 compleverunt
1637 1504 2000 1588 biennium,
2057 1508 2212 1593 quin
2268 1507 2465 1571 etiam
2521 1504 2608 1570 ad
2665 1503 2917 1569 libitum
2974 1527 3279 1572 exercere

435 1601 722 1686 poterint
761 1624 881 1688 pro
925 1611 1074 1667 actu
1113 1605 1403 1688 regentia
1444 1626 1557 1668 seu
1599 1604 2005 1671 emolimento
2052 1604 2468 1693 acquirendo.

556 1820 612 1880 7.
656 1834 748 1881 DE
791 1835 1326 1884 ACTUREGENTIA
1368 1837 1764 1886 ABSENTIUM
1812 1839 2331 1901 MAGISTRORUM,
2378 1838 2521 1885 TAM
2566 1836 2911 1885 IUNIORUM
2952 1838 3149 1898 QUAM
3298 1832 3361 1886 10

767 1934 1151 2000 SENIORUM,
1194 1937 1343 1984 SIVE
1385 1936 1922 1986 COMPLEVERINT
1970 1938 2157 1987 SUUM
2208 1938 2545 1986 mmmmm
2589 1937 2739 1984 SIVE
2782 1936 2941 1985 NON.

596 2067 877 2150 Placuit,
937 2069 1113 2156 quod
1171 2068 1407 2136 absens
1462 2072 1795 2155 magister,
1855 2072 1909 2136 si
1969 2080 2120 2135 ante
2176 2071 2411 2135 festum
2465 2069 2771 2136 Iohannis
2826 2069 3151 2156 baptistae
3207 2070 3274 2133 in

430 2176 699 2250 aestate,
742 2169 809 2232 in
851 2167 1063 2233 hieme
1105 2192 1260 2234 vero
1300 2181 1449 2234 ante
1497 2171 1727 2234 festum
1771 2170 2132 2234 nativitatis
2173 2169 2418 2236 Christi
2460 2170 2796 2256 repetierit
2839 2167 3033 2234 studii
3077 2191 3277 2233 causa

427 2276 716 2331 nostram
781 2268 1270 2332 universitatem
1315 2278 1378 2358 et
1418 2267 1811 2334 domicilium
1855 2270 1924 2333 in
1968 2291 2047 2334 ea
2090 2291 2235 2334 cum
2280 2268 2474 2335 rebus
2519 2270 2653 2334 suis
2697 2267 2938 2333 habere
2979 2268 3275 2350 voluerit,

435 2363 629 2431 modo
659 2365 1077 2454 infrascripto
1107 2370 1345 2454 poterit
1377 2367 1517 2433 fieri
1547 2378 1948 2453 acturegens,
1993 2368 2168 2454 quod
2206 2366 2402 2432 semel
2435 2367 2721 2455 disputet
2761 2366 3281 2432 extraordinarie
3301 2376 3363 2431 15

431 2473 582 2529 ante
626 2465 964 2551 praedicta
1004 2467 1202 2547 festa,
1243 2477 1472 2552 postea
1515 2465 1813 2531 adminus
1860 2467 2055 2532 semel
2103 2467 2274 2531 infra
2312 2468 2593 2555 primum
2633 2488 2919 2532 mensem
2980 2465 3279 2554 disputa-

427 2562 626 2628 bilem
689 2563 1089 2631 ordinariam
1154 2565 1656 2653 disputationem
1717 2570 2179 2653 magistrorum
2242 2565 2663 2653 ingrediatur.
2760 2566 2849 2631 Et
2928 2573 3273 2651 antequam

427 2673 769 2749 utrumque
807 2664 1183 2750 perfecerit,
1224 2689 1352 2731 non
1409 2657 1817 2753 reputabitur
1863 2675 2014 2731 actu
2059 2688 2292 2751 regens
2332 2664 2417 2730 ad
2472 2664 2652 2731 illam
2708 2666 3160 2747 mutationem,
3201 2664 3269 2728 in

427 2760 559 2849 qua
609 2784 911 2827 reversus
969 2775 1083 2828 est.
1171 2764 1241 2829 Si
1282 2788 1438 2831 vero
1484 2777 1630 2852 post
1672 2765 1971 2852 praefata
2015 2777 2312 2851 tempora
2353 2764 2640 2848 redierit,
2687 2764 3056 2853 privabitur
3097 2773 3271 2829 actu·

425 2864 720 2947 regentia
744 2884 863 2949 per
893 2873 1093 2927 totam
1119 2865 1560 2946 mutationem,
1600 2867 1667 2929 in
1712 2887 1841 2950 qua
1883 2863 2169 2930 redierit.
2254 2864 2410 2930 Pari
2454 2864 2648 2929 modo
2693 2865 2905 2928 iunior
2947 2864 3365 2948 magister,20

429 2962 624 3025 etiam
665 2964 776 3046 qui
815 2961 1099 3027 nondum
1142 2986 1327 3028 suum
1385 2964 1733 3050 complevit
1796 2964 2156 3047 biennium,
2216 2974 2431 3050 potest
2487 2963 2629 3028 fieri
2684 2974 3102 3049 acturegens,
3163 2960 3279 3028 sed

422 3058 571 3124 talis
637 3063 1082 3147 acturegentia
1139 3058 1242 3148 [39
1261 3060 1313 3149 b]
1376 3086 1496 3151 pro
1548 3062 1972 3150 completione
2035 3066 2243 3151 partis
2306 3064 2551 3128 biennii
2615 3064 2716 3127 sui
2779 3063 3046 3128 minime
3113 3085 3276 3128 com-

426 3159 801 3248 putabitur,
865 3163 991 3227 nisi
1054 3163 1226 3228 infra
1284 3186 1571 3229 mensem
1631 3162 2003 3229 immediate
2068 3173 2216 3250 post
2275 3163 2749 3229 inchoationem
2813 3161 3155 3228 lectionum
3217 3172 3281 3227 et

426 3262 893 3327 exercitiorum
924 3261 1167 3327 rediret
1209 3272 1273 3326 et
1314 3262 1488 3328 ultra
1529 3263 1889 3351 praedicta,
1932 3262 2017 3327 ad
2064 3264 2574 3348 acturegentiam
2620 3264 2950 3349 requisita,
2995 3261 3279 3347 aliquam

424 3359 757 3447 publicam
799 3364 868 3426 in
898 3361 1150 3429 artibus
1190 3364 1692 3449 resumptionem
1733 3363 2072 3449 inciperet,
2119 3374 2183 3427 et
2224 3384 2368 3426 eam
2413 3384 2555 3427 cum
2601 3361 2938 3446 diligentia
2974 3361 3275 3427 adminus
3293 3371 3360 3429 25

427 3480 547 3545 per
579 3470 880 3548 quattuor
911 3483 1164 3527 menses
1193 3463 1618 3527 continuaret.
1688 3461 1798 3527 Ex
1842 3472 1995 3526 tunc
2037 3472 2300 3548 praeter
2341 3462 2852 3546 acturegentiam
2894 3460 3089 3525 etiam
3126 3483 3276 3547 par·

427 3568 560 3622 tem
606 3560 708 3623 sui
750 3558 1016 3643 biennii,
1059 3561 1126 3626 id
1173 3572 1274 3626 est
1313 3560 1595 3626 medium
1641 3583 1899 3642 annum,
1944 3570 2008 3624 et
2046 3582 2173 3624 non
2218 3558 2388 3624 ultra
2432 3552 2831 3645 compleret.¹

507 3782 566 3844 8.
609 3793 961 3853 QUALITER
991 3793 1341 3842 MAOESTER
1367 3794 1500 3840 PER
1529 3793 1842 3853 ALIQUAM
1885 3792 2293 3841 LECTIONEM
2339 3792 2795 3859 ORDINARIAM,
2839 3793 3194 3843 PUBLIOAM

757 3894 1303 3944 RESUMPTIONEM
1347 3894 1485 3941 AU'r
1531 3893 1957 3941 EXERCICIUM
2001 3890 2330 3941 COMPLET
2375 3892 2560 3941 SUUM
2602 3894 2961 3942 BIENNIUM.

597 4026 884 4107 Quilibet
927 4031 1414 4113 magistrorum,
1460 4029 1526 4090 in
1568 4027 1789 4113 aliqua
1829 4026 2184 4091 mutatione
2228 4024 2571 4111 diligenter
2613 4025 2876 4112 aliquod
2923 4025 3270 4114 disputans,
3285 4039 3355 4096 30

424 4127 815 4191 exercicium
872 4125 957 4191 ad
1012 4135 1320 4191 statutum
1379 4138 1633 4212 tempus
1652 4175 1670 4208 ,
1728 4148 1769 4190 a
1820 4124 2127 4189 facultate
2187 4125 2425 4189 artium
2480 4124 2875 4211 praefixum,
2939 4148 3056 4213 per
3115 4128 3278 4193 illud

426 4225 714 4291 medium
757 4248 993 4291 annum
1050 4226 1399 4313 complebit
1449 4224 1530 4289 de
1576 4247 1690 4290 suo
1732 4224 1992 4289 biennio
2049 4225 2116 4288 in
2170 4223 2477 4289 facultate
2528 4226 2786 4290 artium.
2870 4225 3053 4291 Idem
3113 4228 3275 4294 iudi-

430 4324 707 4390 candum
751 4334 856 4391 est
892 4325 973 4390 de
1014 4327 1378 4409 magistris,
1425 4328 1535 4414 qui
1580 4348 1699 4412 per
1743 4334 2049 4411 quattuor
2099 4345 2353 4388 menses
2404 4323 2702 4389 adminus
2759 4325 2827 4388 in
2881 4348 3012 4390 una
3066 4338 3271 4393 muta·

436 4426 612 4490 tione
651 4426 720 4489 in
764 4424 1012 4489 artibus
1057 4423 1315 4512 publice
1357 4438 1420 4490 et
1462 4424 1806 4510 diligenter
1848 4432 2214 4506 resumunt3
2263 4423 2536 4488 lectores
2575 4447 2728 4489 vero
2772 4424 3167 4512 principales
3208 4438 3276 4493 et

434 4525 768 4607 ordinarii,
813 4524 1094 4589 iuniores
1123 4526 1441 4610 magistri,
1486 4526 1595 4611 qui
1635 4525 1815 4610 prius
1854 4544 1982 4587 non
2029 4521 2514 4609 compleverunt
2550 4523 2900 4607 biennium,
2945 4527 3099 4609 quia
3131 4548 3270 4612 spe·
3294 4535 3361 4593 35

435 4624 597 4689 ciale
654 4624 1047 4712 stipendium
1103 4635 1169 4689 et
1221 4623 1551 4689 sallarium
1611 4623 1934 4710 recipiunt
1977 4643 2017 4685 a
2060 4621 2369 4687 facultate
2436 4624 2674 4688 artium
2718 4632 2782 4688 et
2824 4623 2908 4688 ad
2952 4624 3276 4709 integrum

434 4744 671 4789 annum
716 4723 1056 4811 diligenter
1098 4724 1166 4788 in
1209 4723 1351 4789 loco
1395 4722 1653 4810 publico
1712 4723 1899 4787 iuxta
1940 4730 2182 4786 statuta
2227 4744 2378 4789 suas
2434 4721 2739 4787 lectiones
2782 4733 3079 4788 tenentur
3122 4748 3270 4789 con-

431 4824 706 4906 tinuare,
752 4823 832 4888 de
879 4846 993 4889 suo
1039 4823 1299 4889 biennio
1341 4825 1663 4909 integrum
1708 4844 1947 4886 annum
1989 4820 2315 4908 complere
2358 4820 2677 4887 dicuntur.
2745 4821 2837 4887 Et
2877 4822 3003 4887 hoc
3046 4845 3271 4889 verum

433 4932 562 5005 est,
609 4923 664 4986 si
706 4923 773 4986 in
818 4925 1086 5010 propria
1129 4945 1412 5011 persona
1451 4920 1722 5010 quilibet
1766 4943 1986 4986 eorum
2029 4921 2346 5008 inceperit
2392 4930 2454 4985 et
2495 4944 2698 5008 usque
2751 4923 2819 4986 in
2873 4921 3065 4988 finem
3128 4946 3276 4991 con·

424 5022 774 5088 tinuaverit
814 5044 894 5088 ac
933 5022 1123 5088 lectio
1168 5023 1294 5089 sibi
1332 5023 1668 5108 assignata
1705 5020 1958 5085 annalis
1998 5020 2207 5086 fuerit.
3291 5026 3360 5091 40

603 5308 624 5360 1
664 5304 772 5358 Am
809 5303 1030 5359 Raude:
1068 5306 1298 5377 Tempus
1332 5307 1430 5360 aab
1466 5303 1621 5358 Mate
1652 5304 1992 5359 moderatum
2039 5307 2179 5359 1522.
