<?xml version="1.0" encoding="UTF-8"?>
<!DOCTYPE html PUBLIC "-//W3C//DTD XHTML 1.0 Transitional//EN"
    "http://www.w3.org/TR/xhtml1/DTD/xhtml1-transitional.dtd">
<html xmlns="http://www.w3.org/1999/xhtml" xml:lang="en" lang="en">
 <head>
  <title>
</title>
<meta http-equiv="Content-Type" content="text/html;charset=utf-8" />
  <meta name='ocr-system' content='tesseract 3.04.00' />
  <meta name='ocr-capabilities' content='ocr_page ocr_carea ocr_par ocr_line ocrx_word'/>
</head>
<body>
  <div class='ocr_page' id='page_1' title='image "./diestatutenbche02leipgoog_0580.png"; bbox 0 0 4038 6358; ppageno 0'>
   <div class='ocr_carea' id='block_1_1' title="bbox 868 604 2704 692">
    <p class='ocr_par' dir='ltr' id='par_1_1' title="bbox 868 604 2704 692">
     <span class='ocr_line' id='line_1_1' title="bbox 868 604 2704 692; baseline -0.009 -3"><span class='ocrx_word' id='word_1_1' title='bbox 868 604 1001 692; x_wconf 46' lang='grc' dir='ltr'>ἱ564</span> <span class='ocrx_word' id='word_1_2' title='bbox 1904 612 2007 673; x_wconf 72' lang='lat' dir='ltr'>Die</span> <span class='ocrx_word' id='word_1_3' title='bbox 2046 620 2418 687; x_wconf 70' lang='lat' dir='ltr'>‘theologische</span> <span class='ocrx_word' id='word_1_4' title='bbox 2449 604 2704 673; x_wconf 55' lang='lat' dir='ltr'>Facultat.</span> 
     </span>
    </p>
   </div>
   <div class='ocr_carea' id='block_1_2' title="bbox 801 797 3723 2179">
    <p class='ocr_par' dir='ltr' id='par_1_2' title="bbox 883 797 3723 1187">
     <span class='ocr_line' id='line_1_2' title="bbox 884 797 3719 893; baseline -0.003 -23"><span class='ocrx_word' id='word_1_5' title='bbox 884 815 998 888; x_wconf 88' lang='lat' dir='ltr'>est,</span> <span class='ocrx_word' id='word_1_6' title='bbox 1041 803 1215 893; x_wconf 90' lang='lat' dir='ltr'>quod</span> <span class='ocrx_word' id='word_1_7' title='bbox 1243 803 1339 869; x_wconf 88' lang='lat' dir='ltr'>·de</span> <span class='ocrx_word' id='word_1_8' title='bbox 1382 815 1615 887; x_wconf 88' lang='lat' dir='ltr'>cetero,</span> <span class='ocrx_word' id='word_1_9' title='bbox 1660 805 1767 891; x_wconf 91' lang='lat' dir='ltr'>qui</span> <span class='ocrx_word' id='word_1_10' title='bbox 1809 806 1879 868; x_wconf 91' lang='lat' dir='ltr'>in</span> <span class='ocrx_word' id='word_1_11' title='bbox 1922 802 2052 868; x_wconf 87' lang='lat' dir='ltr'>alia</span> <span class='ocrx_word' id='word_1_12' title='bbox 2096 802 2515 867; x_wconf 79' lang='lat' dir='ltr'><strong>universitate</strong></span> <span class='ocrx_word' id='word_1_13' title='bbox 2563 810 2835 889; x_wconf 83' lang='lat' dir='ltr'>quatuor</span> <span class='ocrx_word' id='word_1_14' title='bbox 2871 799 3077 867; x_wconf 91' lang='lat' dir='ltr'>libros</span> <span class='ocrx_word' id='word_1_15' title='bbox 3123 801 3602 865; x_wconf 81' lang='lat' dir='ltr'>sentenciamm</span> <span class='ocrx_word' id='word_1_16' title='bbox 3625 797 3719 863; x_wconf 90' lang='lat' dir='ltr'>le-</span> 
     </span>
     <span class='ocr_line' id='line_1_3' title="bbox 883 897 3723 992; baseline -0.003 -23"><span class='ocrx_word' id='word_1_17' title='bbox 883 904 1112 992; x_wconf 88' lang='lat' dir='ltr'>gendo,</span> <span class='ocrx_word' id='word_1_18' title='bbox 1161 903 1492 987; x_wconf 89' lang='lat' dir='ltr'>arguendo</span> <span class='ocrx_word' id='word_1_19' title='bbox 1537 914 1600 967; x_wconf 91' lang='lat' dir='ltr'>et</span> <span class='ocrx_word' id='word_1_20' title='bbox 1642 898 2113 990; x_wconf 88' lang='lat' dir='ltr'>respondendo,</span> <span class='ocrx_word' id='word_1_21' title='bbox 2157 901 2410 989; x_wconf 89' lang='lat' dir='ltr'>aliaque</span> <span class='ocrx_word' id='word_1_22' title='bbox 2453 903 2669 966; x_wconf 91' lang='lat' dir='ltr'>omnia</span> <span class='ocrx_word' id='word_1_23' title='bbox 2714 901 2799 966; x_wconf 88' lang='lat' dir='ltr'>ad</span> <span class='ocrx_word' id='word_1_24' title='bbox 2841 902 3116 966; x_wconf 89' lang='lat' dir='ltr'>formam</span> <span class='ocrx_word' id='word_1_25' title='bbox 3166 921 3286 987; x_wconf 90' lang='lat' dir='ltr'>pro</span> <span class='ocrx_word' id='word_1_26' title='bbox 3316 898 3593 963; x_wconf 82' lang='lat' dir='ltr'>licencia</span> <span class='ocrx_word' id='word_1_27' title='bbox 3630 897 3723 962; x_wconf 87' lang='lat' dir='ltr'>ad</span> 
     </span>
     <span class='ocr_line' id='line_1_4' title="bbox 884 998 3721 1089; baseline -0.003 -20"><span class='ocrx_word' id='word_1_28' title='bbox 884 1005 1284 1070; x_wconf 89' lang='lat' dir='ltr'>doctoratum</span> <span class='ocrx_word' id='word_1_29' title='bbox 1329 1002 1639 1088; x_wconf 83' lang='lat' dir='ltr'>legittime</span> <span class='ocrx_word' id='word_1_30' title='bbox 1682 1000 2055 1088; x_wconf 90' lang='lat' dir='ltr'>recipiendo</span> <span class='ocrx_word' id='word_1_31' title='bbox 2087 1004 2104 1043; x_wconf 90' lang='lat'><strong>¹</strong></span> <span class='ocrx_word' id='word_1_32' title='bbox 2153 1011 2481 1089; x_wconf 91' lang='lat' dir='ltr'>promotus</span> <span class='ocrx_word' id='word_1_33' title='bbox 2538 1003 2658 1084; x_wconf 88' lang='lat' dir='ltr'>sit,</span> <span class='ocrx_word' id='word_1_34' title='bbox 2701 1000 2984 1088; x_wconf 84' lang='lat' dir='ltr'>velitque</span> <span class='ocrx_word' id='word_1_35' title='bbox 3025 1000 3229 1085; x_wconf 86' lang='lat' dir='ltr'>recipi</span> <span class='ocrx_word' id='word_1_36' title='bbox 3272 998 3359 1062; x_wconf 88' lang='lat' dir='ltr'>ad</span> <span class='ocrx_word' id='word_1_37' title='bbox 3400 1000 3721 1083; x_wconf 88' lang='lat' dir='ltr'>gremium</span> 
     </span>
     <span class='ocr_line' id='line_1_5' title="bbox 883 1097 3719 1187; baseline -0.003 -20"><span class='ocrx_word' id='word_1_38' title='bbox 883 1103 1207 1167; x_wconf 82' lang='lat' dir='ltr'>facultatis</span> <span class='ocrx_word' id='word_1_39' title='bbox 1251 1101 1648 1187; x_wconf 80' lang='lat' dir='ltr'>theologicae</span> <span class='ocrx_word' id='word_1_40' title='bbox 1693 1110 1757 1165; x_wconf 92' lang='lat' dir='ltr'>et</span> <span class='ocrx_word' id='word_1_41' title='bbox 1796 1100 2003 1166; x_wconf 92' lang='lat' dir='ltr'>locum</span> <span class='ocrx_word' id='word_1_42' title='bbox 2054 1097 2156 1186; x_wconf 83' lang='lat'>[24</span> <span class='ocrx_word' id='word_1_43' title='bbox 2176 1097 2227 1187; x_wconf 84' lang='lat' dir='ltr'>b]</span> <span class='ocrx_word' id='word_1_44' title='bbox 2272 1099 2590 1165; x_wconf 87' lang='lat' dir='ltr'>obtinere:</span> <span class='ocrx_word' id='word_1_45' title='bbox 2653 1102 2710 1165; x_wconf 90' lang='lat' dir='ltr'>si</span> <span class='ocrx_word' id='word_1_46' title='bbox 2773 1100 2881 1166; x_wconf 90' lang='lat' dir='ltr'>hic</span> <span class='ocrx_word' id='word_1_47' title='bbox 2935 1122 3056 1164; x_wconf 89' lang='lat' dir='ltr'>nec</span> <span class='ocrx_word' id='word_1_48' title='bbox 3109 1120 3372 1164; x_wconf 88' lang='lat' dir='ltr'>cursum</span> <span class='ocrx_word' id='word_1_49' title='bbox 3409 1118 3536 1160; x_wconf 90' lang='lat' dir='ltr'>nec</span> <span class='ocrx_word' id='word_1_50' title='bbox 3579 1118 3719 1159; x_wconf 87' lang='lat' dir='ltr'>sen·</span> 
     </span>
    </p>

    <p class='ocr_par' dir='ltr' id='par_1_3' title="bbox 801 1194 3721 1686">
     <span class='ocr_line' id='line_1_6' title="bbox 801 1194 3718 1287; baseline -0.003 -21"><span class='ocrx_word' id='word_1_51' title='bbox 801 1212 833 1266; x_wconf 86' lang='lat'><strong>5</strong></span> <span class='ocrx_word' id='word_1_52' title='bbox 883 1203 1127 1266; x_wconf 89' lang='lat' dir='ltr'>tencias</span> <span class='ocrx_word' id='word_1_53' title='bbox 1168 1199 1414 1287; x_wconf 91' lang='lat' dir='ltr'>legerit,</span> <span class='ocrx_word' id='word_1_54' title='bbox 1457 1200 1649 1265; x_wconf 87' lang='lat' dir='ltr'>debet</span> <span class='ocrx_word' id='word_1_55' title='bbox 1688 1200 1845 1265; x_wconf 87' lang='lat' dir='ltr'>dare</span> <span class='ocrx_word' id='word_1_56' title='bbox 1889 1199 2188 1264; x_wconf 88' lang='lat' dir='ltr'>adminus</span> <span class='ocrx_word' id='word_1_57' title='bbox 2232 1200 2498 1285; x_wconf 87' lang='lat' dir='ltr'>triginta</span> <span class='ocrx_word' id='word_1_58' title='bbox 2540 1199 2817 1266; x_wconf 87' lang='lat' dir='ltr'>florenos</span> <span class='ocrx_word' id='word_1_59' title='bbox 2847 1202 2890 1283; x_wconf 83' lang='lat'>²,</span> <span class='ocrx_word' id='word_1_60' title='bbox 2928 1201 3091 1265; x_wconf 89' lang='lat' dir='ltr'>duos</span> <span class='ocrx_word' id='word_1_61' title='bbox 3131 1198 3413 1264; x_wconf 89' lang='lat' dir='ltr'>florenos</span> <span class='ocrx_word' id='word_1_62' title='bbox 3454 1194 3718 1259; x_wconf 86' lang='lat' dir='ltr'>famulis</span> 
     </span>
     <span class='ocr_line' id='line_1_7' title="bbox 885 1293 3721 1387; baseline -0.002 -23"><span class='ocrx_word' id='word_1_63' title='bbox 885 1313 948 1365; x_wconf 89' lang='lat' dir='ltr'>et</span> <span class='ocrx_word' id='word_1_64' title='bbox 990 1300 1333 1387; x_wconf 89' lang='lat' dir='ltr'>prandium</span> <span class='ocrx_word' id='word_1_65' title='bbox 1374 1299 1779 1382; x_wconf 80' lang='lat' dir='ltr'>doctoribus3</span> <span class='ocrx_word' id='word_1_66' title='bbox 1865 1300 1921 1363; x_wconf 91' lang='lat' dir='ltr'>si</span> <span class='ocrx_word' id='word_1_67' title='bbox 1966 1321 2118 1366; x_wconf 86' lang='lat' dir='ltr'>vero</span> <span class='ocrx_word' id='word_1_68' title='bbox 2157 1298 2263 1362; x_wconf 90' lang='lat' dir='ltr'>hic</span> <span class='ocrx_word' id='word_1_69' title='bbox 2310 1321 2567 1363; x_wconf 89' lang='lat' dir='ltr'>cursum</span> <span class='ocrx_word' id='word_1_70' title='bbox 2609 1300 2748 1364; x_wconf 89' lang='lat' dir='ltr'>sine</span> <span class='ocrx_word' id='word_1_71' title='bbox 2802 1300 3143 1364; x_wconf 83' lang='lat' dir='ltr'>sentenciis</span> <span class='ocrx_word' id='word_1_72' title='bbox 3186 1296 3456 1382; x_wconf 88' lang='lat' dir='ltr'>legerit,</span> <span class='ocrx_word' id='word_1_73' title='bbox 3511 1293 3721 1359; x_wconf 83' lang='lat' dir='ltr'>solvat</span> 
     </span>
     <span class='ocr_line' id='line_1_8' title="bbox 886 1393 3716 1488; baseline -0.002 -25"><span class='ocrx_word' id='word_1_74' title='bbox 886 1400 1116 1485; x_wconf 85' lang='lat' dir='ltr'>viginti</span> <span class='ocrx_word' id='word_1_75' title='bbox 1159 1401 1438 1488; x_wconf 90' lang='lat' dir='ltr'>quinque</span> <span class='ocrx_word' id='word_1_76' title='bbox 1482 1399 1756 1464; x_wconf 89' lang='lat' dir='ltr'>florenos</span> <span class='ocrx_word' id='word_1_77' title='bbox 1800 1409 1864 1463; x_wconf 91' lang='lat' dir='ltr'>et</span> <span class='ocrx_word' id='word_1_78' title='bbox 1903 1421 2100 1462; x_wconf 91' lang='lat' dir='ltr'>unum</span> <span class='ocrx_word' id='word_1_79' title='bbox 2143 1397 2459 1462; x_wconf 89' lang='lat' dir='ltr'>florenum</span> <span class='ocrx_word' id='word_1_80' title='bbox 2495 1398 2751 1464; x_wconf 86' lang='lat' dir='ltr'>famulis</span> <span class='ocrx_word' id='word_1_81' title='bbox 2813 1408 2877 1463; x_wconf 90' lang='lat' dir='ltr'>et</span> <span class='ocrx_word' id='word_1_82' title='bbox 2918 1396 3290 1463; x_wconf 87' lang='lat' dir='ltr'>doctoribus</span> <span class='ocrx_word' id='word_1_83' title='bbox 3333 1393 3716 1483; x_wconf 78' lang='lat' dir='ltr'>prandium3</span> 
     </span>
     <span class='ocr_line' id='line_1_9' title="bbox 886 1492 3714 1582; baseline -0.002 -20"><span class='ocrx_word' id='word_1_84' title='bbox 886 1501 941 1563; x_wconf 89' lang='lat' dir='ltr'>si</span> <span class='ocrx_word' id='word_1_85' title='bbox 983 1518 1139 1563; x_wconf 89' lang='lat' dir='ltr'>vero</span> <span class='ocrx_word' id='word_1_86' title='bbox 1183 1500 1541 1563; x_wconf 89' lang='lat' dir='ltr'>sentencias</span> <span class='ocrx_word' id='word_1_87' title='bbox 1596 1497 1702 1562; x_wconf 88' lang='lat' dir='ltr'>hic</span> <span class='ocrx_word' id='word_1_88' title='bbox 1757 1496 2015 1582; x_wconf 89' lang='lat' dir='ltr'>legerit,</span> <span class='ocrx_word' id='word_1_89' title='bbox 2083 1496 2293 1562; x_wconf 89' lang='lat' dir='ltr'>solvat</span> <span class='ocrx_word' id='word_1_90' title='bbox 2353 1497 2593 1582; x_wconf 89' lang='lat' dir='ltr'>viginti</span> <span class='ocrx_word' id='word_1_91' title='bbox 2639 1497 2709 1562; x_wconf 93' lang='lat' dir='ltr'>fl.</span> <span class='ocrx_word' id='word_1_92' title='bbox 2758 1508 2824 1562; x_wconf 91' lang='lat' dir='ltr'>et</span> <span class='ocrx_word' id='word_1_93' title='bbox 2865 1521 3061 1562; x_wconf 90' lang='lat' dir='ltr'>unum</span> <span class='ocrx_word' id='word_1_94' title='bbox 3100 1496 3413 1561; x_wconf 88' lang='lat' dir='ltr'>florenum</span> <span class='ocrx_word' id='word_1_95' title='bbox 3459 1492 3714 1558; x_wconf 81' lang='lat' dir='ltr'>famulis</span> 
     </span>
     <span class='ocr_line' id='line_1_10' title="bbox 887 1593 3712 1686; baseline -0.002 -24"><span class='ocrx_word' id='word_1_96' title='bbox 887 1597 1360 1686; x_wconf 86' lang='lat' dir='ltr'>prandiumque</span> <span class='ocrx_word' id='word_1_97' title='bbox 1399 1596 1789 1662; x_wconf 85' lang='lat' dir='ltr'>doctoribus.</span> <span class='ocrx_word' id='word_1_98' title='bbox 1867 1597 2131 1661; x_wconf 87' lang='lat' dir='ltr'>Debent</span> <span class='ocrx_word' id='word_1_99' title='bbox 2170 1597 2374 1660; x_wconf 88' lang='lat' dir='ltr'>eciam</span> <span class='ocrx_word' id='word_1_100' title='bbox 2414 1595 2597 1678; x_wconf 87' lang='lat' dir='ltr'>tales,</span> <span class='ocrx_word' id='word_1_101' title='bbox 2658 1598 3038 1684; x_wconf 82' lang='lat' dir='ltr'>priusquam</span> <span class='ocrx_word' id='word_1_102' title='bbox 3093 1595 3179 1659; x_wconf 91' lang='lat' dir='ltr'>ad</span> <span class='ocrx_word' id='word_1_103' title='bbox 3232 1593 3581 1659; x_wconf 85' lang='lat' dir='ltr'>consilium</span> <span class='ocrx_word' id='word_1_104' title='bbox 3630 1593 3712 1656; x_wconf 85' lang='lat' dir='ltr'>fa·</span> 
     </span>
    </p>

    <p class='ocr_par' dir='ltr' id='par_1_4' title="bbox 812 1692 3715 2179">
     <span class='ocr_line' id='line_1_11' title="bbox 812 1692 3712 1783; baseline -0.002 -21"><span class='ocrx_word' id='word_1_105' title='bbox 812 1707 874 1762; x_wconf 88' lang='lat'>10</span> <span class='ocrx_word' id='word_1_106' title='bbox 893 1696 1152 1761; x_wconf 87' lang='lat' dir='ltr'>cultatis</span> <span class='ocrx_word' id='word_1_107' title='bbox 1194 1698 1612 1782; x_wconf 86' lang='lat' dir='ltr'>recipiantur,</span> <span class='ocrx_word' id='word_1_108' title='bbox 1654 1720 1771 1783; x_wconf 90' lang='lat' dir='ltr'>pro</span> <span class='ocrx_word' id='word_1_109' title='bbox 1817 1694 2255 1782; x_wconf 87' lang='lat' dir='ltr'>complecione</span> <span class='ocrx_word' id='word_1_110' title='bbox 2298 1694 2555 1782; x_wconf 92' lang='lat' dir='ltr'>publice</span> <span class='ocrx_word' id='word_1_111' title='bbox 2599 1706 2874 1782; x_wconf 89' lang='lat' dir='ltr'>quatuor</span> <span class='ocrx_word' id='word_1_112' title='bbox 2915 1716 3119 1760; x_wconf 90' lang='lat' dir='ltr'>annos</span> <span class='ocrx_word' id='word_1_113' title='bbox 3161 1695 3228 1758; x_wconf 94' lang='lat' dir='ltr'>in</span> <span class='ocrx_word' id='word_1_114' title='bbox 3253 1692 3528 1759; x_wconf 90' lang='lat' dir='ltr'>lectorio</span> <span class='ocrx_word' id='word_1_115' title='bbox 3550 1692 3712 1756; x_wconf 88' lang='lat' dir='ltr'>theo-</span> 
     </span>
     <span class='ocr_line' id='line_1_12' title="bbox 888 1791 3713 1882; baseline -0.001 -23"><span class='ocrx_word' id='word_1_116' title='bbox 888 1794 1182 1881; x_wconf 87' lang='lat' dir='ltr'>logorum</span> <span class='ocrx_word' id='word_1_117' title='bbox 1224 1795 1459 1882; x_wconf 90' lang='lat' dir='ltr'>legere,</span> <span class='ocrx_word' id='word_1_118' title='bbox 1503 1793 1663 1859; x_wconf 89' lang='lat' dir='ltr'>alias</span> <span class='ocrx_word' id='word_1_119' title='bbox 1708 1795 1793 1859; x_wconf 91' lang='lat' dir='ltr'>ad</span> <span class='ocrx_word' id='word_1_120' title='bbox 1836 1795 2171 1860; x_wconf 89' lang='lat' dir='ltr'>consilium</span> <span class='ocrx_word' id='word_1_121' title='bbox 2211 1818 2342 1860; x_wconf 90' lang='lat' dir='ltr'>non</span> <span class='ocrx_word' id='word_1_122' title='bbox 2384 1796 2804 1882; x_wconf 87' lang='lat' dir='ltr'>recipiantur.</span> <span class='ocrx_word' id='word_1_123' title='bbox 2887 1794 3020 1875; x_wconf 75' lang='lat' dir='ltr'>Qui</span> <span class='ocrx_word' id='word_1_124' title='bbox 3059 1817 3213 1859; x_wconf 92' lang='lat' dir='ltr'>vero</span> <span class='ocrx_word' id='word_1_125' title='bbox 3253 1796 3339 1856; x_wconf 69' lang='lat' dir='ltr'>in·</span> <span class='ocrx_word' id='word_1_126' title='bbox 3364 1791 3551 1856; x_wconf 89' lang='lat' dir='ltr'>nulla</span> <span class='ocrx_word' id='word_1_127' title='bbox 3589 1794 3713 1856; x_wconf 89' lang='lat' dir='ltr'>uni·</span> 
     </span>
     <span class='ocr_line' id='line_1_13' title="bbox 887 1892 3713 1982; baseline -0.002 -23"><span class='ocrx_word' id='word_1_128' title='bbox 887 1896 1194 1959; x_wconf 80' lang='lat' dir='ltr'>versitate</span> <span class='ocrx_word' id='word_1_129' title='bbox 1234 1904 1564 1982; x_wconf 90' lang='lat' dir='ltr'>promotus</span> <span class='ocrx_word' id='word_1_130' title='bbox 1609 1896 1720 1976; x_wconf 87' lang='lat' dir='ltr'>sit,</span> <span class='ocrx_word' id='word_1_131' title='bbox 1782 1916 1990 1980; x_wconf 88' lang='lat' dir='ltr'>neque</span> <span class='ocrx_word' id='word_1_132' title='bbox 2042 1893 2147 1958; x_wconf 90' lang='lat' dir='ltr'>hic</span> <span class='ocrx_word' id='word_1_133' title='bbox 2180 1916 2385 1979; x_wconf 90' lang='lat' dir='ltr'>neque</span> <span class='ocrx_word' id='word_1_134' title='bbox 2428 1896 2497 1958; x_wconf 91' lang='lat' dir='ltr'>in</span> <span class='ocrx_word' id='word_1_135' title='bbox 2537 1894 2758 1982; x_wconf 89' lang='lat' dir='ltr'>aliqua</span> <span class='ocrx_word' id='word_1_136' title='bbox 2780 1897 2806 1937; x_wconf 75' lang='lat'>³</span> <span class='ocrx_word' id='word_1_137' title='bbox 2870 1895 3288 1959; x_wconf 85' lang='lat' dir='ltr'>universitate</span> <span class='ocrx_word' id='word_1_138' title='bbox 3332 1892 3713 1970; x_wconf 82' lang='lat' dir='ltr'>sentencias,</span> 
     </span>
     <span class='ocr_line' id='line_1_14' title="bbox 894 1990 3715 2080; baseline -0.002 -22"><span class='ocrx_word' id='word_1_139' title='bbox 894 2003 964 2058; x_wconf 91' lang='lat' dir='ltr'>ut</span> <span class='ocrx_word' id='word_1_140' title='bbox 1005 1996 1456 2079; x_wconf 88' lang='lat' dir='ltr'>praemittitur,</span> <span class='ocrx_word' id='word_1_141' title='bbox 1501 1992 1748 2080; x_wconf 89' lang='lat' dir='ltr'>legerit,</span> <span class='ocrx_word' id='word_1_142' title='bbox 1793 2015 2001 2079; x_wconf 90' lang='lat' dir='ltr'>neque</span> <span class='ocrx_word' id='word_1_143' title='bbox 2046 1992 2132 2057; x_wconf 89' lang='lat' dir='ltr'>ad</span> <span class='ocrx_word' id='word_1_144' title='bbox 2173 1992 2383 2058; x_wconf 89' lang='lat' dir='ltr'>locum</span> <span class='ocrx_word' id='word_1_145' title='bbox 2434 1996 2604 2058; x_wconf 91' lang='lat' dir='ltr'>inter</span> <span class='ocrx_word' id='word_1_146' title='bbox 2644 1992 2942 2059; x_wconf 89' lang='lat' dir='ltr'>doctores</span> <span class='ocrx_word' id='word_1_147' title='bbox 2999 2013 3204 2077; x_wconf 85' lang='lat' dir='ltr'>neque</span> <span class='ocrx_word' id='word_1_148' title='bbox 3260 1990 3345 2055; x_wconf 90' lang='lat' dir='ltr'>ad</span> <span class='ocrx_word' id='word_1_149' title='bbox 3402 1990 3715 2076; x_wconf 87' lang='lat' dir='ltr'>gremium</span> 
     </span>
     <span class='ocr_line' id='line_1_15' title="bbox 892 2091 2392 2179; baseline -0.001 -24"><span class='ocrx_word' id='word_1_150' title='bbox 892 2091 1224 2158; x_wconf 88' lang='lat' dir='ltr'>doctorum</span> <span class='ocrx_word' id='word_1_151' title='bbox 1266 2092 1624 2179; x_wconf 87' lang='lat' dir='ltr'>theologiae</span> <span class='ocrx_word' id='word_1_152' title='bbox 1664 2092 1979 2157; x_wconf 85' lang='lat' dir='ltr'>ullatenus</span> <span class='ocrx_word' id='word_1_153' title='bbox 2022 2093 2392 2179; x_wconf 84' lang='lat' dir='ltr'>recipiatur.</span> 
     </span>
    </p>
   </div>
   <div class='ocr_carea' id='block_1_3' title="bbox 804 2255 3727 3733">
    <p class='ocr_par' dir='ltr' id='par_1_5' title="bbox 817 2255 3721 2741">
     <span class='ocr_line' id='line_1_16' title="bbox 817 2255 3719 2345; baseline -0 -26"><span class='ocrx_word' id='word_1_154' title='bbox 817 2265 877 2320; x_wconf 85' lang='lat'>15</span> <span class='ocrx_word' id='word_1_155' title='bbox 1065 2264 1165 2332; x_wconf 84' lang='grc'>48.</span> <span class='ocrx_word' id='word_1_156' title='bbox 1204 2258 1452 2323; x_wconf 87' lang='lat' dir='ltr'>Habita</span> <span class='ocrx_word' id='word_1_157' title='bbox 1494 2260 1759 2343; x_wconf 87' lang='lat' dir='ltr'>insuper</span> <span class='ocrx_word' id='word_1_158' title='bbox 1800 2256 1993 2345; x_wconf 90' lang='lat' dir='ltr'>plena</span> <span class='ocrx_word' id='word_1_159' title='bbox 2037 2258 2367 2324; x_wconf 87' lang='lat' dir='ltr'>doctorum</span> <span class='ocrx_word' id='word_1_160' title='bbox 2413 2259 2887 2323; x_wconf 88' lang='lat' dir='ltr'>convocacione</span> <span class='ocrx_word' id='word_1_161' title='bbox 2926 2279 3046 2343; x_wconf 89' lang='lat' dir='ltr'>pro</span> <span class='ocrx_word' id='word_1_162' title='bbox 3094 2256 3451 2344; x_wconf 89' lang='lat' dir='ltr'>superioris</span> <span class='ocrx_word' id='word_1_163' title='bbox 3505 2255 3719 2319; x_wconf 86' lang='lat' dir='ltr'>statuti</span> 
     </span>
     <span class='ocr_line' id='line_1_17' title="bbox 891 2350 3719 2444; baseline -0.001 -24"><span class='ocrx_word' id='word_1_164' title='bbox 891 2355 1354 2440; x_wconf 89' lang='lat' dir='ltr'>declaracione,</span> <span class='ocrx_word' id='word_1_165' title='bbox 1397 2357 1519 2421; x_wconf 87' lang='lat' dir='ltr'>fuit</span> <span class='ocrx_word' id='word_1_166' title='bbox 1559 2355 1944 2439; x_wconf 89' lang='lat' dir='ltr'>conclusum,</span> <span class='ocrx_word' id='word_1_167' title='bbox 1991 2357 2166 2444; x_wconf 89' lang='lat' dir='ltr'>quod</span> <span class='ocrx_word' id='word_1_168' title='bbox 2210 2356 2620 2442; x_wconf 88' lang='lat' dir='ltr'>recipiendus</span> <span class='ocrx_word' id='word_1_169' title='bbox 2666 2356 2902 2422; x_wconf 88' lang='lat' dir='ltr'>debeat</span> <span class='ocrx_word' id='word_1_170' title='bbox 2942 2358 3155 2444; x_wconf 88' lang='lat' dir='ltr'>recipi</span> <span class='ocrx_word' id='word_1_171' title='bbox 3198 2355 3283 2421; x_wconf 88' lang='lat' dir='ltr'>ad</span> <span class='ocrx_word' id='word_1_172' title='bbox 3318 2351 3423 2440; x_wconf 83' lang='lat'>[25</span> <span class='ocrx_word' id='word_1_173' title='bbox 3438 2350 3492 2441; x_wconf 80' lang='lat'>⁸]</span> <span class='ocrx_word' id='word_1_174' title='bbox 3520 2356 3719 2418; x_wconf 88' lang='lat' dir='ltr'>instar</span> 
     </span>
     <span class='ocr_line' id='line_1_18' title="bbox 892 2455 3719 2542; baseline -0 -24"><span class='ocrx_word' id='word_1_175' title='bbox 892 2455 1406 2541; x_wconf 90' lang='lat' dir='ltr'>recipiendorum</span> <span class='ocrx_word' id='word_1_176' title='bbox 1446 2455 1721 2521; x_wconf 86' lang='lat' dir='ltr'>aliarum</span> <span class='ocrx_word' id='word_1_177' title='bbox 1760 2457 2157 2538; x_wconf 84' lang='lat' dir='ltr'>facultatum,</span> <span class='ocrx_word' id='word_1_178' title='bbox 2198 2457 2290 2520; x_wconf 89' lang='lat' dir='ltr'>ita</span> <span class='ocrx_word' id='word_1_179' title='bbox 2332 2455 2502 2542; x_wconf 91' lang='lat' dir='ltr'>quod</span> <span class='ocrx_word' id='word_1_180' title='bbox 2520 2504 2538 2537; x_wconf 92' lang='lat'>,</span> <span class='ocrx_word' id='word_1_181' title='bbox 2593 2455 2707 2520; x_wconf 89' lang='lat' dir='ltr'>ubi</span> <span class='ocrx_word' id='word_1_182' title='bbox 2764 2467 2955 2520; x_wconf 89' lang='lat' dir='ltr'>antea</span> <span class='ocrx_word' id='word_1_183' title='bbox 3011 2457 3079 2521; x_wconf 89' lang='lat' dir='ltr'>in</span> <span class='ocrx_word' id='word_1_184' title='bbox 3133 2456 3258 2520; x_wconf 89' lang='lat' dir='ltr'>hac</span> <span class='ocrx_word' id='word_1_185' title='bbox 3302 2455 3719 2518; x_wconf 85' lang='lat' dir='ltr'>universitate</span> 
     </span>
     <span class='ocr_line' id='line_1_19' title="bbox 893 2552 3721 2643; baseline 0 -26"><span class='ocrx_word' id='word_1_186' title='bbox 893 2553 1091 2619; x_wconf 88' lang='lat' dir='ltr'>nichil</span> <span class='ocrx_word' id='word_1_187' title='bbox 1132 2578 1253 2642; x_wconf 89' lang='lat' dir='ltr'>pro</span> <span class='ocrx_word' id='word_1_188' title='bbox 1295 2554 1652 2640; x_wconf 87' lang='lat' dir='ltr'>theologico</span> <span class='ocrx_word' id='word_1_189' title='bbox 1695 2556 1906 2640; x_wconf 89' lang='lat' dir='ltr'>gradu</span> <span class='ocrx_word' id='word_1_190' title='bbox 1945 2554 2384 2643; x_wconf 88' lang='lat' dir='ltr'>compleverit,</span> <span class='ocrx_word' id='word_1_191' title='bbox 2428 2552 2663 2618; x_wconf 90' lang='lat' dir='ltr'>debeat</span> <span class='ocrx_word' id='word_1_192' title='bbox 2704 2553 2790 2619; x_wconf 91' lang='lat' dir='ltr'>ad</span> <span class='ocrx_word' id='word_1_193' title='bbox 2830 2557 3041 2620; x_wconf 90' lang='lat' dir='ltr'>minus</span> <span class='ocrx_word' id='word_1_194' title='bbox 3083 2576 3203 2642; x_wconf 90' lang='lat' dir='ltr'>per</span> <span class='ocrx_word' id='word_1_195' title='bbox 3242 2555 3573 2639; x_wconf 83' lang='lat' dir='ltr'>integrum</span> <span class='ocrx_word' id='word_1_196' title='bbox 3614 2575 3721 2618; x_wconf 86' lang='lat' dir='ltr'>an·</span> 
     </span>
     <span class='ocr_line' id='line_1_20' title="bbox 892 2652 3721 2741; baseline 0 -25"><span class='ocrx_word' id='word_1_197' title='bbox 892 2674 1043 2716; x_wconf 90' lang='lat' dir='ltr'>num</span> <span class='ocrx_word' id='word_1_198' title='bbox 1099 2652 1204 2718; x_wconf 91' lang='lat' dir='ltr'>hic</span> <span class='ocrx_word' id='word_1_199' title='bbox 1255 2657 1538 2737; x_wconf 80' lang='lat' dir='ltr'>stetisse3</span> <span class='ocrx_word' id='word_1_200' title='bbox 1619 2653 1734 2718; x_wconf 89' lang='lat' dir='ltr'>ubi</span> <span class='ocrx_word' id='word_1_201' title='bbox 1785 2675 1942 2718; x_wconf 88' lang='lat' dir='ltr'>vero</span> <span class='ocrx_word' id='word_1_202' title='bbox 1998 2653 2244 2741; x_wconf 90' lang='lat' dir='ltr'>aliquid</span> <span class='ocrx_word' id='word_1_203' title='bbox 2304 2652 2724 2741; x_wconf 88' lang='lat' dir='ltr'>compleverit</span> <span class='ocrx_word' id='word_1_204' title='bbox 2789 2676 2908 2740; x_wconf 88' lang='lat' dir='ltr'>per</span> <span class='ocrx_word' id='word_1_205' title='bbox 2962 2652 3243 2718; x_wconf 82' lang='lat' dir='ltr'>medium</span> <span class='ocrx_word' id='word_1_206' title='bbox 3298 2674 3576 2735; x_wconf 85' lang='lat' dir='ltr'>annum,</span> <span class='ocrx_word' id='word_1_207' title='bbox 3633 2654 3721 2717; x_wconf 89' lang='lat' dir='ltr'>sic</span> 
     </span>
    </p>

    <p class='ocr_par' dir='ltr' id='par_1_6' title="bbox 811 2750 3724 3238">
     <span class='ocr_line' id='line_1_21' title="bbox 811 2750 3722 2841; baseline 0 -26"><span class='ocrx_word' id='word_1_208' title='bbox 811 2759 878 2815; x_wconf 88' lang='lat'>20</span> <span class='ocrx_word' id='word_1_209' title='bbox 900 2751 1074 2838; x_wconf 92' lang='lat' dir='ltr'>quod</span> <span class='ocrx_word' id='word_1_210' title='bbox 1116 2753 1182 2816; x_wconf 92' lang='lat' dir='ltr'>in</span> <span class='ocrx_word' id='word_1_211' title='bbox 1226 2753 1441 2841; x_wconf 86' lang='lat' dir='ltr'>aliquo</span> <span class='ocrx_word' id='word_1_212' title='bbox 1482 2751 1794 2818; x_wconf 90' lang='lat' dir='ltr'>librorum</span> <span class='ocrx_word' id='word_1_213' title='bbox 1839 2753 1963 2818; x_wconf 91' lang='lat' dir='ltr'>sibi</span> <span class='ocrx_word' id='word_1_214' title='bbox 2004 2776 2045 2818; x_wconf 89' lang='lat' dir='ltr'>a</span> <span class='ocrx_word' id='word_1_215' title='bbox 2085 2752 2391 2818; x_wconf 82' lang='lat' dir='ltr'>facultate</span> <span class='ocrx_word' id='word_1_216' title='bbox 2439 2753 2913 2838; x_wconf 87' lang='lat' dir='ltr'>assignatorum</span> <span class='ocrx_word' id='word_1_217' title='bbox 2958 2752 3284 2817; x_wconf 87' lang='lat' dir='ltr'>ordinarie</span> <span class='ocrx_word' id='word_1_218' title='bbox 3323 2751 3526 2837; x_wconf 88' lang='lat' dir='ltr'>legat,</span> <span class='ocrx_word' id='word_1_219' title='bbox 3570 2750 3722 2815; x_wconf 82' lang='lat' dir='ltr'>hinc</span> 
     </span>
     <span class='ocr_line' id='line_1_22' title="bbox 894 2849 3721 2939; baseline -0 -24"><span class='ocrx_word' id='word_1_220' title='bbox 894 2873 1014 2937; x_wconf 92' lang='lat' dir='ltr'>pro</span> <span class='ocrx_word' id='word_1_221' title='bbox 1056 2849 1199 2916; x_wconf 89' lang='lat' dir='ltr'>loco</span> <span class='ocrx_word' id='word_1_222' title='bbox 1244 2851 1636 2939; x_wconf 80' lang='lat' dir='ltr'>respondeat</span> <span class='ocrx_word' id='word_1_223' title='bbox 1682 2851 1914 2939; x_wconf 90' lang='lat' dir='ltr'>detque</span> <span class='ocrx_word' id='word_1_224' title='bbox 1957 2875 2084 2917; x_wconf 89' lang='lat' dir='ltr'>non</span> <span class='ocrx_word' id='word_1_225' title='bbox 2124 2850 2328 2917; x_wconf 92' lang='lat' dir='ltr'>solum</span> <span class='ocrx_word' id='word_1_226' title='bbox 2373 2851 2745 2917; x_wconf 90' lang='lat' dir='ltr'>doctoribus</span> <span class='ocrx_word' id='word_1_227' title='bbox 2787 2852 2901 2916; x_wconf 86' lang='lat' dir='ltr'>sed</span> <span class='ocrx_word' id='word_1_228' title='bbox 2957 2862 3020 2917; x_wconf 89' lang='lat' dir='ltr'>et</span> <span class='ocrx_word' id='word_1_229' title='bbox 3062 2851 3486 2937; x_wconf 85' lang='lat' dir='ltr'>arguentibus</span> <span class='ocrx_word' id='word_1_230' title='bbox 3531 2873 3721 2939; x_wconf 87' lang='lat' dir='ltr'>pran-</span> 
     </span>
     <span class='ocr_line' id='line_1_23' title="bbox 895 2948 3721 3038; baseline -0 -22"><span class='ocrx_word' id='word_1_231' title='bbox 895 2951 1092 3033; x_wconf 90' lang='lat' dir='ltr'>dium,</span> <span class='ocrx_word' id='word_1_232' title='bbox 1134 2948 1466 3038; x_wconf 87' lang='lat' dir='ltr'>solvatque</span> <span class='ocrx_word' id='word_1_233' title='bbox 1507 2960 1766 3038; x_wconf 88' lang='lat' dir='ltr'>praeter</span> <span class='ocrx_word' id='word_1_234' title='bbox 1806 2974 2154 3035; x_wconf 88' lang='lat' dir='ltr'>summam,</span> <span class='ocrx_word' id='word_1_235' title='bbox 2214 2952 2283 3015; x_wconf 89' lang='lat' dir='ltr'>in</span> <span class='ocrx_word' id='word_1_236' title='bbox 2339 2952 2661 3038; x_wconf 89' lang='lat' dir='ltr'>superiori</span> <span class='ocrx_word' id='word_1_237' title='bbox 2714 2960 2952 3018; x_wconf 89' lang='lat' dir='ltr'>statuto</span> <span class='ocrx_word' id='word_1_238' title='bbox 3006 2973 3406 3038; x_wconf 87' lang='lat' dir='ltr'>expressam,</span> <span class='ocrx_word' id='word_1_239' title='bbox 3445 2950 3721 3015; x_wconf 87' lang='lat' dir='ltr'>doctori-</span> 
     </span>
     <span class='ocr_line' id='line_1_24' title="bbox 894 3048 3720 3137; baseline -0 -22"><span class='ocrx_word' id='word_1_240' title='bbox 894 3048 1018 3115; x_wconf 89' lang='lat' dir='ltr'>bus</span> <span class='ocrx_word' id='word_1_241' title='bbox 1060 3049 1346 3115; x_wconf 85' lang='lat' dir='ltr'>debitam</span> <span class='ocrx_word' id='word_1_242' title='bbox 1392 3060 1455 3115; x_wconf 92' lang='lat' dir='ltr'>et</span> <span class='ocrx_word' id='word_1_243' title='bbox 1494 3049 1577 3114; x_wconf 91' lang='lat' dir='ltr'>ad</span> <span class='ocrx_word' id='word_1_244' title='bbox 1620 3050 1847 3115; x_wconf 89' lang='lat' dir='ltr'>fiscum</span> <span class='ocrx_word' id='word_1_245' title='bbox 1888 3048 2211 3115; x_wconf 85' lang='lat' dir='ltr'>facultatis</span> <span class='ocrx_word' id='word_1_246' title='bbox 2253 3050 2352 3132; x_wconf 91' lang='lat' dir='ltr'>id,</span> <span class='ocrx_word' id='word_1_247' title='bbox 2414 3050 2587 3137; x_wconf 92' lang='lat' dir='ltr'>quod</span> <span class='ocrx_word' id='word_1_248' title='bbox 2636 3052 2816 3137; x_wconf 91' lang='lat' dir='ltr'>prius</span> <span class='ocrx_word' id='word_1_249' title='bbox 2861 3050 2946 3119; x_wconf 86' lang='lat' dir='ltr'>ad</span> <span class='ocrx_word' id='word_1_250' title='bbox 2986 3050 3213 3115; x_wconf 89' lang='lat' dir='ltr'>fiscum</span> <span class='ocrx_word' id='word_1_251' title='bbox 3253 3072 3385 3114; x_wconf 89' lang='lat' dir='ltr'>non</span> <span class='ocrx_word' id='word_1_252' title='bbox 3433 3049 3720 3132; x_wconf 86' lang='lat' dir='ltr'>solverit,</span> 
     </span>
     <span class='ocr_line' id='line_1_25' title="bbox 900 3148 3724 3238; baseline -0 -24"><span class='ocrx_word' id='word_1_253' title='bbox 900 3159 1129 3238; x_wconf 89' lang='lat' dir='ltr'>utputa</span> <span class='ocrx_word' id='word_1_254' title='bbox 1150 3151 1197 3234; x_wconf 78' lang='lat'>⁴¹,</span> <span class='ocrx_word' id='word_1_255' title='bbox 1238 3150 1294 3215; x_wconf 90' lang='lat' dir='ltr'>si</span> <span class='ocrx_word' id='word_1_256' title='bbox 1338 3158 1527 3215; x_wconf 89' lang='lat' dir='ltr'>antea</span> <span class='ocrx_word' id='word_1_257' title='bbox 1571 3148 1729 3216; x_wconf 88' lang='lat' dir='ltr'>fisco</span> <span class='ocrx_word' id='word_1_258' title='bbox 1771 3149 1969 3215; x_wconf 91' lang='lat' dir='ltr'>nichil</span> <span class='ocrx_word' id='word_1_259' title='bbox 2010 3148 2293 3233; x_wconf 89' lang='lat' dir='ltr'>solverit,</span> <span class='ocrx_word' id='word_1_260' title='bbox 2341 3159 2617 3236; x_wconf 88' lang='lat' dir='ltr'>protunc</span> <span class='ocrx_word' id='word_1_261' title='bbox 2659 3149 2870 3215; x_wconf 90' lang='lat' dir='ltr'>solvat</span> <span class='ocrx_word' id='word_1_262' title='bbox 2912 3150 3209 3215; x_wconf 90' lang='lat' dir='ltr'>undecim</span> <span class='ocrx_word' id='word_1_263' title='bbox 3252 3148 3571 3234; x_wconf 86' lang='lat' dir='ltr'>florenos;</span> <span class='ocrx_word' id='word_1_264' title='bbox 3612 3148 3724 3214; x_wconf 91' lang='lat' dir='ltr'>ubi</span> 
     </span>
    </p>

    <p class='ocr_par' dir='ltr' id='par_1_7' title="bbox 804 3248 3727 3733">
     <span class='ocr_line' id='line_1_26' title="bbox 804 3248 3723 3334; baseline 0 -20"><span class='ocrx_word' id='word_1_265' title='bbox 804 3258 877 3331; x_wconf 57' lang='grc'>&gt;25</span> <span class='ocrx_word' id='word_1_266' title='bbox 903 3273 1055 3315; x_wconf 90' lang='lat' dir='ltr'>vero</span> <span class='ocrx_word' id='word_1_267' title='bbox 1098 3271 1221 3334; x_wconf 90' lang='lat' dir='ltr'>pro</span> <span class='ocrx_word' id='word_1_268' title='bbox 1264 3248 1706 3314; x_wconf 89' lang='lat' dir='ltr'>baccalariatu</span> <span class='ocrx_word' id='word_1_269' title='bbox 1749 3259 1862 3314; x_wconf 89' lang='lat' dir='ltr'>aut</span> <span class='ocrx_word' id='word_1_270' title='bbox 1910 3251 2251 3314; x_wconf 87' lang='lat' dir='ltr'>sentenciis</span> <span class='ocrx_word' id='word_1_271' title='bbox 2294 3248 2560 3314; x_wconf 89' lang='lat' dir='ltr'>solverit</span> <span class='ocrx_word' id='word_1_272' title='bbox 2581 3251 2640 3331; x_wconf 79' lang='lat'>⁵,</span> <span class='ocrx_word' id='word_1_273' title='bbox 2725 3248 2885 3315; x_wconf 90' lang='lat' dir='ltr'>illud</span> <span class='ocrx_word' id='word_1_274' title='bbox 2942 3250 3221 3316; x_wconf 90' lang='lat' dir='ltr'>solutum</span> <span class='ocrx_word' id='word_1_275' title='bbox 3277 3249 3361 3314; x_wconf 90' lang='lat' dir='ltr'>ab</span> <span class='ocrx_word' id='word_1_276' title='bbox 3420 3249 3723 3315; x_wconf 88' lang='lat' dir='ltr'>undecim</span> 
     </span>
     <span class='ocr_line' id='line_1_27' title="bbox 897 3347 3727 3436; baseline -0 -23"><span class='ocrx_word' id='word_1_277' title='bbox 897 3348 1159 3415; x_wconf 89' lang='lat' dir='ltr'>florenis</span> <span class='ocrx_word' id='word_1_278' title='bbox 1204 3347 1296 3412; x_wconf 92' lang='lat' dir='ltr'>illi</span> <span class='ocrx_word' id='word_1_279' title='bbox 1343 3347 1714 3432; x_wconf 88' lang='lat' dir='ltr'>defalcetur,</span> <span class='ocrx_word' id='word_1_280' title='bbox 1755 3347 2117 3435; x_wconf 88' lang='lat' dir='ltr'>habeatque</span> <span class='ocrx_word' id='word_1_281' title='bbox 2160 3347 2409 3431; x_wconf 81' lang='lat' dir='ltr'>locum3</span> <span class='ocrx_word' id='word_1_282' title='bbox 2453 3349 2507 3412; x_wconf 92' lang='lat' dir='ltr'>si</span> <span class='ocrx_word' id='word_1_283' title='bbox 2545 3359 2737 3413; x_wconf 91' lang='lat' dir='ltr'>antea</span> <span class='ocrx_word' id='word_1_284' title='bbox 2757 3348 2862 3413; x_wconf 90' lang='lat' dir='ltr'>hic</span> <span class='ocrx_word' id='word_1_285' title='bbox 2886 3351 3246 3414; x_wconf 88' lang='lat' dir='ltr'>sentencias</span> <span class='ocrx_word' id='word_1_286' title='bbox 3285 3347 3539 3435; x_wconf 82' lang='lat' dir='ltr'>legerit,</span> <span class='ocrx_word' id='word_1_287' title='bbox 3581 3360 3727 3436; x_wconf 88' lang='lat' dir='ltr'>post</span> 
     </span>
     <span class='ocr_line' id='line_1_28' title="bbox 896 3446 3721 3533; baseline 0 -21"><span class='ocrx_word' id='word_1_288' title='bbox 896 3447 1266 3512; x_wconf 89' lang='lat' dir='ltr'>licenciatos</span> <span class='ocrx_word' id='word_1_289' title='bbox 1312 3458 1376 3511; x_wconf 90' lang='lat' dir='ltr'>et</span> <span class='ocrx_word' id='word_1_290' title='bbox 1416 3469 1544 3530; x_wconf 92' lang='lat' dir='ltr'>eos,</span> <span class='ocrx_word' id='word_1_291' title='bbox 1591 3449 1700 3533; x_wconf 85' lang='lat' dir='ltr'>qui</span> <span class='ocrx_word' id='word_1_292' title='bbox 1743 3458 1890 3512; x_wconf 90' lang='lat' dir='ltr'>ante</span> <span class='ocrx_word' id='word_1_293' title='bbox 1932 3471 2075 3512; x_wconf 89' lang='lat' dir='ltr'>eum</span> <span class='ocrx_word' id='word_1_294' title='bbox 2121 3448 2479 3512; x_wconf 88' lang='lat' dir='ltr'>sentencias</span> <span class='ocrx_word' id='word_1_295' title='bbox 2524 3446 2830 3533; x_wconf 80' lang='lat' dir='ltr'>legerint3</span> <span class='ocrx_word' id='word_1_296' title='bbox 2905 3450 2960 3513; x_wconf 87' lang='lat' dir='ltr'>si</span> <span class='ocrx_word' id='word_1_297' title='bbox 3012 3469 3168 3514; x_wconf 89' lang='lat' dir='ltr'>vero</span> <span class='ocrx_word' id='word_1_298' title='bbox 3212 3448 3318 3512; x_wconf 92' lang='lat' dir='ltr'>hic</span> <span class='ocrx_word' id='word_1_299' title='bbox 3360 3449 3721 3513; x_wconf 87' lang='lat' dir='ltr'>sentencias</span> 
     </span>
     <span class='ocr_line' id='line_1_29' title="bbox 895 3545 3719 3635; baseline 0 -24"><span class='ocrx_word' id='word_1_300' title='bbox 895 3570 1025 3614; x_wconf 92' lang='lat' dir='ltr'>non</span> <span class='ocrx_word' id='word_1_301' title='bbox 1064 3545 1311 3633; x_wconf 90' lang='lat' dir='ltr'>legerit,</span> <span class='ocrx_word' id='word_1_302' title='bbox 1356 3556 1503 3634; x_wconf 89' lang='lat' dir='ltr'>post</span> <span class='ocrx_word' id='word_1_303' title='bbox 1542 3568 1761 3610; x_wconf 90' lang='lat' dir='ltr'>omnes</span> <span class='ocrx_word' id='word_1_304' title='bbox 1807 3548 2267 3613; x_wconf 88' lang='lat' dir='ltr'>sentenciarios</span> <span class='ocrx_word' id='word_1_305' title='bbox 2324 3557 2387 3611; x_wconf 86' lang='lat' dir='ltr'>et</span> <span class='ocrx_word' id='word_1_306' title='bbox 2439 3546 2814 3613; x_wconf 90' lang='lat' dir='ltr'>licenciatos</span> <span class='ocrx_word' id='word_1_307' title='bbox 2868 3547 3080 3614; x_wconf 89' lang='lat' dir='ltr'>locum</span> <span class='ocrx_word' id='word_1_308' title='bbox 3137 3546 3455 3629; x_wconf 87' lang='lat' dir='ltr'>obtineat,</span> <span class='ocrx_word' id='word_1_309' title='bbox 3515 3548 3719 3635; x_wconf 89' lang='lat' dir='ltr'>priori</span> 
     </span>
     <span class='ocr_line' id='line_1_30' title="bbox 905 3641 2681 3733; baseline -0.001 -22"><span class='ocrx_word' id='word_1_310' title='bbox 905 3655 1143 3711; x_wconf 90' lang='lat' dir='ltr'>statuto</span> <span class='ocrx_word' id='word_1_311' title='bbox 1186 3646 1254 3710; x_wconf 92' lang='lat' dir='ltr'>in</span> <span class='ocrx_word' id='word_1_312' title='bbox 1297 3668 1412 3710; x_wconf 93' lang='lat' dir='ltr'>suo</span> <span class='ocrx_word' id='word_1_313' title='bbox 1454 3644 1684 3710; x_wconf 89' lang='lat' dir='ltr'>robore</span> <span class='ocrx_word' id='word_1_314' title='bbox 1728 3641 1829 3732; x_wconf 80' lang='lat'>[25</span> <span class='ocrx_word' id='word_1_315' title='bbox 1850 3642 1899 3731; x_wconf 84' lang='lat' dir='ltr'>b]</span> <span class='ocrx_word' id='word_1_316' title='bbox 1946 3647 2201 3711; x_wconf 89' lang='lat' dir='ltr'>omnino</span> <span class='ocrx_word' id='word_1_317' title='bbox 2230 3656 2681 3733; x_wconf 83' lang='lat' dir='ltr'>permanente.</span> 
     </span>
    </p>
   </div>
   <div class='ocr_carea' id='block_1_4' title="bbox 817 3809 3721 4596">
    <p class='ocr_par' dir='ltr' id='par_1_8' title="bbox 817 3809 3721 4296">
     <span class='ocr_line' id='line_1_31' title="bbox 817 3809 3721 3898; baseline 0 -21"><span class='ocrx_word' id='word_1_318' title='bbox 817 3820 886 3877; x_wconf 78' lang='lat'>30</span> <span class='ocrx_word' id='word_1_319' title='bbox 1070 3817 1165 3879; x_wconf 87' lang='grc'>49.</span> <span class='ocrx_word' id='word_1_320' title='bbox 1231 3811 1404 3891; x_wconf 82' lang='lat' dir='ltr'>Quia</span> <span class='ocrx_word' id='word_1_321' title='bbox 1453 3812 1750 3875; x_wconf 88' lang='lat' dir='ltr'>retractis</span> <span class='ocrx_word' id='word_1_322' title='bbox 1809 3811 2103 3898; x_wconf 87' lang='lat' dir='ltr'>partibus</span> <span class='ocrx_word' id='word_1_323' title='bbox 2126 3813 2151 3853; x_wconf 71' lang='grc' dir='ltr'><strong>θ</strong></span> <span class='ocrx_word' id='word_1_324' title='bbox 2204 3811 2284 3875; x_wconf 92' lang='lat' dir='ltr'>de</span> <span class='ocrx_word' id='word_1_325' title='bbox 2340 3809 2465 3876; x_wconf 88' lang='lat' dir='ltr'>loci</span> <span class='ocrx_word' id='word_1_326' title='bbox 2515 3814 2965 3880; x_wconf 89' lang='lat' dir='ltr'>reservacione</span> <span class='ocrx_word' id='word_1_327' title='bbox 3003 3813 3417 3878; x_wconf 88' lang='lat' dir='ltr'>differenciae</span> <span class='ocrx_word' id='word_1_328' title='bbox 3457 3812 3721 3878; x_wconf 88' lang='lat' dir='ltr'>odiosae</span> 
     </span>
     <span class='ocr_line' id='line_1_32' title="bbox 904 3909 3720 4000; baseline 0 -24"><span class='ocrx_word' id='word_1_329' title='bbox 904 3920 967 3976; x_wconf 90' lang='lat' dir='ltr'>et</span> <span class='ocrx_word' id='word_1_330' title='bbox 1003 3909 1460 3997; x_wconf 89' lang='lat' dir='ltr'>displicenciae</span> <span class='ocrx_word' id='word_1_331' title='bbox 1503 3910 1900 3996; x_wconf 89' lang='lat' dir='ltr'>periculosae</span> <span class='ocrx_word' id='word_1_332' title='bbox 1953 3910 2214 3976; x_wconf 89' lang='lat' dir='ltr'>habitae</span> <span class='ocrx_word' id='word_1_333' title='bbox 2235 3912 2258 3953; x_wconf 84' lang='lat'>⁷</span> <span class='ocrx_word' id='word_1_334' title='bbox 2316 3919 2493 3993; x_wconf 88' lang='lat' dir='ltr'>sunt,</span> <span class='ocrx_word' id='word_1_335' title='bbox 2579 3911 2662 3976; x_wconf 94' lang='lat' dir='ltr'>ob</span> <span class='ocrx_word' id='word_1_336' title='bbox 2718 3911 2788 3976; x_wconf 90' lang='lat' dir='ltr'>id</span> <span class='ocrx_word' id='word_1_337' title='bbox 2844 3914 2913 3976; x_wconf 92' lang='lat' dir='ltr'>in</span> <span class='ocrx_word' id='word_1_338' title='bbox 2967 3911 3161 4000; x_wconf 90' lang='lat' dir='ltr'>plena</span> <span class='ocrx_word' id='word_1_339' title='bbox 3212 3915 3720 3998; x_wconf 86' lang='lat' dir='ltr'>congregacione</span> 
     </span>
     <span class='ocr_line' id='line_1_33' title="bbox 911 4007 3717 4094; baseline 0 -19"><span class='ocrx_word' id='word_1_340' title='bbox 911 4010 1243 4075; x_wconf 89' lang='lat' dir='ltr'>doctorum</span> <span class='ocrx_word' id='word_1_341' title='bbox 1287 4007 1609 4073; x_wconf 85' lang='lat' dir='ltr'>facultatis</span> <span class='ocrx_word' id='word_1_342' title='bbox 1651 4008 2052 4094; x_wconf 88' lang='lat' dir='ltr'>theologicae</span> <span class='ocrx_word' id='word_1_343' title='bbox 2087 4010 2169 4074; x_wconf 92' lang='lat' dir='ltr'>de</span> <span class='ocrx_word' id='word_1_344' title='bbox 2224 4032 2391 4075; x_wconf 92' lang='lat' dir='ltr'>anno</span> <span class='ocrx_word' id='word_1_345' title='bbox 2449 4010 2691 4075; x_wconf 89' lang='lat' dir='ltr'>domini</span> <span class='ocrx_word' id='word_1_346' title='bbox 2750 4016 2906 4077; x_wconf 85' lang='grc'>1455</span> <span class='ocrx_word' id='word_1_347' title='bbox 2972 4012 3077 4076; x_wconf 90' lang='lat' dir='ltr'>die</span> <span class='ocrx_word' id='word_1_348' title='bbox 3138 4022 3509 4076; x_wconf 85' lang='lat' dir='ltr'>sanctorum</span> <span class='ocrx_word' id='word_1_349' title='bbox 3575 4010 3717 4077; x_wconf 90' lang='lat' dir='ltr'>dor·</span> 
     </span>
     <span class='ocr_line' id='line_1_34' title="bbox 901 4108 3717 4197; baseline 0.001 -23"><span class='ocrx_word' id='word_1_350' title='bbox 901 4110 1241 4174; x_wconf 84' lang='lat' dir='ltr'>miencium</span> <span class='ocrx_word' id='word_1_351' title='bbox 1283 4114 1365 4184; x_wconf 61' lang='lat' dir='ltr'>(d.</span> <span class='ocrx_word' id='word_1_352' title='bbox 1407 4113 1502 4173; x_wconf 82' lang='lat'>27.</span> <span class='ocrx_word' id='word_1_353' title='bbox 1544 4109 1760 4186; x_wconf 75' lang='lat' dir='ltr'>Juni)⁸</span> <span class='ocrx_word' id='word_1_354' title='bbox 1800 4108 2200 4174; x_wconf 88' lang='lat' dir='ltr'>concorditer</span> <span class='ocrx_word' id='word_1_355' title='bbox 2242 4108 2610 4174; x_wconf 88' lang='lat' dir='ltr'>conclusum</span> <span class='ocrx_word' id='word_1_356' title='bbox 2651 4111 2790 4194; x_wconf 87' lang='lat' dir='ltr'>fuit,</span> <span class='ocrx_word' id='word_1_357' title='bbox 2836 4110 3009 4197; x_wconf 92' lang='lat' dir='ltr'>quod</span> <span class='ocrx_word' id='word_1_358' title='bbox 3051 4110 3132 4176; x_wconf 92' lang='lat' dir='ltr'>de</span> <span class='ocrx_word' id='word_1_359' title='bbox 3175 4120 3387 4175; x_wconf 91' lang='lat' dir='ltr'>cetero</span> <span class='ocrx_word' id='word_1_360' title='bbox 3431 4110 3594 4176; x_wconf 85' lang='lat' dir='ltr'>nulli</span> <span class='ocrx_word' id='word_1_361' title='bbox 3631 4111 3717 4176; x_wconf 92' lang='lat' dir='ltr'>lo·</span> 
     </span>
     <span class='ocr_line' id='line_1_35' title="bbox 904 4206 3719 4296; baseline 0.001 -22"><span class='ocrx_word' id='word_1_362' title='bbox 904 4231 1019 4274; x_wconf 87' lang='lat' dir='ltr'>cus</span> <span class='ocrx_word' id='word_1_363' title='bbox 1061 4206 1234 4271; x_wconf 91' lang='lat' dir='ltr'>ultra</span> <span class='ocrx_word' id='word_1_364' title='bbox 1274 4229 1469 4271; x_wconf 91' lang='lat' dir='ltr'>unum</span> <span class='ocrx_word' id='word_1_365' title='bbox 1516 4229 1755 4272; x_wconf 89' lang='lat' dir='ltr'>annum</span> <span class='ocrx_word' id='word_1_366' title='bbox 1808 4215 2057 4271; x_wconf 88' lang='lat' dir='ltr'>tantum</span> <span class='ocrx_word' id='word_1_367' title='bbox 2112 4210 2436 4273; x_wconf 89' lang='lat' dir='ltr'>reservari</span> <span class='ocrx_word' id='word_1_368' title='bbox 2487 4208 2699 4274; x_wconf 89' lang='lat' dir='ltr'>debet.</span> <span class='ocrx_word' id='word_1_369' title='bbox 2783 4208 2976 4289; x_wconf 75' lang='lat' dir='ltr'>Quod</span> <span class='ocrx_word' id='word_1_370' title='bbox 3035 4209 3293 4296; x_wconf 87' lang='lat' dir='ltr'>quidem</span> <span class='ocrx_word' id='word_1_371' title='bbox 3348 4210 3719 4276; x_wconf 89' lang='lat' dir='ltr'>conclusum</span> 
     </span>
    </p>

    <p class='ocr_par' dir='ltr' id='par_1_9' title="bbox 835 4304 3719 4596">
     <span class='ocr_line' id='line_1_36' title="bbox 835 4304 3719 4394; baseline -0.001 -18"><span class='ocrx_word' id='word_1_372' title='bbox 835 4319 901 4376; x_wconf 84' lang='lat'>35</span> <span class='ocrx_word' id='word_1_373' title='bbox 930 4317 1232 4373; x_wconf 89' lang='lat' dir='ltr'>statutum</span> <span class='ocrx_word' id='word_1_374' title='bbox 1296 4309 1530 4370; x_wconf 90' lang='lat' dir='ltr'>iterum</span> <span class='ocrx_word' id='word_1_375' title='bbox 1608 4308 1675 4370; x_wconf 92' lang='lat' dir='ltr'>in</span> <span class='ocrx_word' id='word_1_376' title='bbox 1726 4304 1919 4393; x_wconf 90' lang='lat' dir='ltr'>plena</span> <span class='ocrx_word' id='word_1_377' title='bbox 1976 4308 2483 4394; x_wconf 88' lang='lat' dir='ltr'>congregacione</span> <span class='ocrx_word' id='word_1_378' title='bbox 2544 4307 2878 4375; x_wconf 89' lang='lat' dir='ltr'>doctorum</span> <span class='ocrx_word' id='word_1_379' title='bbox 2919 4310 3206 4374; x_wconf 86' lang='lat' dir='ltr'>unanimi</span> <span class='ocrx_word' id='word_1_380' title='bbox 3249 4331 3596 4393; x_wconf 88' lang='lat' dir='ltr'>consensu,</span> <span class='ocrx_word' id='word_1_381' title='bbox 3642 4309 3719 4374; x_wconf 89' lang='lat' dir='ltr'>de</span> 
     </span>
     <span class='ocr_line' id='line_1_37' title="bbox 907 4405 3717 4492; baseline 0 -19"><span class='ocrx_word' id='word_1_382' title='bbox 907 4429 1073 4473; x_wconf 88' lang='lat' dir='ltr'>anno</span> <span class='ocrx_word' id='word_1_383' title='bbox 1120 4405 1362 4470; x_wconf 85' lang='lat' dir='ltr'>domini</span> <span class='ocrx_word' id='word_1_384' title='bbox 1403 4406 1821 4490; x_wconf 89' lang='lat' dir='ltr'>nonagesimo</span> <span class='ocrx_word' id='word_1_385' title='bbox 1864 4406 2084 4492; x_wconf 92' lang='lat' dir='ltr'>quinto</span> <span class='ocrx_word' id='word_1_386' title='bbox 2124 4405 2228 4471; x_wconf 90' lang='lat' dir='ltr'>die</span> <span class='ocrx_word' id='word_1_387' title='bbox 2267 4405 2522 4471; x_wconf 88' lang='lat' dir='ltr'>sabbati</span> <span class='ocrx_word' id='word_1_388' title='bbox 2576 4408 2747 4472; x_wconf 85' lang='lat' dir='ltr'>infra</span> <span class='ocrx_word' id='word_1_389' title='bbox 2810 4419 3073 4474; x_wconf 84' lang='lat' dir='ltr'>octavas</span> <span class='ocrx_word' id='word_1_390' title='bbox 3124 4406 3376 4474; x_wconf 88' lang='lat' dir='ltr'>Pascae</span> <span class='ocrx_word' id='word_1_391' title='bbox 3430 4413 3623 4489; x_wconf 76' lang='lat'>(1495</span> <span class='ocrx_word' id='word_1_392' title='bbox 3662 4414 3717 4473; x_wconf 86' lang='lat' dir='ltr'>d.</span> 
     </span>
     <span class='ocr_line' id='line_1_38' title="bbox 902 4503 3718 4596; baseline -0.002 -20"><span class='ocrx_word' id='word_1_393' title='bbox 902 4514 1001 4575; x_wconf 85' lang='lat'>25.</span> <span class='ocrx_word' id='word_1_394' title='bbox 1045 4508 1274 4587; x_wconf 81' lang='lat' dir='ltr'>April),</span> <span class='ocrx_word' id='word_1_395' title='bbox 1314 4527 1429 4591; x_wconf 91' lang='lat' dir='ltr'>per</span> <span class='ocrx_word' id='word_1_396' title='bbox 1472 4503 1840 4569; x_wconf 87' lang='lat' dir='ltr'>facultatem</span> <span class='ocrx_word' id='word_1_397' title='bbox 1878 4504 2305 4592; x_wconf 85' lang='lat' dir='ltr'>theologicam</span> <span class='ocrx_word' id='word_1_398' title='bbox 2366 4515 2464 4571; x_wconf 90' lang='lat' dir='ltr'>est</span> <span class='ocrx_word' id='word_1_399' title='bbox 2507 4507 2917 4593; x_wconf 89' lang='lat' dir='ltr'>innovatum,</span> <span class='ocrx_word' id='word_1_400' title='bbox 2971 4508 3403 4596; x_wconf 85' lang='lat' dir='ltr'>approbatum</span> <span class='ocrx_word' id='word_1_401' title='bbox 3456 4519 3523 4571; x_wconf 85' lang='lat' dir='ltr'>et</span> <span class='ocrx_word' id='word_1_402' title='bbox 3577 4530 3718 4572; x_wconf 86' lang='lat' dir='ltr'>con·</span> 
     </span>
    </p>
   </div>
   <div class='ocr_carea' id='block_1_5' title="bbox 1063 4699 3325 5361">
    <p class='ocr_par' dir='ltr' id='par_1_10' title="bbox 1072 4699 2106 4773">
     <span class='ocr_line' id='line_1_39' title="bbox 1072 4699 2106 4773; baseline 0.002 -15"><span class='ocrx_word' id='word_1_403' title='bbox 1072 4709 1091 4758; x_wconf 84' lang='lat'>1</span> <span class='ocrx_word' id='word_1_404' title='bbox 1136 4699 1506 4759; x_wconf 81' lang='lat' dir='ltr'>Geschrieben</span> <span class='ocrx_word' id='word_1_405' title='bbox 1540 4701 1687 4758; x_wconf 87' lang='lat' dir='ltr'>steht</span> <span class='ocrx_word' id='word_1_406' title='bbox 1720 4703 2106 4773; x_wconf 58' lang='lat' dir='ltr'>recapiendam.</span> 
     </span>
    </p>

    <p class='ocr_par' dir='ltr' id='par_1_11' title="bbox 1063 4784 2771 4845">
     <span class='ocr_line' id='line_1_40' title="bbox 1063 4784 2771 4845; baseline 0.002 -3"><span class='ocrx_word' id='word_1_407' title='bbox 1063 4792 1094 4842; x_wconf 84' lang='lat'>2</span> <span class='ocrx_word' id='word_1_408' title='bbox 1128 4784 1238 4840; x_wconf 88' lang='lat' dir='ltr'>Am</span> <span class='ocrx_word' id='word_1_409' title='bbox 1273 4785 1491 4842; x_wconf 84' lang='lat' dir='ltr'>Rande:</span> <span class='ocrx_word' id='word_1_410' title='bbox 1530 4787 1658 4843; x_wconf 75' lang='lat' dir='ltr'>Hos</span> <span class='ocrx_word' id='word_1_411' title='bbox 1691 4787 1859 4842; x_wconf 70' lang='lat' dir='ltr'>solvit</span> <span class='ocrx_word' id='word_1_412' title='bbox 1888 4788 1969 4842; x_wconf 87' lang='lat' dir='ltr'>D.</span> <span class='ocrx_word' id='word_1_413' title='bbox 2008 4787 2324 4844; x_wconf 67' lang='lat' dir='ltr'>Alexander</span> <span class='ocrx_word' id='word_1_414' title='bbox 2356 4789 2590 4845; x_wconf 57' lang='lat' dir='ltr'>Ale-tim.</span> <span class='ocrx_word' id='word_1_415' title='bbox 2628 4794 2771 4845; x_wconf 72' lang='lat'>1543.</span> 
     </span>
    </p>

    <p class='ocr_par' dir='ltr' id='par_1_12' title="bbox 1068 4868 1472 4925">
     <span class='ocr_line' id='line_1_41' title="bbox 1068 4868 1472 4925; baseline 0 0"><span class='ocrx_word' id='word_1_416' title='bbox 1068 4874 1100 4925; x_wconf 80' lang='lat'>3</span> <span class='ocrx_word' id='word_1_417' title='bbox 1134 4868 1305 4925; x_wconf 89' lang='lat' dir='ltr'>Wohl</span> <span class='ocrx_word' id='word_1_418' title='bbox 1336 4869 1472 4925; x_wconf 77' lang='lat' dir='ltr'>alia.</span> 
     </span>
    </p>

    <p class='ocr_par' dir='ltr' id='par_1_13' title="bbox 1068 4952 1954 5024">
     <span class='ocr_line' id='line_1_42' title="bbox 1068 4952 1954 5024; baseline -0.001 -14"><span class='ocrx_word' id='word_1_419' title='bbox 1068 4959 1103 5010; x_wconf 72' lang='lat'>4</span> <span class='ocrx_word' id='word_1_420' title='bbox 1141 4952 1510 5010; x_wconf 83' lang='lat' dir='ltr'>Geschrieben</span> <span class='ocrx_word' id='word_1_421' title='bbox 1545 4952 1692 5009; x_wconf 85' lang='lat' dir='ltr'>steht</span> <span class='ocrx_word' id='word_1_422' title='bbox 1722 4961 1784 5006; x_wconf 77' lang='lat' dir='ltr'>ut</span> <span class='ocrx_word' id='word_1_423' title='bbox 1807 4962 1954 5024; x_wconf 74' lang='lat' dir='ltr'>pute.</span> 
     </span>
    </p>

    <p class='ocr_par' dir='ltr' id='par_1_14' title="bbox 1071 5036 1989 5095">
     <span class='ocr_line' id='line_1_43' title="bbox 1071 5036 1989 5095; baseline 0.001 -2"><span class='ocrx_word' id='word_1_424' title='bbox 1071 5045 1102 5093; x_wconf 85' lang='lat'><strong>5</strong></span> <span class='ocrx_word' id='word_1_425' title='bbox 1137 5036 1509 5095; x_wconf 80' lang='lat' dir='ltr'>Geschrieben</span> <span class='ocrx_word' id='word_1_426' title='bbox 1543 5036 1688 5092; x_wconf 84' lang='lat' dir='ltr'>steht</span> <span class='ocrx_word' id='word_1_427' title='bbox 1716 5037 1989 5095; x_wconf 66' lang='lat' dir='ltr'>solva-int.</span> 
     </span>
    </p>

    <p class='ocr_par' dir='ltr' id='par_1_15' title="bbox 1069 5119 3325 5263">
     <span class='ocr_line' id='line_1_44' title="bbox 1069 5119 3325 5201; baseline 0.003 -23"><span class='ocrx_word' id='word_1_428' title='bbox 1069 5127 1102 5178; x_wconf 83' lang='lat'><strong>6</strong></span> <span class='ocrx_word' id='word_1_429' title='bbox 1144 5120 1317 5178; x_wconf 86' lang='lat' dir='ltr'>Sollte</span> <span class='ocrx_word' id='word_1_430' title='bbox 1354 5119 1472 5176; x_wconf 86' lang='lat' dir='ltr'>hier</span> <span class='ocrx_word' id='word_1_431' title='bbox 1503 5119 1659 5175; x_wconf 84' lang='lat' dir='ltr'>nicht</span> <span class='ocrx_word' id='word_1_432' title='bbox 1689 5122 1763 5175; x_wconf 89' lang='lat' dir='ltr'>im</span> <span class='ocrx_word' id='word_1_433' title='bbox 1800 5120 2055 5194; x_wconf 79' lang='lat' dir='ltr'>original</span> <span class='ocrx_word' id='word_1_434' title='bbox 2085 5123 2388 5194; x_wconf 85' lang='lat' dir='ltr'>gestanden</span> <span class='ocrx_word' id='word_1_435' title='bbox 2421 5124 2602 5183; x_wconf 84' lang='lat' dir='ltr'>haben</span> <span class='ocrx_word' id='word_1_436' title='bbox 2635 5130 2927 5186; x_wconf 69' lang='lat' dir='ltr'>retroactis</span> <span class='ocrx_word' id='word_1_437' title='bbox 2957 5130 3325 5201; x_wconf 56' lang='lat' dir='ltr'>mmor-ibus!</span> 
     </span>
     <span class='ocr_line' id='line_1_45' title="bbox 1075 5204 1912 5263; baseline 0 -2"><span class='ocrx_word' id='word_1_438' title='bbox 1075 5211 1104 5261; x_wconf 85' lang='lat'><strong>7</strong></span> <span class='ocrx_word' id='word_1_439' title='bbox 1139 5204 1508 5263; x_wconf 81' lang='lat' dir='ltr'>Geschrieben</span> <span class='ocrx_word' id='word_1_440' title='bbox 1530 5205 1675 5260; x_wconf 87' lang='lat' dir='ltr'>steht</span> <span class='ocrx_word' id='word_1_441' title='bbox 1703 5205 1912 5261; x_wconf 75' lang='lat' dir='ltr'>habere.</span> 
     </span>
    </p>

    <p class='ocr_par' dir='ltr' id='par_1_16' title="bbox 1082 5287 2648 5361">
     <span class='ocr_line' id='line_1_46' title="bbox 1082 5287 2648 5361; baseline 0.003 -16"><span class='ocrx_word' id='word_1_442' title='bbox 1082 5294 1113 5345; x_wconf 88' lang='lat'>8</span> <span class='ocrx_word' id='word_1_443' title='bbox 1147 5290 1239 5345; x_wconf 86' lang='lat' dir='ltr'>An</span> <span class='ocrx_word' id='word_1_444' title='bbox 1273 5289 1478 5346; x_wconf 86' lang='lat' dir='ltr'>andern</span> <span class='ocrx_word' id='word_1_445' title='bbox 1518 5288 1688 5345; x_wconf 81' lang='lat' dir='ltr'>Orten</span> <span class='ocrx_word' id='word_1_446' title='bbox 1722 5287 1814 5344; x_wconf 88' lang='lat' dir='ltr'>fiel</span> <span class='ocrx_word' id='word_1_447' title='bbox 1850 5288 1937 5344; x_wconf 88' lang='lat' dir='ltr'>ihr</span> <span class='ocrx_word' id='word_1_448' title='bbox 1967 5290 2095 5361; x_wconf 83' lang='lat' dir='ltr'>Tag</span> <span class='ocrx_word' id='word_1_449' title='bbox 2130 5290 2233 5346; x_wconf 89' lang='lat' dir='ltr'>auf</span> <span class='ocrx_word' id='word_1_450' title='bbox 2260 5292 2365 5348; x_wconf 88' lang='lat' dir='ltr'>den</span> <span class='ocrx_word' id='word_1_451' title='bbox 2399 5295 2478 5349; x_wconf 84' lang='lat'>27.</span> <span class='ocrx_word' id='word_1_452' title='bbox 2514 5294 2648 5350; x_wconf 82' lang='lat' dir='ltr'>Juli.</span> 
     </span>
    </p>
   </div>
  </div>
 </body>
</html>
