4038 6358
1366 600 1471 652 Die
1503 599 1867 652 Reformation
1899 612 2022 647 vom
2055 597 2222 649 Jahre
2260 599 2403 645 1⁴⁴6.
3227 593 3295 654 11

465 785 853 852 mandamus
871 833 891 867 ,
951 783 1127 873 quod
1164 783 1462 870 magistri
1521 783 1591 849 in
1648 780 1876 848 eadem
1918 778 2305 849 baccalariis
2345 776 2675 844 facultatis
2717 796 2902 857 suae,
2946 774 3035 845 ad
3070 772 3305 843 altiora

466 886 840 975 promoveri
882 883 1278 950 merentibus
1322 893 1387 949 et
1427 881 1978 964 desiderantibus,
2022 882 2153 947 sint
2192 881 2261 945 in
2301 875 2551 945 actibus
2594 876 2869 964 publicis
2885 924 2903 958 ,
2960 873 3047 941 ad
3087 873 3303 943 huius-

462 984 641 1052 modi
698 984 1138 1073 promotiones
1191 983 1610 1065 necessariis,
1669 979 1970 1049 benevoli
2012 988 2077 1046 et
2117 980 2436 1060 favorosi,
2494 998 2614 1044 nec
2656 979 2722 1041 in
2767 975 2893 1043 hiis
2932 972 3305 1049 muneribus

465 1094 575 1151 aut
614 1085 912 1172 propinis
957 1082 1394 1170 singularibus
1445 1081 1560 1147 sed
1602 1084 1826 1169 pocius
1885 1080 1973 1148 ad
2022 1081 2146 1147 hoc
2186 1077 2555 1161 intendant,
2612 1077 2788 1162 quod
2836 1076 3066 1145 messis
3104 1073 3308 1145 multa

466 1184 802 1272 operarios
847 1182 1082 1249 multos
1126 1183 1416 1270 requirit.
3354 1184 3389 1253 5,

626 1283 790 1349 Item
831 1281 1006 1368 quod
1045 1281 1219 1348 idem
1251 1282 1567 1369 magistri,
1608 1291 1949 1369 postquam
1977 1279 2333 1347 baccalarii
2370 1281 2440 1345 in
2473 1277 2702 1345 eadem
2733 1276 2821 1343 ad
2859 1277 3303 1363 magisterium

464 1392 614 1450 sunt
662 1383 1007 1470 assumpti,
1050 1383 1287 1471 quique
1328 1392 1522 1449 antea
1561 1404 1679 1469 per
1720 1380 2100 1447 decennium
2141 1383 2388 1447 arcium
2427 1376 2794 1446 liberalium
2835 1377 3129 1464 magistri
3171 1376 3301 1445 fiae·

462 1492 632 1566 runt,
676 1484 899 1548 statim
931 1491 1082 1569 post
1116 1502 1402 1547 mensem
1436 1484 1804 1569 proximum
1844 1482 2326 1568 promocionem
2355 1482 2369 1522 ¹
2432 1502 2654 1545 eorum
2685 1477 2945 1544 eosdem
2985 1476 3073 1542 ad
3105 1475 3304 1547 facul-

464 1584 615 1648 tatis
650 1604 807 1648 suae
839 1581 1196 1664 consilium,
1231 1581 1574 1649 dummodo
1607 1583 1676 1646 in
1706 1580 1934 1647 eadem
1965 1579 2268 1647 laborare
2301 1579 2639 1660 voluerint,
2673 1577 3014 1645 admittere
3047 1586 3304 1643 tenean-

462 1694 587 1749 tur.
674 1683 843 1747 Nam
883 1683 952 1746 in
998 1679 1130 1745 illis
1170 1682 1382 1745 maior
1434 1680 1851 1767 experiencia
1889 1702 2106 1747 rerum
2151 1690 2215 1747 et
2264 1680 2561 1749 doctrina
2602 1679 3015 1746 scientiarum
3058 1677 3303 1765 pariter
3327 1687 3388 1743 ffl

468 1805 615 1849 cum
659 1804 819 1847 sano
863 1779 1134 1846 consilio
1181 1789 1696 1866 praesumuntur.

626 1882 789 1947 Item
828 1879 1001 1967 quod
1042 1880 1344 1967 magistri
1374 1880 1701 1945 facultatis
1737 1880 2070 1966 praefatae
2105 1880 2453 1967 magistros
2493 1881 2558 1943 in
2594 1878 2741 1947 aliis
2771 1876 3306 1943 universitatibus

462 1991 796 2071 promotos
836 1989 901 2045 et
939 1980 1046 2045 hic
1087 2002 1205 2067 per
1243 1988 1378 2045 tres
1417 2001 1671 2049 menses
1711 1980 2045 2045 continuos
2087 1980 2226 2045 vita
2267 1990 2332 2044 et
2368 1978 2657 2045 moribus
2690 1977 3004 2066 probatos
3047 1992 3112 2043 et
3147 1978 3304 2044 resi-

464 2081 620 2147 dere
660 2080 950 2147 volentes
991 2080 1077 2146 ad
1117 2079 1455 2147 consilium
1488 2101 1710 2145 eorum
1751 2078 2096 2145 admittant
2121 2077 2458 2166 locumque
2497 2081 2662 2166 ipsis
2703 2080 2888 2144 iuxta
2918 2078 3162 2145 senium
3208 2080 3306 2143 sui

466 2181 839 2247 doctoratus
893 2178 1200 2267 deputent
1257 2189 1320 2244 et
1360 2179 1724 2266 assignent,
1782 2178 1979 2245 salvis
2023 2188 2240 2245 tamen
2282 2180 2794 2266 praerogativis,
2850 2178 2916 2243 in
2960 2177 3192 2264 quibus
3234 2179 3303 2244 in
3326 2189 3387 2244 15

463 2281 589 2347 hac
633 2280 1055 2346 universitate
1098 2280 1381 2366 promoti
1433 2279 1794 2346 consistunt
1834 2278 1916 2345 de
1957 2279 2316 2366 praesenti,
2374 2278 2607 2365 quibus
2652 2280 2723 2344 in
2765 2278 2890 2349 hoc
2928 2299 3062 2342 non
3100 2278 3304 2343 inten-

471 2379 683 2445 dimus
726 2379 1057 2465 derogare.
1090 2430 1099 2437 ,

628 2479 790 2545 Item
848 2500 992 2544 cum
1062 2480 1133 2545 in
1190 2477 1480 2546 eeclesiis
1551 2477 2034 2545 cathedralibus
2096 2488 2162 2545 et
2227 2477 2583 2565 collegiatis
2643 2476 2879 2544 nedum
2919 2477 2945 2519 ²
3009 2477 3305 2563 magistri

461 2579 791 2646 facultatis
820 2576 1183 2664 theologiae
1218 2576 1305 2643 ad
1334 2578 1779 2645 seminandum
1813 2578 2085 2644 verbum
2110 2578 2217 2645 dei
2251 2589 2315 2644 et
2343 2576 2640 2645 indoctos
2673 2576 3055 2659 docendum,
3079 2598 3303 2643 verum

463 2680 672 2745 eciam
712 2677 800 2744 ad
840 2679 1190 2745 tuicionem
1233 2687 1299 2744 et
1340 2679 1895 2744 conservationem
1925 2676 2317 2760 libertatum,
2359 2677 2676 2744 bonorum
2719 2686 2783 2743 et
2825 2698 3040 2743 rerum
3073 2699 3298 2743 earun-
3320 2685 3392 2742 w

466 2776 614 2843 dem
654 2788 719 2843 et
761 2776 847 2845 ad
888 2778 1160 2845 iniurias
1209 2779 1349 2844 iure
1404 2777 1880 2866 propulsandas
1934 2779 2286 2843 necessarii
2337 2779 2468 2843 sint
2521 2777 2925 2843 decretorum
2979 2776 3302 2859 doctores,

464 2888 534 2943 ut
574 2880 644 2943 in
685 2878 821 2943 vita
863 2877 1368 2965 contemplativa
1398 2887 1463 2943 et
1497 2880 1712 2943 activa
1745 2876 2100 2942 subsistere
2133 2877 2396 2943 valeant
2429 2899 2546 2964 per
2569 2877 3044 2943 admixcionem
3084 2875 3302 2943 docto-

464 3001 607 3044 rum
650 2977 1118 3064 praefatorum:
1160 2976 1406 3043 idcirco
1452 2976 1747 3043 volumus
1787 2986 1851 3041 et
1900 2977 2261 3059 statuimus,
2300 2976 2474 3064 quod
2513 2980 2583 3043 in
2623 2976 2912 3043 eeclesiis
2956 2975 3305 3043 Misenensi

466 3088 530 3143 et
551 3076 1097 3162 Merseburgensi,
1139 3076 1208 3145 in
1234 3076 1467 3161 quibus
1509 3099 1630 3164 pro
1669 3076 2094 3141 universitate
2134 3085 2355 3143 vestra
2393 3076 2809 3164 praebendae
2852 3086 3000 3142 sunt
3037 3077 3303 3164 deputa-

463 3188 569 3243 tae
610 3188 676 3243 et
712 3177 1197 3264 incorporatae,
1251 3175 1548 3244 decetero
1594 3177 1809 3264 prima
1848 3187 2164 3242 vacatura
2215 3185 2328 3242 aut
2377 3199 2621 3244 vacans
2674 3178 2742 3244 in
2795 3176 3069 3244 ecelesia
3106 3176 3296 3243 Miss·
3318 3186 3384 3243 25

465 3279 651 3343 nensi
687 3278 964 3359 iuristis,
1006 3278 1076 3342 in
1116 3276 1390 3341 ecelesia
1429 3298 1585 3342 vero
1622 3275 2146 3363 Merseburgensi
2188 3278 2406 3363 prima
2444 3276 2761 3364 theologis
2806 3287 2870 3343 et
2912 3279 3008 3343 sic
3049 3299 3301 3365 peram·

465 3377 635 3466 plius
682 3399 811 3442 una
851 3400 971 3464 pro
1017 3375 1318 3462 theologo
1363 3376 1494 3441 alia
1531 3399 1685 3443 vero
1729 3398 1848 3463 pro
1892 3376 2124 3441 iurista
2167 3378 2238 3441 in
2270 3376 2557 3462 qualibet
2583 3378 2853 3443 istarum
2885 3376 3303 3446 ecclesiarum

466 3498 609 3544 esse
651 3485 717 3543 et
757 3475 985 3542 cedere
1030 3474 1254 3558 debet,
1305 3475 1603 3561 quodque
1656 3475 1852 3541 iidem
1892 3475 2221 3557 doctores,
2275 3476 2683 3564 praebendas
2724 3476 3093 3544 huiusmodi
3131 3500 3300 3544 asse·

468 3579 596 3642 cuti
608 3626 626 3659 ,
683 3575 1136 3642 nichilominus
1189 3576 1259 3640 in
1315 3574 1622 3640 facultate
1677 3598 1795 3640 sua
1834 3585 2094 3640 vestrae
2135 3576 2580 3642 universitatis
2593 3626 2611 3659 ,
2676 3586 2870 3664 prout
2913 3576 3302 3664 obligantur,

467 3674 768 3742 laborare
809 3674 1049 3741 debent
1088 3673 1209 3739 sub
1251 3696 1464 3760 poena
1504 3676 1899 3761 privacionis
1943 3674 2313 3740 earundem.
3318 3686 3388 3743 30

631 3776 797 3842 Item
841 3797 985 3840 cum
1024 3796 1141 3860 per
1182 3774 1598 3861 repetitiones
1652 3783 1717 3840 et
1763 3774 2234 3862 disputationes
2285 3775 2581 3862 publicas
2631 3777 3020 3862 propensius
3059 3776 3304 3846 utilitas

469 3877 827 3964 exquiritur
880 3884 945 3940 et
997 3882 1323 3940 reseratur
1337 3922 1356 3956 ,
1425 3876 1941 3960 exercitaturque
1993 3873 2232 3939 idonea
2286 3876 2582 3942 iuventus
2645 3875 2733 3941 ad
2780 3875 3304 3962 investigandum

469 3973 721 4063 plenius
762 3984 826 4038 et
867 3971 1359 4060 proponendum
1383 3972 1714 4058 audacius,
1756 3974 1933 4060 quod
1953 3973 2298 4040 iuvenilem
2335 3974 2555 4040 titillat
2589 3985 2887 4057 aetatem,
2935 3975 3304 4062 clareatque

466 4074 968 4142 illuminatorum
1007 4074 1296 4140 virorum
1340 4080 1521 4140 tanto
1578 4073 1973 4162 peramplius
2024 4073 2322 4140 doctrina
2364 4074 2772 4161 praelucida,
2828 4085 3068 4160 quanto
3110 4075 3304 4141 fuerit

472 4172 795 4260 copiosius
836 4172 1064 4237 effusa:
1117 4170 1264 4236 ideo
1309 4173 1774 4260 praecipimus,
1820 4176 2162 4240 statuimus
2204 4184 2269 4239 et
2311 4175 2693 4241 mandamus
2708 4225 2726 4259 ,
2769 4184 3083 4262 quatenus
3127 4177 3297 4264 quis-
3318 4185 3385 4241 3⁵

467 4294 590 4358 que
625 4271 961 4340 doctorum
991 4270 1467 4338 sallariatorum
1499 4272 1877 4342 facultatum
1912 4273 2337 4361 theologicae,
2367 4297 2686 4342 canonum
2709 4285 2774 4341 et
2796 4275 3159 4341 medicinae
3191 4276 3302 4341 ad-

468 4374 679 4438 minus
724 4369 921 4438 semel
964 4371 1034 4435 in
1074 4392 1241 4437 anno
1291 4373 1361 4437 in
1400 4394 1519 4438 sua
1557 4372 1865 4441 facultate
1918 4376 2360 4461 quaestionem
2415 4385 2532 4444 aut
2587 4374 2971 4441 decretalem
3020 4374 3303 4462 aliquam

464 4607 560 4662 rel.
597 4608 744 4661 deest
756 4625 779 4675 ,-
815 4604 906 4659 die
936 4603 1084 4660 Seite
1114 4604 1188 4659 ist
1220 4602 1376 4659 nicht
1412 4617 1557 4676 ganz
1590 4605 1850 4663 herunter
1882 4606 2255 4663 beschrieben.
2322 4606 2430 4662 Mit
2460 4607 2560 4663 der
2582 4606 2962 4664 Reformation
2994 4608 3165 4664 selbst
3210 4608 3301 4665 be-

465 4690 629 4763 ginnt
662 4689 812 4744 dann
845 4689 936 4745 ein
964 4705 1134 4745 neues
1169 4688 1327 4744 Blatt
1355 4690 1514 4761 (22⁸),
1545 4690 1647 4745 das
1679 4691 2072 4763 umpriinglich
2103 4691 2259 4748 nicht
2292 4691 2395 4747 mit
2422 4692 2549 4748 dem
2572 4691 3058 4764 voraufgehenden
3090 4711 3302 4750 zusam-

466 4774 741 4845 menhing.
811 4772 1293 4830 Wahrscheinlieh
1331 4775 1484 4830 ward
1516 4779 1701 4830 zuei-st
1732 4791 1842 4830 von
1875 4776 1973 4833 der
2011 4774 2392 4833 Reformation
2427 4776 2594 4832 allein
2627 4776 2919 4833 Abschrift
2955 4795 3303 4850 genommem

463 4859 611 4914 dann
648 4858 797 4914 ward
829 4875 1146 4914 zusammen
1180 4858 1281 4912 mit
1302 4858 1410 4914 den
1448 4857 1677 4930 iibrigen
1706 4859 1856 4915 diese
1878 4859 2322 4934 Angelegenheit
2346 4858 2721 4916 betreffenden
2745 4861 3133 4918 Documenten
3155 4863 3300 4920 auch

465 4942 554 4997 die
596 4939 918 5014 Einleitung
959 4940 1404 5014 abgeschrieben.
1474 4943 1558 4998 Im
1604 4943 1982 5016 Augenbliek,
2019 4944 2099 4999 als
2124 4947 2255 5016 jene
2288 4944 2599 5001 Randnotiz
2635 4944 2739 4999 auf
2767 4943 2849 5000 Bl.
2892 4947 2985 5000 211»
3021 4949 3301 5018 entstand,

467 5043 648 5082 waren
686 5025 775 5080 die
809 5025 914 5080 Bll.
953 5029 1014 5079 21
1054 5026 1165 5081 und
1191 5030 1254 5081 22
1290 5027 1448 5082 nicht
1478 5027 1827 5083 beisammen.

603 5123 622 5173 ¹
664 5115 772 5173 Die
800 5116 1042 5190 Endung
1073 5118 1171 5174 des
1207 5119 1432 5175 Wortes
1468 5119 1542 5174 ist
1577 5139 1638 5176 so
1674 5120 1993 5177 undeutlich
2026 5121 2397 5194 geschriebeu,
2429 5122 2556 5176 dass
2590 5118 2709 5176 sich
2746 5120 2904 5177 nicht
2939 5123 3041 5178 mit
3064 5125 3301 5182 Gewiss·

473 5201 588 5258 heit
618 5201 986 5266 entscheidenff
1004 5203 1154 5274 lauet,
1187 5204 1260 5259 ob
1287 5206 1700 5276 promocionem
1733 5206 1865 5262 oder
1890 5206 2251 5278 promet-ione
2285 5223 2354 5260 zu
2386 5205 2533 5261 lesen
2567 5205 2661 5262 sei.

598 5293 3228 5371 znmoeoemmdoewomnmnzmmmfindotsiehauchlaasuo.
