<?xml version="1.0" encoding="UTF-8"?>
<!DOCTYPE html PUBLIC "-//W3C//DTD XHTML 1.0 Transitional//EN"
    "http://www.w3.org/TR/xhtml1/DTD/xhtml1-transitional.dtd">
<html xmlns="http://www.w3.org/1999/xhtml" xml:lang="en" lang="en">
 <head>
  <title>
</title>
<meta http-equiv="Content-Type" content="text/html;charset=utf-8" />
  <meta name='ocr-system' content='tesseract 3.04.00' />
  <meta name='ocr-capabilities' content='ocr_page ocr_carea ocr_par ocr_line ocrx_word'/>
</head>
<body>
  <div class='ocr_page' id='page_1' title='image "./diestatutenbche02leipgoog_0406.png"; bbox 0 0 4038 6358; ppageno 0'>
   <div class='ocr_carea' id='block_1_1' title="bbox 897 597 2727 673">
    <p class='ocr_par' dir='ltr' id='par_1_1' title="bbox 897 597 2727 673">
     <span class='ocr_line' id='line_1_1' title="bbox 897 597 2727 673; baseline 0.001 -22"><span class='ocrx_word' id='word_1_1' title='bbox 897 607 1020 673; x_wconf 79' lang='lat'><strong>390</strong></span> <span class='ocrx_word' id='word_1_2' title='bbox 1864 599 1967 651; x_wconf 86' lang='lat' dir='ltr'><strong>Die</strong></span> <span class='ocrx_word' id='word_1_3' title='bbox 2003 597 2444 664; x_wconf 60' lang='lat' dir='ltr'><strong>philosophialis</strong></span> <span class='ocrx_word' id='word_1_4' title='bbox 2476 598 2727 653; x_wconf 53' lang='lat' dir='ltr'><strong>ronanam</strong></span> 
     </span>
    </p>
   </div>
   <div class='ocr_carea' id='block_1_2' title="bbox 807 776 3732 1750">
    <p class='ocr_par' dir='ltr' id='par_1_2' title="bbox 807 776 3732 1750">
     <span class='ocr_line' id='line_1_2' title="bbox 893 776 3722 873; baseline -0.002 -21"><span class='ocrx_word' id='word_1_5' title='bbox 893 786 1007 852; x_wconf 89' lang='lat' dir='ltr'><strong>diu</strong></span> <span class='ocrx_word' id='word_1_6' title='bbox 1050 783 1335 867; x_wconf 77' lang='lat' dir='ltr'><strong>sedeant,</strong></span> <span class='ocrx_word' id='word_1_7' title='bbox 1379 781 1556 873; x_wconf 89' lang='lat' dir='ltr'><strong>quod</strong></span> <span class='ocrx_word' id='word_1_8' title='bbox 1594 780 1720 848; x_wconf 89' lang='lat' dir='ltr'><strong>duo</strong></span> <span class='ocrx_word' id='word_1_9' title='bbox 1763 780 2062 868; x_wconf 76' lang='lat' dir='ltr'><strong>magistri</strong></span> <span class='ocrx_word' id='word_1_10' title='bbox 2104 788 2403 869; x_wconf 77' lang='lat' dir='ltr'><strong>arguant,</strong></span> <span class='ocrx_word' id='word_1_11' title='bbox 2447 780 2503 847; x_wconf 90' lang='lat' dir='ltr'><strong>si</strong></span> <span class='ocrx_word' id='word_1_12' title='bbox 2543 780 2638 848; x_wconf 94' lang='lat' dir='ltr'><strong>ibi</strong></span> <span class='ocrx_word' id='word_1_13' title='bbox 2679 787 2831 849; x_wconf 88' lang='lat' dir='ltr'><strong>sunt</strong></span> <span class='ocrx_word' id='word_1_14' title='bbox 2869 779 3170 867; x_wconf 75' lang='lat' dir='ltr'><strong>magistri</strong></span> <span class='ocrx_word' id='word_1_15' title='bbox 3207 798 3483 865; x_wconf 89' lang='lat' dir='ltr'><strong>arguere</strong></span> <span class='ocrx_word' id='word_1_16' title='bbox 3515 776 3722 845; x_wconf 86' lang='lat' dir='ltr'><strong>volen-</strong></span> 
     </span>
     <span class='ocr_line' id='line_1_3' title="bbox 890 876 3722 969; baseline -0.003 -17"><span class='ocrx_word' id='word_1_17' title='bbox 890 895 1011 969; x_wconf 88' lang='lat' dir='ltr'><strong>tes,</strong></span> <span class='ocrx_word' id='word_1_18' title='bbox 1054 886 1110 951; x_wconf 93' lang='lat' dir='ltr'><strong>si</strong></span> <span class='ocrx_word' id='word_1_19' title='bbox 1156 883 1384 950; x_wconf 90' lang='lat' dir='ltr'><strong>saltem</strong></span> <span class='ocrx_word' id='word_1_20' title='bbox 1426 883 1640 949; x_wconf 88' lang='lat' dir='ltr'><strong>locum</strong></span> <span class='ocrx_word' id='word_1_21' title='bbox 1679 880 1996 968; x_wconf 89' lang='lat' dir='ltr'><strong>arguendi</strong></span> <span class='ocrx_word' id='word_1_22' title='bbox 2035 879 2280 946; x_wconf 89' lang='lat' dir='ltr'><strong>habere</strong></span> <span class='ocrx_word' id='word_1_23' title='bbox 2323 878 2623 969; x_wconf 82' lang='lat' dir='ltr'>possunt)</span> <span class='ocrx_word' id='word_1_24' title='bbox 2675 879 2962 947; x_wconf 89' lang='lat' dir='ltr'><strong>habeant</strong></span> <span class='ocrx_word' id='word_1_25' title='bbox 3000 876 3272 968; x_wconf 82' lang='lat' dir='ltr'><strong>quilibet</strong></span> <span class='ocrx_word' id='word_1_26' title='bbox 3313 899 3506 942; x_wconf 90' lang='lat' dir='ltr'><strong>unum</strong></span> <span class='ocrx_word' id='word_1_27' title='bbox 3550 900 3722 965; x_wconf 84' lang='lat' dir='ltr'><strong>gros-</strong></span> 
     </span>
     <span class='ocr_line' id='line_1_4' title="bbox 893 976 3723 1069; baseline -0.002 -18"><span class='ocrx_word' id='word_1_28' title='bbox 893 1008 1036 1052; x_wconf 89' lang='lat' dir='ltr'><strong>sum</strong></span> <span class='ocrx_word' id='word_1_29' title='bbox 1088 1005 1346 1067; x_wconf 86' lang='lat' dir='ltr'><strong>novum,</strong></span> <span class='ocrx_word' id='word_1_30' title='bbox 1402 1005 1594 1069; x_wconf 90' lang='lat' dir='ltr'><strong>quem</strong></span> <span class='ocrx_word' id='word_1_31' title='bbox 1634 980 1918 1053; x_wconf 89' lang='lat' dir='ltr'><strong>decanus</strong></span> <span class='ocrx_word' id='word_1_32' title='bbox 1962 979 2207 1047; x_wconf 89' lang='lat' dir='ltr'><strong>eisdem</strong></span> <span class='ocrx_word' id='word_1_33' title='bbox 2258 979 2486 1047; x_wconf 87' lang='lat' dir='ltr'><strong>eodem</strong></span> <span class='ocrx_word' id='word_1_34' title='bbox 2541 980 2648 1046; x_wconf 89' lang='lat' dir='ltr'><strong>die</strong></span> <span class='ocrx_word' id='word_1_35' title='bbox 2699 976 3162 1068; x_wconf 79' lang='lat' dir='ltr'><strong>praesentabit.</strong></span> <span class='ocrx_word' id='word_1_36' title='bbox 3244 977 3338 1043; x_wconf 86' lang='lat' dir='ltr'><strong>Ut</strong></span> <span class='ocrx_word' id='word_1_37' title='bbox 3382 997 3532 1063; x_wconf 84' lang='lat' dir='ltr'><strong>ergo</strong></span> <span class='ocrx_word' id='word_1_38' title='bbox 3567 978 3723 1044; x_wconf 83' lang='lat' dir='ltr'><strong>scia·</strong></span> 
     </span>
     <span class='ocr_line' id='line_1_5' title="bbox 891 1078 3728 1172; baseline -0.002 -21"><span class='ocrx_word' id='word_1_39' title='bbox 891 1093 1029 1168; x_wconf 83' lang='lat' dir='ltr'><strong>tur,</strong></span> <span class='ocrx_word' id='word_1_40' title='bbox 1093 1085 1205 1172; x_wconf 90' lang='lat' dir='ltr'><strong>qui</strong></span> <span class='ocrx_word' id='word_1_41' title='bbox 1265 1084 1563 1169; x_wconf 77' lang='lat' dir='ltr'><strong>magistri</strong></span> <span class='ocrx_word' id='word_1_42' title='bbox 1627 1089 2005 1168; x_wconf 87' lang='lat' dir='ltr'><strong>praesentes</strong></span> <span class='ocrx_word' id='word_1_43' title='bbox 2068 1080 2337 1163; x_wconf 87' lang='lat' dir='ltr'><strong>fuerint,</strong></span> <span class='ocrx_word' id='word_1_44' title='bbox 2414 1080 2693 1148; x_wconf 87' lang='lat' dir='ltr'><strong>famulus</strong></span> <span class='ocrx_word' id='word_1_45' title='bbox 2757 1079 3228 1161; x_wconf 86' lang='lat' dir='ltr'><strong>universitatis,</strong></span> <span class='ocrx_word' id='word_1_46' title='bbox 3293 1078 3407 1164; x_wconf 87' lang='lat' dir='ltr'><strong>qui</strong></span> <span class='ocrx_word' id='word_1_47' title='bbox 3467 1088 3728 1164; x_wconf 83' lang='lat' dir='ltr'><strong>protunc</strong></span> 
     </span>
     <span class='ocr_line' id='line_1_6' title="bbox 807 1176 3726 1275; baseline -0.004 -22"><span class='ocrx_word' id='word_1_48' title='bbox 807 1198 841 1253; x_wconf 83' lang='lat'><strong>5</strong></span> <span class='ocrx_word' id='word_1_49' title='bbox 895 1204 1205 1275; x_wconf 85' lang='lat' dir='ltr'><strong>praesens</strong></span> <span class='ocrx_word' id='word_1_50' title='bbox 1243 1182 1458 1265; x_wconf 83' lang='lat' dir='ltr'><strong>fuerit,</strong></span> <span class='ocrx_word' id='word_1_51' title='bbox 1502 1202 1722 1249; x_wconf 89' lang='lat' dir='ltr'><strong>omnes</strong></span> <span class='ocrx_word' id='word_1_52' title='bbox 1748 1181 2101 1267; x_wconf 89' lang='lat' dir='ltr'><strong>magistros</strong></span> <span class='ocrx_word' id='word_1_53' title='bbox 2142 1189 2516 1266; x_wconf 86' lang='lat' dir='ltr'><strong>praesentes</strong></span> <span class='ocrx_word' id='word_1_54' title='bbox 2559 1182 2629 1246; x_wconf 94' lang='lat' dir='ltr'><strong>in</strong></span> <span class='ocrx_word' id='word_1_55' title='bbox 2671 1179 2944 1267; x_wconf 85' lang='lat' dir='ltr'><strong>singulis</strong></span> <span class='ocrx_word' id='word_1_56' title='bbox 2988 1176 3545 1264; x_wconf 83' lang='lat' dir='ltr'><strong>disputacionibus</strong></span> <span class='ocrx_word' id='word_1_57' title='bbox 3577 1176 3726 1243; x_wconf 84' lang='lat' dir='ltr'><strong>fide·</strong></span> 
     </span>
     <span class='ocr_line' id='line_1_7' title="bbox 888 1277 3729 1366; baseline -0.003 -15"><span class='ocrx_word' id='word_1_58' title='bbox 888 1284 1037 1351; x_wconf 89' lang='lat' dir='ltr'><strong>liter</strong></span> <span class='ocrx_word' id='word_1_59' title='bbox 1081 1279 1452 1349; x_wconf 90' lang='lat' dir='ltr'><strong>conscribat</strong></span> <span class='ocrx_word' id='word_1_60' title='bbox 1495 1278 1582 1345; x_wconf 91' lang='lat' dir='ltr'><strong>ad</strong></span> <span class='ocrx_word' id='word_1_61' title='bbox 1623 1280 1971 1366; x_wconf 85' lang='lat' dir='ltr'><strong>registrum</strong></span> <span class='ocrx_word' id='word_1_62' title='bbox 2016 1290 2080 1345; x_wconf 89' lang='lat' dir='ltr'><strong>et</strong></span> <span class='ocrx_word' id='word_1_63' title='bbox 2122 1278 2369 1345; x_wconf 90' lang='lat' dir='ltr'><strong>decano</strong></span> <span class='ocrx_word' id='word_1_64' title='bbox 2420 1279 2751 1347; x_wconf 83' lang='lat' dir='ltr'><strong>facultatis</strong></span> <span class='ocrx_word' id='word_1_65' title='bbox 2813 1280 3061 1344; x_wconf 83' lang='lat' dir='ltr'><strong>arcium</strong></span> <span class='ocrx_word' id='word_1_66' title='bbox 3113 1277 3184 1342; x_wconf 86' lang='lat' dir='ltr'><strong>in</strong></span> <span class='ocrx_word' id='word_1_67' title='bbox 3241 1278 3503 1365; x_wconf 83' lang='lat' dir='ltr'><strong>scriptis</strong></span> <span class='ocrx_word' id='word_1_68' title='bbox 3551 1298 3729 1363; x_wconf 85' lang='lat' dir='ltr'><strong>prae-</strong></span> 
     </span>
     <span class='ocr_line' id='line_1_8' title="bbox 889 1375 3732 1467; baseline -0.003 -16"><span class='ocrx_word' id='word_1_69' title='bbox 889 1392 1126 1466; x_wconf 89' lang='lat' dir='ltr'><strong>sentet,</strong></span> <span class='ocrx_word' id='word_1_70' title='bbox 1179 1390 1251 1446; x_wconf 95' lang='lat' dir='ltr'><strong>ut</strong></span> <span class='ocrx_word' id='word_1_71' title='bbox 1306 1381 1464 1447; x_wconf 89' lang='lat' dir='ltr'><strong>sciri</strong></span> <span class='ocrx_word' id='word_1_72' title='bbox 1523 1380 1733 1467; x_wconf 87' lang='lat' dir='ltr'><strong>possit</strong></span> <span class='ocrx_word' id='word_1_73' title='bbox 1776 1377 2128 1464; x_wconf 82' lang='lat' dir='ltr'><strong>diligencia</strong></span> <span class='ocrx_word' id='word_1_74' title='bbox 2177 1381 2641 1467; x_wconf 89' lang='lat' dir='ltr'><strong>magistrorum</strong></span> <span class='ocrx_word' id='word_1_75' title='bbox 2696 1378 3035 1446; x_wconf 89' lang='lat' dir='ltr'><strong>consilium</strong></span> <span class='ocrx_word' id='word_1_76' title='bbox 3082 1375 3415 1443; x_wconf 80' lang='lat' dir='ltr'><strong>facultatis</strong></span> <span class='ocrx_word' id='word_1_77' title='bbox 3456 1386 3732 1464; x_wconf 85' lang='lat' dir='ltr'><strong>tempore</strong></span> 
     </span>
     <span class='ocr_line' id='line_1_9' title="bbox 892 1475 3730 1564; baseline -0.003 -14"><span class='ocrx_word' id='word_1_78' title='bbox 892 1505 1007 1550; x_wconf 88' lang='lat' dir='ltr'><strong>suo</strong></span> <span class='ocrx_word' id='word_1_79' title='bbox 1049 1484 1295 1548; x_wconf 89' lang='lat' dir='ltr'><strong>intrare</strong></span> <span class='ocrx_word' id='word_1_80' title='bbox 1335 1479 1706 1547; x_wconf 89' lang='lat' dir='ltr'><strong>volentium.</strong></span> <span class='ocrx_word' id='word_1_81' title='bbox 1794 1477 1886 1543; x_wconf 92' lang='lat' dir='ltr'><strong>Ut</strong></span> <span class='ocrx_word' id='word_1_82' title='bbox 1924 1500 2082 1564; x_wconf 89' lang='lat' dir='ltr'><strong>ergo</strong></span> <span class='ocrx_word' id='word_1_83' title='bbox 2121 1478 2399 1545; x_wconf 88' lang='lat' dir='ltr'><strong>famulus</strong></span> <span class='ocrx_word' id='word_1_84' title='bbox 2442 1480 2884 1546; x_wconf 89' lang='lat' dir='ltr'><strong>universitatis</strong></span> <span class='ocrx_word' id='word_1_85' title='bbox 2926 1478 2995 1543; x_wconf 91' lang='lat' dir='ltr'><strong>in</strong></span> <span class='ocrx_word' id='word_1_86' title='bbox 3039 1475 3421 1562; x_wconf 87' lang='lat' dir='ltr'><strong>exequendo</strong></span> <span class='ocrx_word' id='word_1_87' title='bbox 3464 1475 3730 1542; x_wconf 87' lang='lat' dir='ltr'><strong>officium</strong></span> 
     </span>
     <span class='ocr_line' id='line_1_10' title="bbox 891 1574 3730 1667; baseline -0.003 -18"><span class='ocrx_word' id='word_1_88' title='bbox 891 1604 1074 1649; x_wconf 87' lang='lat' dir='ltr'><strong>suum</strong></span> <span class='ocrx_word' id='word_1_89' title='bbox 1135 1582 1450 1648; x_wconf 88' lang='lat' dir='ltr'><strong>maiorem</strong></span> <span class='ocrx_word' id='word_1_90' title='bbox 1504 1587 1798 1666; x_wconf 89' lang='lat' dir='ltr'><strong>apponat</strong></span> <span class='ocrx_word' id='word_1_91' title='bbox 1850 1576 2283 1664; x_wconf 83' lang='lat' dir='ltr'><strong>diligenciam,</strong></span> <span class='ocrx_word' id='word_1_92' title='bbox 2343 1580 2412 1643; x_wconf 91' lang='lat' dir='ltr'><strong>in</strong></span> <span class='ocrx_word' id='word_1_93' title='bbox 2469 1579 2743 1667; x_wconf 88' lang='lat' dir='ltr'><strong>singulis</strong></span> <span class='ocrx_word' id='word_1_94' title='bbox 2797 1575 3360 1666; x_wconf 86' lang='lat' dir='ltr'><strong>disputacionibus</strong></span> <span class='ocrx_word' id='word_1_95' title='bbox 3400 1574 3730 1643; x_wconf 83' lang='lat' dir='ltr'><strong>ordinariis</strong></span> 
     </span>
     <span class='ocr_line' id='line_1_11' title="bbox 812 1677 2016 1750; baseline -0.007 1"><span class='ocrx_word' id='word_1_96' title='bbox 812 1694 877 1750; x_wconf 86' lang='lat'><strong>10</strong></span> <span class='ocrx_word' id='word_1_97' title='bbox 898 1681 1197 1750; x_wconf 89' lang='lat' dir='ltr'><strong>adminus</strong></span> <span class='ocrx_word' id='word_1_98' title='bbox 1237 1678 1478 1747; x_wconf 88' lang='lat' dir='ltr'><strong>habeat</strong></span> <span class='ocrx_word' id='word_1_99' title='bbox 1516 1688 1651 1745; x_wconf 90' lang='lat' dir='ltr'><strong>tres</strong></span> <span class='ocrx_word' id='word_1_100' title='bbox 1695 1677 2016 1744; x_wconf 85' lang='lat' dir='ltr'><strong>denarios.</strong></span> 
     </span>
    </p>
   </div>
   <div class='ocr_carea' id='block_1_3' title="bbox 1300 1864 3330 1942">
    <p class='ocr_par' dir='ltr' id='par_1_3' title="bbox 1300 1864 3330 1942">
     <span class='ocr_line' id='line_1_12' title="bbox 1300 1864 3330 1942; baseline 0 -13"><span class='ocrx_word' id='word_1_101' title='bbox 1300 1868 1359 1930; x_wconf 85' lang='grc'><strong>6.</strong></span> <span class='ocrx_word' id='word_1_102' title='bbox 1400 1879 1688 1942; x_wconf 74' lang='lat' dir='ltr'><strong>QUANDO</strong></span> <span class='ocrx_word' id='word_1_103' title='bbox 1730 1878 1876 1928; x_wconf 70' lang='lat' dir='ltr'><strong>non</strong></span> <span class='ocrx_word' id='word_1_104' title='bbox 1916 1879 2152 1928; x_wconf 69' lang='lat' dir='ltr'><strong>unsar</strong></span> <span class='ocrx_word' id='word_1_105' title='bbox 2199 1880 2388 1929; x_wconf 72' lang='lat' dir='ltr'><strong>rra-m</strong></span> <span class='ocrx_word' id='word_1_106' title='bbox 2429 1880 2847 1930; x_wconf 72' lang='lat' dir='ltr'><strong>msrnmcxo</strong></span> <span class='ocrx_word' id='word_1_107' title='bbox 2892 1864 3330 1931; x_wconf 59' lang='lat' dir='ltr'><strong>onomast-¹</strong></span> 
     </span>
    </p>
   </div>
   <div class='ocr_carea' id='block_1_4' title="bbox 811 2009 3736 2595">
    <p class='ocr_par' dir='ltr' id='par_1_4' title="bbox 1055 2009 3730 2102">
     <span class='ocr_line' id='line_1_13' title="bbox 1055 2009 3730 2102; baseline -0.003 -21"><span class='ocrx_word' id='word_1_108' title='bbox 1055 2016 1218 2082; x_wconf 88' lang='lat' dir='ltr'><strong>Item</strong></span> <span class='ocrx_word' id='word_1_109' title='bbox 1262 2011 1496 2102; x_wconf 90' lang='lat' dir='ltr'><strong>quod</strong></span> <span class='ocrx_word' id='word_1_110' title='bbox 1477 2036 1546 2077; x_wconf 83' lang='lat' dir='ltr'><strong>m</strong></span> <span class='ocrx_word' id='word_1_111' title='bbox 1586 2010 1973 2078; x_wconf 87' lang='lat' dir='ltr'><strong>annualibus</strong></span> <span class='ocrx_word' id='word_1_112' title='bbox 2017 2012 2174 2078; x_wconf 86' lang='lat' dir='ltr'><strong>foris</strong></span> <span class='ocrx_word' id='word_1_113' title='bbox 2220 2035 2351 2077; x_wconf 92' lang='lat' dir='ltr'><strong>non</strong></span> <span class='ocrx_word' id='word_1_114' title='bbox 2395 2010 2587 2078; x_wconf 90' lang='lat' dir='ltr'><strong>debet</strong></span> <span class='ocrx_word' id='word_1_115' title='bbox 2623 2011 2767 2078; x_wconf 89' lang='lat' dir='ltr'><strong>fieri</strong></span> <span class='ocrx_word' id='word_1_116' title='bbox 2816 2011 3182 2100; x_wconf 91' lang='lat' dir='ltr'><strong>disputacio</strong></span> <span class='ocrx_word' id='word_1_117' title='bbox 3228 2009 3584 2092; x_wconf 80' lang='lat' dir='ltr'><strong>ordinaria,</strong></span> <span class='ocrx_word' id='word_1_118' title='bbox 3632 2030 3730 2074; x_wconf 83' lang='lat' dir='ltr'><strong>ne·</strong></span> 
     </span>
    </p>

    <p class='ocr_par' dir='ltr' id='par_1_5' title="bbox 811 2109 3736 2595">
     <span class='ocr_line' id='line_1_14' title="bbox 891 2109 3314 2209; baseline -0.002 -27"><span class='ocrx_word' id='word_1_119' title='bbox 891 2139 1017 2209; x_wconf 88' lang='lat' dir='ltr'><strong>que</strong></span> <span class='ocrx_word' id='word_1_120' title='bbox 1061 2114 1233 2180; x_wconf 88' lang='lat' dir='ltr'><strong>infra</strong></span> <span class='ocrx_word' id='word_1_121' title='bbox 1273 2112 1704 2178; x_wconf 90' lang='lat' dir='ltr'><strong>mutacionem</strong></span> <span class='ocrx_word' id='word_1_122' title='bbox 1746 2120 1812 2177; x_wconf 90' lang='lat' dir='ltr'><strong>et</strong></span> <span class='ocrx_word' id='word_1_123' title='bbox 1853 2112 1999 2178; x_wconf 90' lang='lat' dir='ltr'><strong>aliis</strong></span> <span class='ocrx_word' id='word_1_124' title='bbox 2043 2110 2446 2199; x_wconf 90' lang='lat' dir='ltr'><strong>temporibus</strong></span> <span class='ocrx_word' id='word_1_125' title='bbox 2493 2109 2578 2176; x_wconf 95' lang='lat' dir='ltr'><strong>ab</strong></span> <span class='ocrx_word' id='word_1_126' title='bbox 2620 2113 2885 2198; x_wconf 84' lang='lat' dir='ltr'><strong>antiquo</strong></span> <span class='ocrx_word' id='word_1_127' title='bbox 2932 2110 3314 2179; x_wconf 89' lang='lat' dir='ltr'><strong>observatis.</strong></span> 
     </span>
     <span class='ocr_line' id='line_1_15' title="bbox 1055 2208 3734 2299; baseline -0.003 -19"><span class='ocrx_word' id='word_1_128' title='bbox 1055 2215 1222 2281; x_wconf 90' lang='lat' dir='ltr'><strong>Item</strong></span> <span class='ocrx_word' id='word_1_129' title='bbox 1285 2210 1459 2297; x_wconf 90' lang='lat' dir='ltr'><strong>quod</strong></span> <span class='ocrx_word' id='word_1_130' title='bbox 1523 2220 1815 2298; x_wconf 89' lang='lat' dir='ltr'><strong>tempore</strong></span> <span class='ocrx_word' id='word_1_131' title='bbox 1872 2210 2343 2299; x_wconf 90' lang='lat' dir='ltr'><strong>disputacionis</strong></span> <span class='ocrx_word' id='word_1_132' title='bbox 2400 2209 2772 2277; x_wconf 86' lang='lat' dir='ltr'><strong>ordinariae</strong></span> <span class='ocrx_word' id='word_1_133' title='bbox 2828 2210 3045 2278; x_wconf 90' lang='lat' dir='ltr'><strong>nullae</strong></span> <span class='ocrx_word' id='word_1_134' title='bbox 3101 2208 3342 2276; x_wconf 90' lang='lat' dir='ltr'><strong>debent</strong></span> <span class='ocrx_word' id='word_1_135' title='bbox 3398 2208 3544 2275; x_wconf 86' lang='lat' dir='ltr'><strong>fieri</strong></span> <span class='ocrx_word' id='word_1_136' title='bbox 3600 2230 3734 2296; x_wconf 88' lang='lat' dir='ltr'><strong>pro-</strong></span> 
     </span>
     <span class='ocr_line' id='line_1_16' title="bbox 811 2306 3734 2400; baseline -0.004 -15"><span class='ocrx_word' id='word_1_137' title='bbox 811 2327 872 2384; x_wconf 84' lang='lat'><strong>15</strong></span> <span class='ocrx_word' id='word_1_138' title='bbox 893 2313 1389 2394; x_wconf 86' lang='lat' dir='ltr'><strong>nunctiationes,</strong></span> <span class='ocrx_word' id='word_1_139' title='bbox 1452 2309 1760 2376; x_wconf 88' lang='lat' dir='ltr'><strong>lectiones</strong></span> <span class='ocrx_word' id='word_1_140' title='bbox 1819 2310 1923 2377; x_wconf 89' lang='lat' dir='ltr'><strong>vel</strong></span> <span class='ocrx_word' id='word_1_141' title='bbox 1987 2310 2461 2398; x_wconf 88' lang='lat' dir='ltr'><strong>resumptiones</strong></span> <span class='ocrx_word' id='word_1_142' title='bbox 2522 2309 2627 2376; x_wconf 90' lang='lat' dir='ltr'><strong>vel</strong></span> <span class='ocrx_word' id='word_1_143' title='bbox 2691 2312 2905 2400; x_wconf 88' lang='lat' dir='ltr'><strong>quivis</strong></span> <span class='ocrx_word' id='word_1_144' title='bbox 2969 2310 3081 2376; x_wconf 92' lang='lat' dir='ltr'><strong>alii</strong></span> <span class='ocrx_word' id='word_1_145' title='bbox 3145 2320 3328 2376; x_wconf 81' lang='lat' dir='ltr'><strong>actus</strong></span> <span class='ocrx_word' id='word_1_146' title='bbox 3389 2306 3734 2390; x_wconf 81' lang='lat' dir='ltr'><strong>scolastici3</strong></span> 
     </span>
     <span class='ocr_line' id='line_1_17' title="bbox 888 2407 3736 2505; baseline -0.004 -23"><span class='ocrx_word' id='word_1_147' title='bbox 888 2436 1096 2505; x_wconf 89' lang='lat' dir='ltr'><strong>neque</strong></span> <span class='ocrx_word' id='word_1_148' title='bbox 1176 2410 1304 2477; x_wconf 92' lang='lat' dir='ltr'><strong>illis</strong></span> <span class='ocrx_word' id='word_1_149' title='bbox 1369 2409 1628 2492; x_wconf 87' lang='lat' dir='ltr'><strong>diebus,</strong></span> <span class='ocrx_word' id='word_1_150' title='bbox 1693 2407 1928 2498; x_wconf 90' lang='lat' dir='ltr'><strong>quibus</strong></span> <span class='ocrx_word' id='word_1_151' title='bbox 1987 2408 2063 2474; x_wconf 86' lang='lat' dir='ltr'><strong>fit</strong></span> <span class='ocrx_word' id='word_1_152' title='bbox 2124 2408 2488 2497; x_wconf 87' lang='lat' dir='ltr'><strong>disputacio</strong></span> <span class='ocrx_word' id='word_1_153' title='bbox 2550 2408 2883 2476; x_wconf 86' lang='lat' dir='ltr'><strong>ordinaria</strong></span> <span class='ocrx_word' id='word_1_154' title='bbox 2943 2411 3437 2497; x_wconf 89' lang='lat' dir='ltr'><strong>magistrorum,</strong></span> <span class='ocrx_word' id='word_1_155' title='bbox 3513 2407 3736 2473; x_wconf 86' lang='lat' dir='ltr'><strong>debent</strong></span> 
     </span>
     <span class='ocr_line' id='line_1_18' title="bbox 888 2507 3733 2595; baseline -0.003 -14"><span class='ocrx_word' id='word_1_156' title='bbox 888 2514 1194 2581; x_wconf 86' lang='lat' dir='ltr'><strong>lectiones</strong></span> <span class='ocrx_word' id='word_1_157' title='bbox 1238 2520 1352 2578; x_wconf 90' lang='lat' dir='ltr'><strong>aut</strong></span> <span class='ocrx_word' id='word_1_158' title='bbox 1394 2510 1711 2575; x_wconf 86' lang='lat' dir='ltr'><strong>exercitia</strong></span> <span class='ocrx_word' id='word_1_159' title='bbox 1736 2508 1903 2595; x_wconf 11' lang='lat' dir='ltr'><strong>*fieri</strong></span> <span class='ocrx_word' id='word_1_160' title='bbox 1934 2519 2048 2573; x_wconf 90' lang='lat' dir='ltr'><strong>aut</strong></span> <span class='ocrx_word' id='word_1_161' title='bbox 2087 2510 2483 2594; x_wconf 80' lang='lat' dir='ltr'><strong>continuari3</strong></span> <span class='ocrx_word' id='word_1_162' title='bbox 2541 2517 2730 2575; x_wconf 86' lang='lat' dir='ltr'><strong>extra</strong></span> <span class='ocrx_word' id='word_1_163' title='bbox 2780 2517 3000 2576; x_wconf 88' lang='lat' dir='ltr'><strong>tamen</strong></span> <span class='ocrx_word' id='word_1_164' title='bbox 3041 2508 3414 2576; x_wconf 88' lang='lat' dir='ltr'><strong>ordinariae</strong></span> <span class='ocrx_word' id='word_1_165' title='bbox 3460 2507 3733 2595; x_wconf 86' lang='lat' dir='ltr'><strong>disputa-</strong></span> 
     </span>
    </p>
   </div>
   <div class='ocr_carea' id='block_1_5' title="bbox 892 2610 1621 2698">
    <p class='ocr_par' dir='ltr' id='par_1_6' title="bbox 892 2610 1621 2698">
     <span class='ocr_line' id='line_1_19' title="bbox 892 2610 1621 2698; baseline -0.011 -17"><span class='ocrx_word' id='word_1_166' title='bbox 892 2615 1110 2680; x_wconf 90' lang='lat' dir='ltr'><strong>ciones</strong></span> <span class='ocrx_word' id='word_1_167' title='bbox 1150 2610 1293 2676; x_wconf 90' lang='lat' dir='ltr'><strong>fieri</strong></span> <span class='ocrx_word' id='word_1_168' title='bbox 1334 2616 1621 2698; x_wconf 85' lang='lat' dir='ltr'><strong>possunt.</strong></span> 
     </span>
    </p>
   </div>
   <div class='ocr_carea' id='block_1_6' title="bbox 1560 2796 3081 2869">
    <p class='ocr_par' dir='ltr' id='par_1_7' title="bbox 1560 2796 3081 2869">
     <span class='ocr_line' id='line_1_20' title="bbox 1560 2796 3081 2869; baseline 0.002 -14"><span class='ocrx_word' id='word_1_169' title='bbox 1560 2796 1618 2855; x_wconf 86' lang='lat'><strong>7.</strong></span> <span class='ocrx_word' id='word_1_170' title='bbox 1661 2808 1783 2869; x_wconf 71' lang='lat' dir='ltr'><strong>qm</strong></span> <span class='ocrx_word' id='word_1_171' title='bbox 1826 2808 2205 2857; x_wconf 66' lang='lat' dir='ltr'><strong>&#39;ramurmz</strong></span> <span class='ocrx_word' id='word_1_172' title='bbox 2246 2809 2637 2860; x_wconf 72' lang='lat' dir='ltr'><strong>msrurm</strong></span> <span class='ocrx_word' id='word_1_173' title='bbox 2681 2811 3081 2861; x_wconf 63' lang='lat' dir='ltr'><strong>olumnam.</strong></span> 
     </span>
    </p>
   </div>
   <div class='ocr_carea' id='block_1_7' title="bbox 806 2940 3736 3728">
    <p class='ocr_par' dir='ltr' id='par_1_8' title="bbox 806 2940 3736 3427">
     <span class='ocr_line' id='line_1_21' title="bbox 806 2940 3736 3030; baseline -0.001 -19"><span class='ocrx_word' id='word_1_174' title='bbox 806 2957 877 3014; x_wconf 77' lang='grc'><strong>20</strong></span> <span class='ocrx_word' id='word_1_175' title='bbox 1057 2944 1222 3013; x_wconf 86' lang='lat' dir='ltr'><strong>Item</strong></span> <span class='ocrx_word' id='word_1_176' title='bbox 1263 2941 1536 3030; x_wconf 85' lang='lat' dir='ltr'><strong>quilibet</strong></span> <span class='ocrx_word' id='word_1_177' title='bbox 1576 2942 1908 3027; x_wconf 88' lang='lat' dir='ltr'><strong>magister,</strong></span> <span class='ocrx_word' id='word_1_178' title='bbox 1951 2940 2059 3005; x_wconf 90' lang='lat' dir='ltr'><strong>hic</strong></span> <span class='ocrx_word' id='word_1_179' title='bbox 2107 2940 2175 3007; x_wconf 88' lang='lat' dir='ltr'><strong>in</strong></span> <span class='ocrx_word' id='word_1_180' title='bbox 2218 2941 2641 3007; x_wconf 84' lang='lat' dir='ltr'><strong>universitate</strong></span> <span class='ocrx_word' id='word_1_181' title='bbox 2685 2951 3044 3028; x_wconf 87' lang='lat' dir='ltr'><strong>promotus,</strong></span> <span class='ocrx_word' id='word_1_182' title='bbox 3099 2941 3465 3029; x_wconf 87' lang='lat' dir='ltr'><strong>disputabit</strong></span> <span class='ocrx_word' id='word_1_183' title='bbox 3499 2943 3570 3007; x_wconf 89' lang='lat' dir='ltr'><strong>in</strong></span> <span class='ocrx_word' id='word_1_184' title='bbox 3607 2940 3736 3009; x_wconf 77' lang='lat' dir='ltr'><strong>loeo</strong></span> 
     </span>
     <span class='ocr_line' id='line_1_22' title="bbox 892 3039 3734 3129; baseline -0.001 -18"><span class='ocrx_word' id='word_1_185' title='bbox 892 3067 1008 3115; x_wconf 90' lang='lat' dir='ltr'><strong>suo</strong></span> <span class='ocrx_word' id='word_1_186' title='bbox 1052 3041 1381 3110; x_wconf 86' lang='lat' dir='ltr'><strong>ordinarie</strong></span> <span class='ocrx_word' id='word_1_187' title='bbox 1423 3051 1573 3129; x_wconf 90' lang='lat' dir='ltr'><strong>post</strong></span> <span class='ocrx_word' id='word_1_188' title='bbox 1608 3041 2077 3128; x_wconf 88' lang='lat' dir='ltr'><strong>promotionem</strong></span> <span class='ocrx_word' id='word_1_189' title='bbox 2121 3062 2303 3105; x_wconf 90' lang='lat' dir='ltr'><strong>suam</strong></span> <span class='ocrx_word' id='word_1_190' title='bbox 2344 3039 2432 3106; x_wconf 89' lang='lat' dir='ltr'><strong>ad</strong></span> <span class='ocrx_word' id='word_1_191' title='bbox 2469 3044 2684 3107; x_wconf 88' lang='lat' dir='ltr'><strong>minus</strong></span> <span class='ocrx_word' id='word_1_192' title='bbox 2726 3039 2814 3107; x_wconf 89' lang='lat' dir='ltr'><strong>ad</strong></span> <span class='ocrx_word' id='word_1_193' title='bbox 2857 3040 3079 3107; x_wconf 88' lang='lat' dir='ltr'><strong>decem</strong></span> <span class='ocrx_word' id='word_1_194' title='bbox 3124 3065 3328 3111; x_wconf 82' lang='lat' dir='ltr'><strong>annos</strong></span> <span class='ocrx_word' id='word_1_195' title='bbox 3370 3041 3497 3109; x_wconf 79' lang='lat' dir='ltr'><strong>sub</strong></span> <span class='ocrx_word' id='word_1_196' title='bbox 3539 3063 3734 3129; x_wconf 78' lang='lat' dir='ltr'><strong>poena</strong></span> 
     </span>
     <span class='ocr_line' id='line_1_23' title="bbox 892 3138 3730 3234; baseline 0 -25"><span class='ocrx_word' id='word_1_197' title='bbox 892 3142 1276 3234; x_wconf 84' lang='lat' dir='ltr'><strong>privationis</strong></span> <span class='ocrx_word' id='word_1_198' title='bbox 1317 3140 1446 3206; x_wconf 93' lang='lat' dir='ltr'><strong>loci</strong></span> <span class='ocrx_word' id='word_1_199' title='bbox 1488 3141 1555 3205; x_wconf 91' lang='lat' dir='ltr'><strong>in</strong></span> <span class='ocrx_word' id='word_1_200' title='bbox 1596 3138 1789 3205; x_wconf 88' lang='lat' dir='ltr'><strong>scolis</strong></span> <span class='ocrx_word' id='word_1_201' title='bbox 1834 3148 1897 3205; x_wconf 90' lang='lat' dir='ltr'><strong>et</strong></span> <span class='ocrx_word' id='word_1_202' title='bbox 1939 3138 2335 3225; x_wconf 86' lang='lat' dir='ltr'><strong>quibuslibet</strong></span> <span class='ocrx_word' id='word_1_203' title='bbox 2385 3138 2533 3207; x_wconf 87' lang='lat' dir='ltr'><strong>aliis</strong></span> <span class='ocrx_word' id='word_1_204' title='bbox 2576 3139 2846 3207; x_wconf 88' lang='lat' dir='ltr'><strong>actibus.</strong></span> <span class='ocrx_word' id='word_1_205' title='bbox 2932 3139 3142 3223; x_wconf 76' lang='lat' dir='ltr'><strong>Quem</strong></span> <span class='ocrx_word' id='word_1_206' title='bbox 3200 3143 3408 3212; x_wconf 85' lang='lat' dir='ltr'><strong>eciam</strong></span> <span class='ocrx_word' id='word_1_207' title='bbox 3465 3141 3730 3210; x_wconf 79' lang='lat' dir='ltr'><strong>decanus</strong></span> 
     </span>
     <span class='ocr_line' id='line_1_24' title="bbox 893 3236 3727 3333; baseline -0.002 -19"><span class='ocrx_word' id='word_1_208' title='bbox 893 3267 1014 3333; x_wconf 83' lang='lat' dir='ltr'><strong>pro</strong></span> <span class='ocrx_word' id='word_1_209' title='bbox 1052 3252 1346 3330; x_wconf 88' lang='lat' dir='ltr'><strong>tempore</strong></span> <span class='ocrx_word' id='word_1_210' title='bbox 1388 3240 1675 3305; x_wconf 84' lang='lat' dir='ltr'><strong>existens</strong></span> <span class='ocrx_word' id='word_1_211' title='bbox 1716 3236 2040 3304; x_wconf 84' lang='lat' dir='ltr'><strong>tenebitur</strong></span> <span class='ocrx_word' id='word_1_212' title='bbox 2079 3238 2396 3327; x_wconf 89' lang='lat' dir='ltr'><strong>repellere</strong></span> <span class='ocrx_word' id='word_1_213' title='bbox 2455 3238 2540 3306; x_wconf 92' lang='lat' dir='ltr'><strong>de</strong></span> <span class='ocrx_word' id='word_1_214' title='bbox 2596 3239 2791 3306; x_wconf 90' lang='lat' dir='ltr'><strong>scolis</strong></span> <span class='ocrx_word' id='word_1_215' title='bbox 2843 3261 2963 3329; x_wconf 85' lang='lat' dir='ltr'><strong>per</strong></span> <span class='ocrx_word' id='word_1_216' title='bbox 3015 3242 3320 3308; x_wconf 86' lang='lat' dir='ltr'><strong>nuncium</strong></span> <span class='ocrx_word' id='word_1_217' title='bbox 3361 3243 3727 3309; x_wconf 83' lang='lat' dir='ltr'><strong>universita-</strong></span> 
     </span>
     <span class='ocr_line' id='line_1_25' title="bbox 888 3337 2431 3427; baseline -0.006 -16"><span class='ocrx_word' id='word_1_218' title='bbox 888 3345 995 3427; x_wconf 88' lang='lat' dir='ltr'><strong>tis,</strong></span> <span class='ocrx_word' id='word_1_219' title='bbox 1034 3342 1163 3408; x_wconf 89' lang='lat' dir='ltr'><strong>nisi</strong></span> <span class='ocrx_word' id='word_1_220' title='bbox 1203 3340 1398 3407; x_wconf 85' lang='lat' dir='ltr'><strong>fuerit</strong></span> <span class='ocrx_word' id='word_1_221' title='bbox 1438 3341 1509 3404; x_wconf 90' lang='lat' dir='ltr'><strong>in</strong></span> <span class='ocrx_word' id='word_1_222' title='bbox 1550 3337 1681 3404; x_wconf 90' lang='lat' dir='ltr'><strong>alia</strong></span> <span class='ocrx_word' id='word_1_223' title='bbox 1724 3337 2034 3404; x_wconf 86' lang='lat' dir='ltr'><strong>facultate</strong></span> <span class='ocrx_word' id='word_1_224' title='bbox 2078 3347 2431 3425; x_wconf 87' lang='lat' dir='ltr'><strong>promotus.</strong></span> 
     </span>
    </p>

    <p class='ocr_par' dir='ltr' id='par_1_9' title="bbox 806 3436 3730 3728">
     <span class='ocr_line' id='line_1_26' title="bbox 806 3436 3730 3529; baseline 0.002 -24"><span class='ocrx_word' id='word_1_225' title='bbox 806 3453 877 3518; x_wconf 73' lang='lat'><strong>25</strong></span> <span class='ocrx_word' id='word_1_226' title='bbox 1058 3441 1223 3508; x_wconf 87' lang='lat' dir='ltr'><strong>Item</strong></span> <span class='ocrx_word' id='word_1_227' title='bbox 1270 3439 1512 3528; x_wconf 87' lang='lat' dir='ltr'><strong>placet,</strong></span> <span class='ocrx_word' id='word_1_228' title='bbox 1571 3436 1744 3526; x_wconf 87' lang='lat' dir='ltr'><strong>quod</strong></span> <span class='ocrx_word' id='word_1_229' title='bbox 1786 3436 2060 3526; x_wconf 85' lang='lat' dir='ltr'><strong>quilibet</strong></span> <span class='ocrx_word' id='word_1_230' title='bbox 2100 3439 2577 3523; x_wconf 88' lang='lat' dir='ltr'><strong>magistrorum,</strong></span> <span class='ocrx_word' id='word_1_231' title='bbox 2628 3438 2852 3506; x_wconf 87' lang='lat' dir='ltr'><strong>volens</strong></span> <span class='ocrx_word' id='word_1_232' title='bbox 2894 3440 3223 3514; x_wconf 86' lang='lat' dir='ltr'><strong>ordinarie</strong></span> <span class='ocrx_word' id='word_1_233' title='bbox 3267 3442 3621 3529; x_wconf 77' lang='lat' dir='ltr'><strong>disputare,</strong></span> <span class='ocrx_word' id='word_1_234' title='bbox 3658 3438 3730 3510; x_wconf 72' lang='lat' dir='ltr'><strong>de</strong></span> 
     </span>
     <span class='ocr_line' id='line_1_27' title="bbox 887 3534 3726 3629; baseline 0 -21"><span class='ocrx_word' id='word_1_235' title='bbox 887 3538 1431 3629; x_wconf 83' lang='lat' dir='ltr'><strong>respondentibus</strong></span> <span class='ocrx_word' id='word_1_236' title='bbox 1490 3534 1617 3602; x_wconf 87' lang='lat' dir='ltr'><strong>sibi</strong></span> <span class='ocrx_word' id='word_1_237' title='bbox 1673 3534 1914 3602; x_wconf 88' lang='lat' dir='ltr'><strong>debeat</strong></span> <span class='ocrx_word' id='word_1_238' title='bbox 1968 3535 2350 3624; x_wconf 85' lang='lat' dir='ltr'><strong>providere,</strong></span> <span class='ocrx_word' id='word_1_239' title='bbox 2409 3547 2474 3603; x_wconf 89' lang='lat' dir='ltr'><strong>et</strong></span> <span class='ocrx_word' id='word_1_240' title='bbox 2528 3537 2829 3605; x_wconf 87' lang='lat' dir='ltr'><strong>adminus</strong></span> <span class='ocrx_word' id='word_1_241' title='bbox 2884 3540 3380 3628; x_wconf 82' lang='lat' dir='ltr'><strong>principalibus,</strong></span> <span class='ocrx_word' id='word_1_242' title='bbox 3443 3540 3569 3608; x_wconf 86' lang='lat' dir='ltr'><strong>sub</strong></span> <span class='ocrx_word' id='word_1_243' title='bbox 3615 3563 3726 3610; x_wconf 80' lang='lat' dir='ltr'><strong>uon</strong></span> 
     </span>
     <span class='ocr_line' id='line_1_28' title="bbox 891 3636 1908 3728; baseline -0.008 -20"><span class='ocrx_word' id='word_1_244' title='bbox 891 3639 1381 3728; x_wconf 85' lang='lat' dir='ltr'><strong>computacione</strong></span> <span class='ocrx_word' id='word_1_245' title='bbox 1419 3636 1908 3723; x_wconf 84' lang='lat' dir='ltr'><strong>disputacionis.</strong></span> 
     </span>
    </p>
   </div>
   <div class='ocr_carea' id='block_1_8' title="bbox 1327 3827 3295 3892">
    <p class='ocr_par' dir='ltr' id='par_1_10' title="bbox 1327 3827 3295 3892">
     <span class='ocr_line' id='line_1_29' title="bbox 1327 3827 3295 3892; baseline 0 -2"><span class='ocrx_word' id='word_1_246' title='bbox 1327 3827 1388 3891; x_wconf 81' lang='lat'><strong>8·</strong></span> <span class='ocrx_word' id='word_1_247' title='bbox 1429 3839 1524 3887; x_wconf 87' lang='lat' dir='ltr'><strong>DE</strong></span> <span class='ocrx_word' id='word_1_248' title='bbox 1562 3837 2078 3886; x_wconf 75' lang='lat' dir='ltr'><strong>DISPUTATIONE</strong></span> <span class='ocrx_word' id='word_1_249' title='bbox 2123 3838 2738 3890; x_wconf 73' lang='lat' dir='ltr'><strong>EXTRAORDINARLA</strong></span> <span class='ocrx_word' id='word_1_250' title='bbox 2779 3839 3295 3892; x_wconf 73' lang='lat' dir='ltr'>MAGISTRORUM.</span> 
     </span>
    </p>
   </div>
   <div class='ocr_carea' id='block_1_9' title="bbox 809 3951 3725 4835">
    <p class='ocr_par' dir='ltr' id='par_1_11' title="bbox 1057 3951 3725 4042">
     <span class='ocr_line' id='line_1_30' title="bbox 1057 3951 3725 4042; baseline -0.001 -21"><span class='ocrx_word' id='word_1_251' title='bbox 1057 3954 1346 4036; x_wconf 85' lang='lat' dir='ltr'><strong>Placuit,</strong></span> <span class='ocrx_word' id='word_1_252' title='bbox 1421 3951 1598 4039; x_wconf 90' lang='lat' dir='ltr'><strong>quod</strong></span> <span class='ocrx_word' id='word_1_253' title='bbox 1671 3951 1943 4042; x_wconf 90' lang='lat' dir='ltr'><strong>quilibet</strong></span> <span class='ocrx_word' id='word_1_254' title='bbox 2000 3961 2337 4040; x_wconf 86' lang='lat' dir='ltr'><strong>promotus</strong></span> <span class='ocrx_word' id='word_1_255' title='bbox 2399 3954 2467 4018; x_wconf 91' lang='lat' dir='ltr'><strong>in</strong></span> <span class='ocrx_word' id='word_1_256' title='bbox 2520 3957 2907 4042; x_wconf 83' lang='lat' dir='ltr'><strong>magistrum</strong></span> <span class='ocrx_word' id='word_1_257' title='bbox 2959 3957 3174 4023; x_wconf 90' lang='lat' dir='ltr'><strong>occies</strong></span> <span class='ocrx_word' id='word_1_258' title='bbox 3228 3954 3725 4023; x_wconf 75' lang='lat' dir='ltr'><strong>extraordinarie</strong></span> 
     </span>
    </p>

    <p class='ocr_par' dir='ltr' id='par_1_12' title="bbox 809 4051 3724 4835">
     <span class='ocr_line' id='line_1_31' title="bbox 809 4051 3721 4144; baseline -0.001 -22"><span class='ocrx_word' id='word_1_259' title='bbox 809 4065 878 4123; x_wconf 82' lang='lat'><strong>30</strong></span> <span class='ocrx_word' id='word_1_260' title='bbox 895 4055 1067 4121; x_wconf 88' lang='lat' dir='ltr'><strong>infra</strong></span> <span class='ocrx_word' id='word_1_261' title='bbox 1111 4056 1393 4142; x_wconf 89' lang='lat' dir='ltr'><strong>primum</strong></span> <span class='ocrx_word' id='word_1_262' title='bbox 1437 4075 1674 4118; x_wconf 89' lang='lat' dir='ltr'><strong>annum</strong></span> <span class='ocrx_word' id='word_1_263' title='bbox 1723 4074 1877 4118; x_wconf 90' lang='lat' dir='ltr'><strong>suae</strong></span> <span class='ocrx_word' id='word_1_264' title='bbox 1919 4054 2307 4140; x_wconf 88' lang='lat' dir='ltr'><strong>inceptionis</strong></span> <span class='ocrx_word' id='word_1_265' title='bbox 2352 4051 2661 4141; x_wconf 89' lang='lat' dir='ltr'><strong>disputet,</strong></span> <span class='ocrx_word' id='word_1_266' title='bbox 2706 4063 2770 4119; x_wconf 90' lang='lat' dir='ltr'><strong>et</strong></span> <span class='ocrx_word' id='word_1_267' title='bbox 2812 4064 3159 4144; x_wconf 89' lang='lat' dir='ltr'><strong>antequam</strong></span> <span class='ocrx_word' id='word_1_268' title='bbox 3200 4054 3572 4123; x_wconf 90' lang='lat' dir='ltr'><strong>huiusmodi</strong></span> <span class='ocrx_word' id='word_1_269' title='bbox 3613 4053 3721 4119; x_wconf 88' lang='lat' dir='ltr'><strong>dis·</strong></span> 
     </span>
     <span class='ocr_line' id='line_1_32' title="bbox 894 4150 3719 4244; baseline 0 -25"><span class='ocrx_word' id='word_1_270' title='bbox 894 4155 1263 4244; x_wconf 90' lang='lat' dir='ltr'><strong>putationes</strong></span> <span class='ocrx_word' id='word_1_271' title='bbox 1304 4151 1746 4240; x_wconf 84' lang='lat' dir='ltr'><strong>compleverit,</strong></span> <span class='ocrx_word' id='word_1_272' title='bbox 1802 4150 1888 4217; x_wconf 91' lang='lat' dir='ltr'><strong>ad</strong></span> <span class='ocrx_word' id='word_1_273' title='bbox 1941 4151 2282 4217; x_wconf 89' lang='lat' dir='ltr'><strong>consilium</strong></span> <span class='ocrx_word' id='word_1_274' title='bbox 2320 4151 2647 4218; x_wconf 85' lang='lat' dir='ltr'><strong>facultatis</strong></span> <span class='ocrx_word' id='word_1_275' title='bbox 2695 4176 2825 4219; x_wconf 92' lang='lat' dir='ltr'><strong>non</strong></span> <span class='ocrx_word' id='word_1_276' title='bbox 2872 4154 3269 4222; x_wconf 88' lang='lat' dir='ltr'><strong>admittatur.</strong></span> <span class='ocrx_word' id='word_1_277' title='bbox 3357 4155 3489 4237; x_wconf 78' lang='lat' dir='ltr'><strong>Qui</strong></span> <span class='ocrx_word' id='word_1_278' title='bbox 3532 4165 3719 4220; x_wconf 86' lang='lat' dir='ltr'><strong>autem</strong></span> 
     </span>
     <span class='ocr_line' id='line_1_33' title="bbox 894 4250 3719 4342; baseline -0 -22"><span class='ocrx_word' id='word_1_279' title='bbox 894 4255 1094 4322; x_wconf 82' lang='lat' dir='ltr'><strong>octies</strong></span> <span class='ocrx_word' id='word_1_280' title='bbox 1148 4253 1217 4322; x_wconf 72' lang='lat' dir='ltr'><strong>in</strong></span> <span class='ocrx_word' id='word_1_281' title='bbox 1271 4254 1483 4340; x_wconf 82' lang='lat' dir='ltr'><strong>primo</strong></span> <span class='ocrx_word' id='word_1_282' title='bbox 1532 4273 1701 4318; x_wconf 87' lang='lat' dir='ltr'><strong>anno</strong></span> <span class='ocrx_word' id='word_1_283' title='bbox 1745 4250 2083 4338; x_wconf 79' lang='lat' dir='ltr'><strong>disputare</strong></span> <span class='ocrx_word' id='word_1_284' title='bbox 2128 4250 2512 4337; x_wconf 86' lang='lat' dir='ltr'><strong>neglexerit,</strong></span> <span class='ocrx_word' id='word_1_285' title='bbox 2565 4252 2716 4318; x_wconf 76' lang='lat' dir='ltr'><strong>talis</strong></span> <span class='ocrx_word' id='word_1_286' title='bbox 2770 4252 2882 4319; x_wconf 91' lang='lat' dir='ltr'><strong>det</strong></span> <span class='ocrx_word' id='word_1_287' title='bbox 2922 4254 3203 4321; x_wconf 81' lang='lat' dir='ltr'><strong>medium</strong></span> <span class='ocrx_word' id='word_1_288' title='bbox 3257 4255 3578 4324; x_wconf 72' lang='lat' dir='ltr'><strong>florenum</strong></span> <span class='ocrx_word' id='word_1_289' title='bbox 3619 4275 3719 4342; x_wconf 89' lang='lat' dir='ltr'><strong>pro</strong></span> 
     </span>
     <span class='ocr_line' id='line_1_34' title="bbox 893 4349 3719 4442; baseline 0 -23"><span class='ocrx_word' id='word_1_290' title='bbox 893 4374 1125 4441; x_wconf 84' lang='lat' dir='ltr'><strong>poena,</strong></span> <span class='ocrx_word' id='word_1_291' title='bbox 1164 4352 1310 4418; x_wconf 71' lang='grc' dir='ltr'><strong>ειιιι2</strong></span> <span class='ocrx_word' id='word_1_292' title='bbox 1350 4350 1572 4440; x_wconf 86' lang='lat' dir='ltr'><strong>triplet</strong></span> <span class='ocrx_word' id='word_1_293' title='bbox 1609 4349 1980 4418; x_wconf 89' lang='lat' dir='ltr'><strong>huiusmodi</strong></span> <span class='ocrx_word' id='word_1_294' title='bbox 2025 4349 2540 4437; x_wconf 89' lang='lat' dir='ltr'><strong>disputacionem</strong></span> <span class='ocrx_word' id='word_1_295' title='bbox 2583 4351 2976 4439; x_wconf 86' lang='lat' dir='ltr'><strong>disputando</strong></span> <span class='ocrx_word' id='word_1_296' title='bbox 3020 4354 3364 4442; x_wconf 81' lang='lat' dir='ltr'><strong>diligenter</strong></span> <span class='ocrx_word' id='word_1_297' title='bbox 3395 4352 3719 4421; x_wconf 76' lang='lat' dir='ltr'><strong>secundm</strong></span> 
     </span>
     <span class='ocr_line' id='line_1_35' title="bbox 894 4449 3724 4543; baseline 0.001 -26"><span class='ocrx_word' id='word_1_298' title='bbox 894 4450 1291 4522; x_wconf 81' lang='lat' dir='ltr'><strong>laudabilem</strong></span> <span class='ocrx_word' id='word_1_299' title='bbox 1336 4451 1669 4537; x_wconf 86' lang='lat' dir='ltr'><strong>antiquam</strong></span> <span class='ocrx_word' id='word_1_300' title='bbox 1714 4449 2266 4533; x_wconf 83' lang='lat' dir='ltr'><strong>consuetudinem,</strong></span> <span class='ocrx_word' id='word_1_301' title='bbox 2317 4449 2623 4518; x_wconf 78' lang='lat' dir='ltr'><strong>videlicet</strong></span> <span class='ocrx_word' id='word_1_302' title='bbox 2663 4452 2980 4539; x_wconf 87' lang='lat' dir='ltr'><strong>capiendo</strong></span> <span class='ocrx_word' id='word_1_303' title='bbox 3021 4453 3185 4520; x_wconf 89' lang='lat' dir='ltr'><strong>duas</strong></span> <span class='ocrx_word' id='word_1_304' title='bbox 3228 4456 3638 4543; x_wconf 81' lang='lat' dir='ltr'><strong>quaestiones</strong></span> <span class='ocrx_word' id='word_1_305' title='bbox 3669 4463 3724 4519; x_wconf 77' lang='lat' dir='ltr'><strong>et</strong></span> 
     </span>
     <span class='ocr_line' id='line_1_36' title="bbox 809 4548 3722 4641; baseline -0.001 -19"><span class='ocrx_word' id='word_1_306' title='bbox 809 4562 876 4622; x_wconf 69' lang='lat'><strong>35</strong></span> <span class='ocrx_word' id='word_1_307' title='bbox 900 4551 1025 4622; x_wconf 81' lang='lat' dir='ltr'><strong>duo</strong></span> <span class='ocrx_word' id='word_1_308' title='bbox 1081 4549 1481 4638; x_wconf 80' lang='lat' dir='ltr'><strong>sophismata</strong></span> <span class='ocrx_word' id='word_1_309' title='bbox 1533 4550 1602 4614; x_wconf 88' lang='lat' dir='ltr'><strong>in</strong></span> <span class='ocrx_word' id='word_1_310' title='bbox 1657 4548 1876 4636; x_wconf 84' lang='lat' dir='ltr'><strong>aliquo</strong></span> <span class='ocrx_word' id='word_1_311' title='bbox 1931 4548 2366 4633; x_wconf 87' lang='lat' dir='ltr'><strong>lectoriorum‚</strong></span> <span class='ocrx_word' id='word_1_312' title='bbox 2422 4573 2568 4616; x_wconf 87' lang='lat' dir='ltr'><strong>cum</strong></span> <span class='ocrx_word' id='word_1_313' title='bbox 2619 4552 3025 4619; x_wconf 87' lang='lat' dir='ltr'><strong>intimatione</strong></span> <span class='ocrx_word' id='word_1_314' title='bbox 3085 4553 3378 4641; x_wconf 82' lang='lat' dir='ltr'><strong>publica,</strong></span> <span class='ocrx_word' id='word_1_315' title='bbox 3437 4553 3528 4619; x_wconf 86' lang='lat' dir='ltr'><strong>ad</strong></span> <span class='ocrx_word' id='word_1_316' title='bbox 3580 4552 3722 4620; x_wconf 72' lang='lat' dir='ltr'><strong>duas</strong></span> 
     </span>
     <span class='ocr_line' id='line_1_37' title="bbox 894 4647 3717 4741; baseline 0.001 -23"><span class='ocrx_word' id='word_1_317' title='bbox 894 4652 1090 4718; x_wconf 88' lang='lat' dir='ltr'><strong>horas</strong></span> <span class='ocrx_word' id='word_1_318' title='bbox 1131 4651 1383 4738; x_wconf 87' lang='lat' dir='ltr'><strong>integre</strong></span> <span class='ocrx_word' id='word_1_319' title='bbox 1427 4647 1838 4736; x_wconf 79' lang='lat' dir='ltr'><strong>disputando,</strong></span> <span class='ocrx_word' id='word_1_320' title='bbox 1892 4647 2015 4716; x_wconf 84' lang='lat' dir='ltr'><strong>sub</strong></span> <span class='ocrx_word' id='word_1_321' title='bbox 2058 4670 2269 4736; x_wconf 78' lang='lat' dir='ltr'><strong>poena</strong></span> <span class='ocrx_word' id='word_1_322' title='bbox 2310 4672 2440 4717; x_wconf 86' lang='lat' dir='ltr'><strong>non</strong></span> <span class='ocrx_word' id='word_1_323' title='bbox 2483 4652 2998 4738; x_wconf 85' lang='lat' dir='ltr'><strong>computacionis</strong></span> <span class='ocrx_word' id='word_1_324' title='bbox 3039 4652 3213 4719; x_wconf 88' lang='lat' dir='ltr'><strong>illius</strong></span> <span class='ocrx_word' id='word_1_325' title='bbox 3256 4653 3717 4741; x_wconf 74' lang='lat' dir='ltr'><strong>disputacionis,</strong></span> 
     </span>
     <span class='ocr_line' id='line_1_38' title="bbox 895 4746 3715 4835; baseline 0 -17"><span class='ocrx_word' id='word_1_326' title='bbox 895 4761 959 4818; x_wconf 91' lang='lat' dir='ltr'><strong>et</strong></span> <span class='ocrx_word' id='word_1_327' title='bbox 1000 4751 1073 4818; x_wconf 87' lang='lat' dir='ltr'><strong>in</strong></span> <span class='ocrx_word' id='word_1_328' title='bbox 1122 4748 1350 4816; x_wconf 80' lang='lat' dir='ltr'><strong>habitu</strong></span> <span class='ocrx_word' id='word_1_329' title='bbox 1390 4746 1754 4835; x_wconf 84' lang='lat' dir='ltr'><strong>magistrali</strong></span> <span class='ocrx_word' id='word_1_330' title='bbox 1811 4757 2149 4832; x_wconf 78' lang='lat' dir='ltr'><strong>consuet03</strong></span> <span class='ocrx_word' id='word_1_331' title='bbox 2204 4757 2452 4815; x_wconf 89' lang='lat' dir='ltr'><strong>tantum</strong></span> <span class='ocrx_word' id='word_1_332' title='bbox 2512 4750 2710 4816; x_wconf 89' lang='lat' dir='ltr'><strong>semel</strong></span> <span class='ocrx_word' id='word_1_333' title='bbox 2762 4752 2831 4817; x_wconf 90' lang='lat' dir='ltr'><strong>in</strong></span> <span class='ocrx_word' id='word_1_334' title='bbox 2885 4752 2990 4818; x_wconf 87' lang='lat' dir='ltr'><strong>die</strong></span> <span class='ocrx_word' id='word_1_335' title='bbox 3044 4752 3564 4820; x_wconf 66' lang='lat' dir='ltr'><strong>extraordinarie</strong></span> <span class='ocrx_word' id='word_1_336' title='bbox 3612 4751 3715 4818; x_wconf 85' lang='lat' dir='ltr'><strong>dis·</strong></span> 
     </span>
    </p>
   </div>
   <div class='ocr_carea' id='block_1_10' title="bbox 790 5011 3712 5348">
    <p class='ocr_par' dir='ltr' id='par_1_13' title="bbox 790 5011 3712 5348">
     <span class='ocr_line' id='line_1_39' title="bbox 1064 5011 3712 5094; baseline 0.003 -25"><span class='ocrx_word' id='word_1_337' title='bbox 1064 5017 1087 5069; x_wconf 90' lang='lat'>1</span> <span class='ocrx_word' id='word_1_338' title='bbox 1128 5011 1401 5068; x_wconf 85' lang='lat' dir='ltr'><strong>Daneben</strong></span> <span class='ocrx_word' id='word_1_339' title='bbox 1436 5014 1795 5084; x_wconf 79' lang='lat' dir='ltr'><strong>geschrieben</strong></span> <span class='ocrx_word' id='word_1_340' title='bbox 1834 5023 2092 5071; x_wconf 67' lang='lat' dir='ltr'><strong>mmmm</strong></span> <span class='ocrx_word' id='word_1_341' title='bbox 2127 5014 2460 5072; x_wconf 70' lang='lat' dir='ltr'><strong>innovatum.</strong></span> <span class='ocrx_word' id='word_1_342' title='bbox 2533 5018 2792 5075; x_wconf 78' lang='lat' dir='ltr'><strong>Dariiber</strong></span> <span class='ocrx_word' id='word_1_343' title='bbox 2836 5021 2950 5076; x_wconf 88' lang='lat' dir='ltr'><strong>und</strong></span> <span class='ocrx_word' id='word_1_344' title='bbox 2997 5037 3086 5076; x_wconf 85' lang='lat' dir='ltr'><strong>am</strong></span> <span class='ocrx_word' id='word_1_345' title='bbox 3128 5020 3325 5076; x_wconf 82' lang='lat' dir='ltr'><strong>Raude</strong></span> <span class='ocrx_word' id='word_1_346' title='bbox 3358 5038 3490 5091; x_wconf 77' lang='lat' dir='ltr'><strong>war,</strong></span> <span class='ocrx_word' id='word_1_347' title='bbox 3536 5019 3712 5094; x_wconf 80' lang='lat' dir='ltr'><strong>gleich-</strong></span> 
     </span>
     <span class='ocr_line' id='line_1_40' title="bbox 897 5095 3711 5172; baseline 0.003 -19"><span class='ocrx_word' id='word_1_348' title='bbox 897 5097 1027 5154; x_wconf 82' lang='lat' dir='ltr'><strong>falls</strong></span> <span class='ocrx_word' id='word_1_349' title='bbox 1057 5097 1160 5152; x_wconf 85' lang='lat' dir='ltr'><strong>mit</strong></span> <span class='ocrx_word' id='word_1_350' title='bbox 1194 5095 1383 5153; x_wconf 87' lang='lat' dir='ltr'><strong>rother</strong></span> <span class='ocrx_word' id='word_1_351' title='bbox 1411 5099 1594 5167; x_wconf 85' lang='lat' dir='ltr'><strong>Tinte,</strong></span> <span class='ocrx_word' id='word_1_352' title='bbox 1629 5099 1722 5154; x_wconf 86' lang='lat' dir='ltr'><strong>ein</strong></span> <span class='ocrx_word' id='word_1_353' title='bbox 1767 5100 2024 5172; x_wconf 64' lang='lat' dir='ltr'><strong>lingeret</strong></span> <span class='ocrx_word' id='word_1_354' title='bbox 2057 5099 2187 5157; x_wconf 86' lang='lat' dir='ltr'><strong>Satz</strong></span> <span class='ocrx_word' id='word_1_355' title='bbox 2225 5098 2617 5172; x_wconf 76' lang='lat' dir='ltr'><strong>gescbrieben·</strong></span> <span class='ocrx_word' id='word_1_356' title='bbox 2675 5104 2831 5161; x_wconf 84' lang='lat' dir='ltr'><strong>Alles</strong></span> <span class='ocrx_word' id='word_1_357' title='bbox 2863 5104 2938 5160; x_wconf 83' lang='lat' dir='ltr'><strong>ist</strong></span> <span class='ocrx_word' id='word_1_358' title='bbox 2969 5103 3155 5161; x_wconf 73' lang='lat' dir='ltr'><strong>indes·</strong></span> <span class='ocrx_word' id='word_1_359' title='bbox 3187 5105 3388 5160; x_wconf 80' lang='lat' dir='ltr'><strong>wieder</strong></span> <span class='ocrx_word' id='word_1_360' title='bbox 3417 5106 3711 5162; x_wconf 63' lang='lat' dir='ltr'><strong>annuntia-t.</strong></span> 
     </span>
     <span class='ocr_line' id='line_1_41' title="bbox 1065 5180 3710 5263; baseline 0.004 -26"><span class='ocrx_word' id='word_1_361' title='bbox 1065 5185 1096 5237; x_wconf 88' lang='grc'><strong>2</strong></span> <span class='ocrx_word' id='word_1_362' title='bbox 1132 5180 1241 5237; x_wconf 90' lang='lat' dir='ltr'><strong>Die</strong></span> <span class='ocrx_word' id='word_1_363' title='bbox 1272 5182 1469 5240; x_wconf 88' lang='lat' dir='ltr'><strong>Worte</strong></span> <span class='ocrx_word' id='word_1_364' title='bbox 1507 5185 1639 5240; x_wconf 71' lang='lat' dir='ltr'><strong>talu</strong></span> <span class='ocrx_word' id='word_1_365' title='bbox 1671 5184 1757 5240; x_wconf 85' lang='lat' dir='ltr'><strong>bis</strong></span> <span class='ocrx_word' id='word_1_366' title='bbox 1794 5194 1893 5240; x_wconf 78' lang='lat' dir='ltr'><strong>aut</strong></span> <span class='ocrx_word' id='word_1_367' title='bbox 1937 5184 2060 5241; x_wconf 86' lang='lat' dir='ltr'><strong>sind</strong></span> <span class='ocrx_word' id='word_1_368' title='bbox 2098 5188 2287 5257; x_wconf 65' lang='lat' dir='ltr'><strong>spater</strong></span> <span class='ocrx_word' id='word_1_369' title='bbox 2330 5183 2785 5259; x_wconf 74' lang='lat' dir='ltr'><strong>eingeklammert</strong></span> <span class='ocrx_word' id='word_1_370' title='bbox 2825 5189 2942 5248; x_wconf 86' lang='lat' dir='ltr'><strong>und</strong></span> <span class='ocrx_word' id='word_1_371' title='bbox 2994 5204 3090 5246; x_wconf 83' lang='lat' dir='ltr'><strong>am</strong></span> <span class='ocrx_word' id='word_1_372' title='bbox 3121 5188 3317 5246; x_wconf 75' lang='lat' dir='ltr'><strong>Raude</strong></span> <span class='ocrx_word' id='word_1_373' title='bbox 3360 5189 3437 5250; x_wconf 72' lang='lat' dir='ltr'><strong>ist</strong></span> <span class='ocrx_word' id='word_1_374' title='bbox 3484 5188 3710 5263; x_wconf 60' lang='lat' dir='ltr'><strong>limga·</strong></span> 
     </span>
     <span class='ocr_line' id='line_1_42' title="bbox 790 5264 2424 5348; baseline 0.001 -20"><span class='ocrx_word' id='word_1_375' title='bbox 790 5341 793 5344; x_wconf 21' lang='grc' dir='ltr'>Ι</span> <span class='ocrx_word' id='word_1_376' title='bbox 894 5264 1051 5344; x_wconf 92' lang='grc' dir='ltr'>δίει.</span> <span class='ocrx_word' id='word_1_377' title='bbox 1105 5267 1362 5340; x_wconf 63' lang='lat' dir='ltr'><strong>maai-vm</strong></span> <span class='ocrx_word' id='word_1_378' title='bbox 1389 5268 1581 5328; x_wconf 76' lang='lat' dir='ltr'><strong>nolunt</strong></span> <span class='ocrx_word' id='word_1_379' title='bbox 1610 5270 1865 5341; x_wconf 69' lang='lat' dir='ltr'><strong>deinceps</strong></span> <span class='ocrx_word' id='word_1_380' title='bbox 1892 5287 2134 5347; x_wconf 76' lang='lat' dir='ltr'><strong>poenam</strong></span> <span class='ocrx_word' id='word_1_381' title='bbox 2164 5270 2424 5348; x_wconf 74' lang='lat' dir='ltr'><strong>recipere.</strong></span> 
     </span>
    </p>
   </div>
  </div>
 </body>
</html>
