4038 6358
1155 649 1334 703 Vierte
1375 649 1905 714 Statutenredaction,
1941 666 2049 704 von
2088 643 2437 706 1499—1522.
3094 653 3215 720 449

418 865 523 931 12·
577 882 675 930 DE
718 881 917 931 MODO
959 881 1400 932 ADMITTENDI
1452 885 1867 935 TEMPTATOS
1911 886 2002 932 ET
2045 885 2492 934 EXAMINATOS
2533 885 2670 933 PRO
2714 883 3151 935 MAGISTERIO.

520 1014 1035 1082 Examinatores
1073 1027 1136 1081 et
1163 1018 1734 1084 vicecancellarius
1775 1017 2122 1083 admittant
2173 1021 2328 1083 viva
2376 1040 2537 1083 voce
2577 1018 2995 1104 temptamine
3032 1017 3215 1082 finito

336 1121 717 1200 temptatos
796 1124 886 1180 et·
932 1115 1110 1182 finito
1171 1119 1470 1183 examine
1534 1119 1939 1183 examinatos
1999 1139 2118 1203 pro
2174 1117 2388 1202 gradu
2444 1118 2802 1203 magisterii
2863 1116 3217 1181 secundum

338 1212 629 1279 modum
684 1214 858 1279 infra
916 1218 1227 1303 scriptum
1242 1265 1261 1299 ,
1325 1219 1689 1303 praemissa
1744 1226 1959 1282 tamen
2018 1212 2190 1303 [10²]
2248 1215 2537 1302 generali
2594 1216 3078 1281 interlocutione
3134 1213 3215 1278 de

338 1314 884 1379 circumstanciis
928 1324 991 1379 et
1032 1315 1507 1382 conditionibus
1550 1327 1686 1382 tam
1736 1333 1862 1403 quo
1916 1315 2002 1379 ad
2058 1315 2373 1382 scienciae
2414 1337 2604 1402 quam
2663 1315 2750 1379 ad
2804 1336 3015 1379 mores
3072 1336 3216 1400 per·
3265 1324 3298 1377 5

338 1434 673 1478 sonarum
717 1422 781 1477 et
819 1415 994 1479 vitae
1034 1416 1351 1480 meritum.
1437 1414 1725 1497 Quilibet
1765 1417 2281 1481 examinatorum
2324 1437 2443 1501 pro
2488 1415 2862 1500 magisterio
2905 1413 2991 1479 ad
3031 1414 3214 1478 indu·

339 1512 643 1577 ctionem
683 1512 1200 1579 vicecancellarii
1251 1514 1471 1601 palam
1514 1526 1579 1581 et
1621 1517 1777 1581 viva
1817 1536 1978 1580 voce
2027 1513 2329 1579 admittat
2369 1512 2476 1578 vel
2528 1514 2784 1579 reiiciat
2832 1521 3218 1600 temptatum

339 1610 900 1697 magistrandum,
941 1622 1005 1677 et
1044 1612 1203 1700 quid
1247 1616 1390 1700 ipse
1430 1615 1658 1680 fecerit
1684 1614 1849 1680 celet
1885 1616 2075 1680 'iuxta
2116 1614 2546 1678 iuramentum
2588 1614 2768 1699 prius
2811 1613 3214 1699 praestitum.

341 1709 440 1775 Et
489 1713 554 1775 si
596 1719 731 1776 tres
774 1732 963 1796 quem
1001 1712 1376 1796 admittant,
1435 1714 1518 1779 sit
1560 1715 1914 1796 admissus3
1973 1714 2030 1777 si
2072 1714 2374 1794 reiciant,
2431 1714 2517 1777 sit
2552 1714 2835 1777 reiectus
2875 1712 3013 1776 sine
3056 1709 3214 1775 ulte·

338 1811 517 1875 riori
585 1832 760 1875 nova
819 1809 1192 1877 inductione
1246 1812 1779 1878 vicecancellarii.
1861 1812 1954 1878 Et
2014 1813 2085 1876 in
2157 1812 2279 1877 hoc
2339 1811 2579 1876 iudicio
2639 1809 3210 1876 vicecancellarius
3234 1820 3298 1873 10

337 1908 630 1973 inducat
666 1931 709 1974 a
750 1910 960 1996 primo
984 1933 1186 1997 usque
1229 1912 1315 1977 ad
1356 1912 1651 1978 ultimum
1694 1923 1758 1978 et
1797 1913 1982 1977 iuxta
2025 1912 2341 1976 maiorem
2380 1920 2634 1998 partem
2670 1932 2790 1997 pro
2814 1909 3209 1974 admissione

339 2008 456 2072 vel
513 2009 868 2074 reiectione
911 2007 1185 2075 alicuius
1240 2012 1598 2078 concludat.
1677 2012 1836 2077 Pari
1883 2011 2078 2076 modo
2121 2010 2233 2075 fiet
2273 2010 2583 2076 iudicium
2624 2009 3215 2096 magistrandorum

339 2105 541 2173 finito
587 2109 903 2185 examine,
960 2109 1054 2173 ita
1109 2118 1327 2175 tamen
1379 2111 1550 2198 quod
1608 2111 1878 2197 quilibet
1932 2112 2346 2176 examinatus
2397 2108 2878 2195 magistrandus
2922 2108 3003 2172 de
3045 2130 3215 2173 novo

341 2214 513 2272 tunc
555 2207 725 2272 iuret
768 2206 849 2272 de
893 2231 1024 2274 non
1066 2209 1479 2292 vindicando,
1539 2220 1884 2297 antequam
1942 2209 2069 2274 sibi
2128 2231 2303 2279 nova
2356 2209 2437 2274 de
2492 2211 2629 2273 eius
2672 2208 3066 2273 admissione
3108 2206 3212 2272 vel

343 2307 712 2372 reiectione
791 2329 910 2395 per
980 2311 1462 2376 examinatores
1525 2311 1709 2376 iuxta
1768 2319 2058 2374 veterem
2117 2330 2360 2374 morem
2424 2307 2735 2373 hactenus
2797 2306 3210 2373 observatum
3235 2316 3296 2371 15

347 2406 763 2471 intimentur.

532 2579 630 2642 13.
673 2591 958 2652 QUANDO
1001 2592 1364 2642 emonam
1409 2593 1689 2641 ΒΕΒΕΝΤ
1733 2592 1932 2642 m'r'ri
1968 2590 2281 2640 Anmss1s
2325 2590 2833 2640 mms'rmnms
2870 2591 3047 2640 Pos'r

1569 2692 2012 2740 Tnnrrffln.

527 2805 772 2890 Placet,
817 2806 991 2895 quod
1036 2806 1345 2874 candelae
1388 2816 1881 2894 praesententur
1910 2806 2216 2872 admissis
2256 2805 2720 2892 magistrandis
2761 2807 2946 2871 iuxta
2975 2805 3213 2872 discre-

351 2907 606 2971 tionem
634 2906 1149 2972 vicecancellarii
1186 2908 1257 2974 in
1295 2905 1677 2993 crepusculo
1721 2905 1869 2990 diei,
1912 2930 1994 2971 ne
2034 2907 2378 2971 occasione
2415 2903 2726 2992 longioris
2766 2928 3006 2989 morae,
3046 2927 3213 2993 quae
3231 2913 3300 2970 20

352 3006 575 3091 possit
627 3027 769 3070 esse
824 3008 1075 3090 nociva,
1133 3029 1250 3094 per
1304 3004 1718 3071 insolentiam
1776 3007 2257 3093 suppositorum
2310 3015 2623 3071 nocturno
2680 3015 2991 3092 tempore,
3052 3007 3219 3070 sicut

353 3104 742 3192 plerumque
786 3107 1029 3191 evenit,
1084 3105 1322 3171 damna
1380 3115 1445 3171 et
1493 3107 1770 3170 iniuriae
1825 3104 2126 3193 opidanis
2185 3116 2299 3171 aut
2351 3104 2496 3172 aliis
2554 3104 2935 3171 inferantur.
3018 3104 3107 3170 Et
3146 3115 3219 3170 ut

353 3205 557 3272 modo
600 3206 961 3293 praemisso
1006 3206 1245 3273 delatio
1291 3205 1706 3271 candelarum
1752 3215 1817 3271 et
1853 3228 1981 3271 non
2027 3206 2215 3271 aliter
2252 3205 2389 3288 fiat,
2433 3204 2718 3270 decanus
2760 3228 2882 3291 pro
2926 3215 3215 3293 tempore

356 3307 652 3369 existens
709 3307 885 3370 circa
945 3316 1199 3393 tempus
1264 3305 1607 3371 delationis
1657 3308 1919 3371 nomine
1970 3306 2177 3371 tocius
2232 3303 2559 3370 facultatis
2612 3305 3215 3393 vicecancellarium

357 3405 689 3492 requirat,
740 3414 811 3470 ut
866 3414 1175 3470 statutum
1233 3404 1562 3473 facultatis
1616 3403 1697 3469 de
1750 3414 2046 3491 tempore
2106 3403 2445 3469 delationis
2493 3402 2909 3468 candelarum
2967 3403 3210 3469 editum
3229 3411 3296 3468 25

359 3502 700 3587 observet,
763 3503 884 3569 sub
938 3527 1149 3592 poena
1203 3504 1557 3569 arbitraria
1614 3501 1700 3591 (si
1745 3527 1931 3570 secus
1973 3500 2228 3590 fecerit)
2283 3525 2403 3590 per
2458 3502 2829 3567 facultatem
2884 3503 3213 3568 dictanda.

355 3599 587 3669 Debet
629 3604 836 3669 eciam
876 3613 1031 3670 tunc
1072 3603 1373 3670 dominus
1410 3614 1623 3669 rector
1662 3602 1930 3668 salutari
1972 3613 2037 3668 et
2075 3601 2398 3668 humiliter
2438 3600 2812 3692 supplicari,
2854 3612 2925 3667 ut
2965 3605 3215 3667 emittat

359 3701 742 3767 mandatum
786 3701 868 3767 de
923 3703 1254 3770 honestate
1310 3726 1428 3792 per
1482 3704 1817 3790 supposita
1858 3711 2149 3788 tempore
2204 3701 2556 3767 delacionis
2611 3699 3028 3767 candelarum
3083 3723 3211 3766 ser·
3298 3748 3301 3753 -

359 3800 604 3885 vanda,
649 3801 768 3867 sub
811 3812 990 3867 certa
1031 3824 1241 3891 poena
1284 3826 1402 3892 per
1441 3801 1715 3867 eundem
1753 3810 2071 3867 rectorem
2115 3800 2560 3889 exprimenda.

489 3992 589 4052 14.
642 4003 1003 4053 ramnum
1043 4002 1496 4053 ams'ro'rnms
1538 4000 2074 4050 PamcffAerEn
2114 4001 2460 4049 Pna'rnm‘r
2500 4002 2593 4049 AD
2637 4000 2973 4049 naemu
3012 4002 3104 4049 ΕΤ
3230 3993 3298 4049 3ο

1400 4101 1867 4150 FAan'rA‘rnu
1907 4100 2185 4171 Ancum

536 4216 710 4299 Quia
765 4217 1111 4305 prandium
1168 4215 1541 4282 Aristotelis
1599 4227 1661 4281 et
1723 4215 1900 4282 aliud
1959 4239 2231 4304 sequens
2287 4214 2736 4303 principaliter
2792 4217 3071 4302 pertinet
3128 4215 3215 4280 ad

367 4317 685 4383 decanum
748 4328 811 4382 et
862 4316 1239 4382 facultatem
1301 4318 1547 4381 arcium
1559 4364 1579 4398 ,
1637 4315 1720 4381 ob
1780 4316 1851 4380 id
1909 4314 2183 4403 placuit,
2244 4314 2418 4402 quod
2480 4317 2778 4380 invitatio
2841 4314 2927 4380 ad
2988 4314 3212 4379 eadem

364 4416 649 4504 prandia
689 4416 804 4481 fiat
846 4417 934 4482 ad
971 4416 1362 4482 instanciam
1406 4413 1656 4499 decani,
1699 4414 2216 4481 vicecancellarii
2259 4425 2322 4480 et
2364 4413 2637 4480 aliorum
2678 4416 3212 4498 examinatorum,

363 4538 497 4607 non
555 4516 853 4582 obstante
912 4538 1010 4600 eo,
1067 4514 1244 4604 quod
1304 4514 1541 4601 aliquis
1603 4537 1686 4580 ex
1743 4514 1837 4579 eis
1893 4515 1962 4578 in
2018 4514 2231 4580 officio
2288 4525 2353 4580 et
2407 4513 2724 4601 dignitate
2764 4514 3069 4580 rectorali
3128 4515 3297 4579 sit35

365 4617 766 4682 constitutus.

811 4775 936 4843 ,15.
985 4746 1108 4854 [Bl.
1151 4761 1292 4852 10¹³]
1338 4783 1438 4839 nn,
1475 4780 1782 4829 nmmo
1826 4780 2280 4829 Ams'ro'rnms
2324 4779 2752 4829 oaDmANDo.

529 4913 782 5000 Placet,
827 4915 1000 5004 quod
1048 4915 1397 5003 prandium
1440 4912 1810 4983 Aristotelis
1857 4911 2166 4999 deinceps
2206 4913 2302 4977 sic
2338 4912 2727 4995 moderetur,
2787 4914 2961 4998 quod
3000 4913 3203 4981 solum

366 5038 482 5081 sex
522 5014 772 5080 fercula
824 5016 1115 5081 invitatis
1162 5013 1248 5080 ad
1293 5035 1582 5080 mensam
1624 5015 2069 5077 ministrentur
2112 5021 2176 5077 et
2219 5010 2300 5076 de
2343 5013 2495 5076 vino
2541 5011 2713 5077 dulci
2764 5035 2884 5099 pro
2925 5013 3215 5099 qualibet

366 5138 592 5181 mensa
645 5138 775 5183 una
835 5137 1037 5202 scopa
1093 5115 1310 5198 detur3
1372 5114 1504 5179 alia
1553 5135 1710 5179 vero
1766 5113 1922 5177 vina
1984 5121 2050 5175 et
2109 5112 2373 5197 potagia
2431 5122 2690 5197 praeter
2748 5114 2877 5178 ista
2935 5122 3294 5201 possunt40

369 5215 621 5303 porrigi
664 5214 750 5280 ad
792 5223 1036 5298 num,
1081 5224 1394 5302 quantum
1436 5213 1790 5287 necessitas
1834 5210 2053 5296 exigit.
2135 5208 2226 5273 Et
2267 5219 2496 5274 caveat
2537 5210 2841 5294 decanus,
2884 5214 2995 5302 qui
3037 5214 3211 5300 prin-

365 5313 576 5402 cipale
617 5314 808 5380 huius
862 5313 1124 5402 prandii
1165 5310 1363 5401 'caput
1405 5314 1656 5394 existit,
1712 5332 1843 5375 una
1885 5332 2032 5374 cum
2072 5307 2600 5375 vicecancellario
2647 5310 2919 5398 aliisque
2968 5313 3212 5377 exami-

499 5431 943 5469 suro-rausum
977 5431 1093 5467 nna
1127 5430 1271 5467 umv.
1307 5430 1545 5467 nswzia.
2793 5418 2872 5479 29
