4038 6358
708 567 784 629 12
1614 566 1715 616 Die
1751 564 2118 617 Reformation
2156 579 2279 615 vom
2314 565 2480 616 Jahre
2520 569 2663 617 1446.

704 747 961 835 publice
1004 756 1069 812 et
1107 746 1475 813 solemniter
1525 747 1836 836 disputet,
1881 757 2133 837 repetat
2174 758 2237 813 et
2282 746 2692 827 determinet,
2733 768 2855 811 nec
2899 765 3016 832 per
3058 754 3240 811 actus
3282 747 3350 811 in
3393 768 3540 833 pro·

704 847 1095 914 motionibus
1140 847 1625 913 occurrentibus
1664 847 2000 914 faciendos
2044 848 2129 914 ab
2170 846 2285 913 illa
2328 847 2412 912 sit
2451 854 2798 910 excusatus
2839 864 3093 931 quoquo
3141 844 3354 911 modo.

864 945 1109 1011 Verum
1147 967 1289 1011 cum
1334 945 1420 1011 ad
1449 946 1934 1013 fundamentum
1977 946 2319 1014 cuiuslibet
2361 946 2578 1033 operis
2606 967 2741 1011 non
2768 943 3182 1010 mediocriter
3217 945 3302 1010 sit
3338 954 3541 1012 atten-

704 1044 983 1111 dendum
1011 1049 1191 1128 (nam
1232 1044 1346 1110 ubi
1385 1046 1873 1114 fundamentum
1920 1045 2200 1114 solidum
2241 1068 2373 1111 non
2414 1054 2533 1128 est,
2575 1054 2780 1111 totum
2811 1043 3176 1111 aedificium
3226 1068 3538 1134 suprapo-

650 1153 683 1210 5
704 1145 896 1211 situm
946 1146 1200 1211 ruinam
1250 1146 1592 1232 minatur),
1663 1158 1727 1214 et
1781 1149 1934 1235 quia
1986 1146 2263 1212 facultas
2333 1146 2580 1211 arcium
2629 1143 2994 1210 liberalium
3055 1143 3539 1211 fundamentum

701 1245 955 1328 existit,
1002 1244 1237 1331 quibus
1270 1245 1463 1312 bases
1495 1257 1561 1313 et
1592 1247 1974 1335 columpnae
2022 1245 2296 1312 aliarum
2325 1245 2736 1327 adiuvantur,
2778 1243 2926 1310 ideo
2956 1245 3162 1309 eciam
3194 1242 3276 1309 de
3312 1243 3539 1310 eadem

701 1347 965 1411 caucius
1008 1354 1106 1410 est
1159 1345 1653 1433 providendum.
1739 1346 2063 1433 Congruit
2104 1368 2292 1433 ergo,
2344 1355 2415 1410 ut
2472 1368 2513 1410 a
2570 1346 2784 1433 capite
2835 1343 3066 1410 edatur
3118 1345 3303 1411 ratio.
3385 1343 3538 1411 Ideo

703 1444 1020 1528 volumus,
1066 1447 1403 1511 statuimus
1445 1456 1509 1512 et
1547 1446 1923 1513 ordinamus
1938 1470 1958 1510 τ

865 1543 1060 1624 Quod
1101 1544 1383 1612 decanus
1426 1546 1749 1614 facultatis
1794 1545 2158 1635 praefatae,
2217 1545 2274 1609 si
2315 1566 2400 1610 ex
2439 1553 2662 1610 mutua
2706 1554 2769 1609 et
2823 1544 3144 1611 communi
3187 1542 3538 1610 collacione

620 1652 683 1708 10
700 1645 1177 1729 magistrorum,
1220 1645 1307 1712 ad
1349 1647 1486 1711 eius
1526 1646 1897 1713 electionem
1941 1653 2502 1731 congregatorum,
2547 1644 2955 1710 concorditer
2995 1643 3148 1731 eligi
3191 1666 3322 1709 non
3361 1654 3537 1731 pote·

698 1744 812 1826 rit,
869 1755 1109 1810 exttmc
1156 1768 1273 1833 per
1316 1747 1691 1811 scrutinium
1747 1767 1980 1812 vocum
2032 1742 2380 1809 eorundem
2436 1744 2665 1810 electio
2724 1741 2917 1809 debet
2961 1742 3308 1825 celebrari,
3363 1754 3427 1809 et
3469 1744 3537 1809 in

700 1864 889 1929 quem
945 1844 1154 1910 maior
1210 1852 1274 1909 et
1330 1846 1549 1911 sanior
1607 1869 1763 1933 pars
1824 1842 2347 1925 concordaverit,
2405 1841 2514 1908 ille
2573 1841 2856 1909 decanus
2914 1863 3032 1930 pro
3075 1851 3368 1930 tempore
3421 1865 3537 1909 suo

701 1943 887 2009 iuxta
925 1967 1169 2010 morem
1211 1944 1536 2011 facultatis
1580 1966 1723 2010 esse
1771 1943 1981 2010 debet.

862 2043 1027 2109 Item
1074 2052 1424 2131 postquam
1467 2052 1721 2132 tempus
1767 2040 2170 2131 expiraverit
2214 2051 2280 2107 et
2317 2042 2574 2107 functus
2618 2043 2702 2106 sit
2744 2040 2958 2107 officio
3006 2064 3120 2108 suo
3135 2092 3154 2127 ,
3195 2051 3350 2107 tunc
3393 2065 3536 2129 per-

622 2153 682 2209 15
703 2142 980 2230 amplius
1023 2141 1109 2208 ad
1156 2142 1431 2208 eundem
1471 2142 1925 2208 assumendum
1980 2141 2152 2206 infra
2211 2139 2577 2227 quindecim
2620 2163 2824 2207 annos
2880 2150 3031 2229 post
3069 2140 3194 2209 hoc
3237 2144 3538 2211 continue

697 2243 1033 2330 proximos
1083 2244 1341 2309 omnino
1384 2242 1577 2308 debet
1619 2265 1762 2309 esse
1805 2242 2138 2325 exclusus,
2185 2239 2531 2307 dummodo
2571 2250 2789 2306 tamen
2842 2241 3013 2307 infra
3064 2242 3226 2309 illud
3282 2253 3536 2330 tempus

698 2339 862 2406 alius
903 2342 1214 2428 magister
1257 2341 1339 2407 de
1380 2342 1608 2409 eadem
1649 2343 1909 2408 natione
1950 2339 2146 2407 abilis
2189 2350 2252 2406 et
2294 2339 2564 2407 idoneus
2608 2343 2849 2430 poterit
2889 2344 3184 2429 reperiri.

862 2439 1022 2506 Item
1044 2512 1048 2517 ,
1068 2442 1242 2526 quod
1290 2441 1571 2508 decanus
1609 2443 1753 2529 ipse
1792 2441 1873 2506 de
1917 2449 2132 2506 cetero
2169 2463 2332 2528 pure
2363 2449 2428 2505 et
2470 2440 2867 2529 simpliciter,
2908 2465 3039 2508 non
3070 2445 3136 2508 vi
3178 2453 3291 2507 aut
3323 2462 3534 2528 prece,

695 2540 1126 2627 promissione
1167 2555 1278 2607 aut
1317 2544 1538 2629 precio
1554 2591 1571 2624 ‚
1630 2563 1750 2606 nec
1791 2539 2006 2627 aliquo
2057 2540 2184 2605 alio
2229 2539 2514 2627 impulsu
2553 2551 2618 2604 et
2663 2540 3192 2607 subordinatione
3234 2542 3535 2628 eligatur:

613 2648 682 2705 m
699 2637 997 2727 quodque
1047 2640 1190 2726 ipse
1237 2644 1304 2705 in
1361 2665 1479 2706 sua
1531 2644 1969 2730 assumptione
2026 2641 2194 2704 inter
2258 2638 2389 2704 alia
2443 2641 2542 2705 sui
2585 2643 2930 2706 iuramenti
2988 2641 3274 2729 capitula
3329 2641 3536 2707 eciam

694 2740 913 2804 iurare
958 2747 1270 2822 teneatur,
1319 2741 1492 2828 quod
1532 2765 1654 2830 pro
1688 2744 1824 2807 eius
1854 2740 2218 2828 adeptione,
2251 2761 2459 2824 neque
2496 2763 2613 2827 per
2646 2762 2714 2806 se
2752 2763 2867 2807 seu
2893 2760 3022 2829 per¹
3039 2740 3256 2823 alium,
3293 2740 3536 2805 directe

696 2861 809 2904 seu
850 2838 1184 2921 indirecte,
1226 2839 1486 2927 publice
1513 2842 1617 2907 vel
1647 2841 1911 2925 occulte,
1944 2839 2195 2905 instetit
2234 2849 2345 2903 aut
2379 2861 2496 2926 per
2520 2838 2681 2906 alios
2717 2840 2821 2905 vel
2856 2840 3053 2906 alium
3086 2842 3331 2906 instare
3360 2840 3536 2921 fecit,

695 2948 807 3003 aut
846 2939 1021 3004 facta
1062 2949 1255 3025 grata
1296 2962 1411 3006 seu
1445 2952 1592 3007 rata
1623 2941 1849 3007 habuit
1886 2940 1990 3005 vel
2039 2938 2450 3027 approbavit.
2536 2938 2608 3005 Si
2652 2940 2797 3025 quis
2820 2949 3034 3005 autem
3056 2940 3181 3006 hoc
3218 2942 3535 3005 iuramen-

694 3045 830 3103 tum
862 3048 1197 3125 praestare
1223 3043 1639 3124 recusaverit,
1668 3051 1905 3106 extunc
1932 3038 2019 3105 ad
2049 3038 2435 3104 decanatum
2454 3037 2634 3104 illum
2663 3037 2859 3106 debet
2901 3061 3043 3105 esse
3069 3039 3534 3106 inhabilitatus.

614 3148 681 3205 25
864 3139 1024 3205 Item
1063 3161 1209 3204 cum
1253 3139 1507 3227 singula
1546 3139 1760 3208 officia
1803 3137 2076 3225 singulis
2122 3139 2250 3204 sint
2293 3138 2753 3205 committenda
2789 3141 3105 3228 personis,
3150 3140 3444 3207 volumus
3473 3150 3536 3205 et

695 3240 1064 3323 statuimus,
1123 3239 1296 3326 quod
1350 3239 1633 3306 decanus
1681 3242 1751 3304 in
1806 3241 2134 3321 examine,
2192 3239 2676 3326 approbacione
2718 3250 2782 3304 et
2837 3240 3294 3329 reprobatione
3332 3242 3531 3328 magi-

699 3339 1116 3408 strandorum
1154 3361 1362 3426 neque
1404 3363 1522 3427 per
1564 3350 1801 3405 sortem
1817 3389 1834 3422 ,
1892 3339 2269 3405 electionem
2285 3389 2303 3422 ,
2363 3339 2880 3406 nominacionem
2939 3364 3052 3406 seu
3094 3363 3536 3428 quamcunque

696 3438 891 3505 aliam
937 3438 1425 3527 dispositionem
1459 3439 1669 3505 locum
1713 3450 1826 3504 aut
1865 3462 2092 3504 vocem
2131 3438 2390 3522 habeat,
2436 3438 2554 3505 sed
2595 3438 2681 3504 ad
2720 3438 2882 3504 illud
2925 3439 3037 3505 alii
3079 3441 3377 3527 magistri
3419 3463 3536 3527 per

705 3548 943 3605 sortem
989 3538 1329 3625 eligantur.

610 3649 681 3707 30
864 3638 1025 3704 Item
1072 3641 1428 3721 statuimus,
1472 3638 1644 3724 quod
1681 3639 1880 3704 iidem
1914 3640 2392 3704 examinatores
2438 3639 2623 3703 iuxta
2649 3638 2983 3725 antiquum
3019 3638 3305 3705 eiusdem
3336 3639 3533 3704 facul·

691 3739 851 3804 tatis
896 3747 1202 3804 statutum
1240 3739 1457 3803 iurare
1500 3737 1738 3804 debent
1775 3740 1845 3804 in
1884 3738 2007 3803 hac
2049 3738 2286 3803 forma:
2329 3738 2518 3825 „Ego
2557 3738 2641 3802 N.
2682 3739 2825 3803 iuro
2865 3737 3075 3821 vobiS,
3125 3739 3387 3805 domino
3428 3738 3532 3805 de-

692 3860 876 3922 cane,
918 3836 1092 3924 quod
1128 3836 1324 3904 velim
1363 3839 1430 3902 in
1473 3837 1596 3904 hoc
1641 3840 1939 3904 examine
1981 3835 2323 3903 admittere
2365 3837 2596 3923 dignos
2638 3847 2701 3902 et
2739 3838 2985 3902 reicere
3032 3838 3362 3927 indignos,
3405 3862 3534 3905 non

691 3937 992 4004 habendo
1051 3937 1136 4002 ad
1180 3939 1706 4004 circumstancias
1763 3957 2190 4026 personarum
2245 3949 2357 4003 aut
2408 3936 2850 4020 condiciones,
2908 3960 3028 4026 per
3078 3960 3237 4024 quas
3280 3939 3532 4026 indigni

691 4039 1061 4126 promoveri
1102 4047 1367 4125 possent
1409 4048 1520 4104 aut
1574 4037 1755 4125 digni
1800 4039 2108 4104 amoveri.
2194 4036 2307 4104 Sic
2356 4059 2460 4102 me
2502 4035 2660 4101 deus
2718 4036 2984 4103 adiuvet
3035 4048 3098 4104 et
3147 4047 3373 4104 sancta
3427 4038 3533 4104 dei

609 4146 679 4203 35
701 4136 1103 4224 evangelia.“

856 4235 1018 4300 Item
1073 4235 1247 4321 quod
1296 4235 1510 4320 quoad
1556 4239 1996 4324 promotiones
2046 4236 2410 4303 huiusmodi
2482 4257 2741 4302 cessare
2807 4235 3044 4303 debent
3105 4235 3530 4324 dispensatio·

690 4358 825 4418 nes,
870 4357 1030 4421 quas
1075 4337 1301 4418 eciam,
1346 4337 1403 4401 si
1442 4337 1512 4400 in
1549 4345 1880 4423 posterum
1907 4336 2155 4419 fierent,
2200 4337 2552 4420 irritamus,
2596 4357 2948 4420 cassamus,
2993 4336 3372 4422 anullamus,
3411 4362 3530 4405 nec

691 4438 783 4501 eis
843 4434 1084 4501 debent
1137 4434 1423 4523 gaudere
1476 4435 1899 4522 promovendi
1954 4458 2076 4500 nec
2132 4434 2394 4501 easdem
2452 4435 2784 4501 attendere
2839 4439 3345 4521 examinatores,
3403 4442 3527 4505 nisi

692 4545 1069 4602 executores
1115 4558 1257 4600 cum
1304 4533 1868 4621 superintendente
1911 4557 2143 4600 causas
2199 4537 2404 4600 iustas
2446 4546 2510 4600 et
2550 4535 2970 4602 rationabiles
3012 4538 3081 4601 in
3120 4534 3337 4624 aliquo
3381 4560 3526 4625 pro-

607 4642 675 4698 40
691 4633 1031 4718 movendo,
1046 4644 1315 4722 propter
1342 4656 1504 4721 quas
1528 4632 2051 4721 dispensandum,
2082 4643 2525 4721 agnoscerent,
2549 4656 2820 4721 quorum
2839 4631 2934 4723 (P)
2957 4658 3176 4702 eorum
3200 4640 3526 4705 conscien-

692 4734 825 4798 cias
871 4755 1244 4816 oneramus,
1285 4735 1394 4819 qui
1436 4743 1591 4798 tunc
1634 4735 1728 4798 sic
1770 4744 1834 4799 et
1873 4757 2003 4799 non
2046 4732 2234 4799 aliter
2277 4757 2420 4800 cum
2463 4734 2690 4800 eodem
2735 4733 3114 4822 dispensare
3154 4748 3444 4824 possunt.

852 4831 1299 4898 Pariformiter
1339 4833 1634 4900 volumus
1679 4843 1742 4898 et
1785 4832 2200 4915 mandamus,
2251 4834 2425 4921 quod
2469 4833 2772 4922 deinceps
2813 4834 3023 4900 nullus
3068 4859 3190 4923 pro
3230 4839 3524 4904 vicecan-

692 4930 1027 4997 cellariatu
1072 4942 1383 5019 perpetuo
1430 4932 1517 4998 ad
1559 4954 1797 4997 annum
1841 4955 1955 4998 seu
1997 4956 2201 4999 annos
2242 4957 2360 5023 per
2400 4958 2469 5001 se
2507 4934 2613 5000 vel
2656 4958 2773 5022 per
2816 4934 3012 5000 alium
3045 4935 3242 5001 instet
3271 4959 3525 5026 quoquo

692 5029 905 5115 modo,
952 5031 1067 5097 sed
1108 5053 1265 5096 casu
1308 5055 1376 5098 se
1426 5032 1732 5098 offerente
1774 5055 1892 5120 per
1934 5031 2097 5098 duos
2127 5056 2380 5099 menses
2413 5044 2562 5101 ante
2605 5036 2923 5100 examinis
2966 5036 3366 5122 apertionem
3406 5061 3525 5126 per

611 5139 676 5194 45
694 5129 987 5196 nationes
1045 5129 1394 5195 secundum
1448 5130 1797 5197 earundem
1856 5131 2148 5197 ordinem
2199 5133 2597 5220 impetretur.
2683 5134 2754 5199 Si
2812 5135 2957 5219 quis
3019 5145 3232 5201 autem
3272 5146 3521 5203 contra·

690 5229 857 5295 rium
897 5230 1150 5311 fecerit,
1204 5251 1428 5295 carere
1472 5229 1666 5300 debet
1708 5231 2074 5320 impetratis
2131 5240 2196 5296 et
2236 5253 2278 5297 a
2319 5232 2623 5298 facultate
2678 5255 2796 5298 sua
2836 5255 2953 5321 per
2995 5236 3340 5302 triennium
3380 5259 3522 5303 esse
