4038 6358
1544 652 1779 703 Libellus
1813 650 2132 703 formulario.
3226 656 3337 722 141

391 856 532 922 quo
573 832 773 899 modo
813 840 1191 919 provocent,
1236 841 1300 896 et
1340 841 1413 897 ut
1451 834 1722 921 quisque
1753 856 1874 921 pro
1913 854 1982 899 se
2013 835 2189 898 circa
2230 833 2459 903 horam
2501 830 2605 919 [63
2618 828 2671 919 1’]
2718 855 2954 898 nonam
2999 833 3259 900 domum

392 943 512 999 eat
551 942 619 998 et
660 932 748 998 ad
787 930 1256 997 habitationem
1301 954 1486 996 suam
1533 955 1602 997 se
1646 932 1954 1015 conferat,
1997 955 2120 998 nec
2162 940 2314 997 ante
2357 931 2630 1017 collegia
2670 933 2765 996 sic
2805 934 3134 1017 consistat,
3187 946 3256 999 ut

393 1031 976 1120 praetereuntibus
1018 1029 1125 1096 vel
1175 1032 1449 1096 iniurius
1496 1032 1580 1096 sit
1619 1030 1725 1096 vel
1771 1031 2096 1115 molestus,
2150 1031 2270 1097 sub
2312 1055 2358 1096 x
2410 1053 2753 1096 aureorum
2807 1030 3067 1116 m'ulcta,
3118 1035 3255 1098 uni-

393 1132 709 1197 versitati
749 1130 1185 1218 persolvenda
1227 1139 1347 1197 etc.

1666 1286 1796 1347 121.
1854 1300 2035 1347 ALIA.
3311 1294 3344 1348 5

585 1414 912 1496 Quoniam
955 1413 1259 1479 hesterna
1300 1413 1406 1478 die
1452 1414 1611 1478 satis
1652 1423 1751 1478 est
1793 1424 2207 1501 prospectum
2249 1435 2290 1477 a
2330 1412 2702 1478 consulibus
2745 1420 2808 1477 et
2858 1413 3264 1480 senatoribus

395 1515 599 1581 urbis
650 1514 838 1581 huius
901 1511 1356 1601 tranquillitati
1409 1513 1709 1600 publicae
1761 1537 1839 1579 ac
1893 1535 2029 1599 pax
2082 1516 2146 1576 et
2201 1512 2549 1577 concordia
2604 1512 2992 1598 gravissimo
3052 1512 3263 1578 edicto

393 1617 578 1680 satis
618 1614 878 1679 firmata
919 1635 1061 1679 esse
1103 1612 1423 1695 videatur,
1478 1636 1620 1677 cum
1666 1623 1929 1677 senatus
1973 1612 2404 1695 interdixerit,
2458 1633 2589 1678 non
2638 1610 2760 1676 sub
2805 1610 3023 1698 aliqua
3066 1633 3263 1698 pecu-

391 1716 628 1779 niaria
667 1712 928 1796 mulcta,
987 1712 1102 1778 sed
1162 1711 1284 1777 sub
1329 1734 1540 1798 poena
1581 1711 1876 1799 capitali,
1933 1734 2016 1776 ne
2073 1714 2217 1798 quis
2271 1735 2353 1775 ex
2409 1710 2795 1799 pellionibus
2855 1718 2919 1775 et
2974 1712 3266 1797 ipsorum

389 1814 727 1878 ministris
795 1809 965 1900 [64⁸]
1028 1820 1139 1876 aut
1206 1834 1289 1875 ex
1353 1809 1601 1898 reliquo
1663 1810 2013 1876 cerdonum
2079 1833 2317 1896 genere
2382 1811 2580 1876 ullum
2637 1808 2978 1875 tumultum
3037 1820 3264 1875 contra
3286 1821 3351 1876 10

390 1914 669 1978 nosti-os
712 1912 943 1998 quovis
985 1920 1332 1997 praetextu
1374 1909 1479 1974 vel
1521 1911 1590 1975 in
1632 1909 1757 1975 hac
1798 1911 2065 1995 regione
2106 1910 2212 1975 vel
2253 1911 2321 1974 in
2374 1909 2519 1975 aliis
2574 1911 2815 1975 excitet
2869 1919 2985 1974 aut
3039 1908 3263 1974 turbas

391 2011 584 2077 ullas
643 2009 1071 2099 quovismodo
1130 2010 1434 2096 incipiat,
1497 2031 1776 2095 aequum
1834 2019 1962 2094 est,
2024 2019 2094 2074 ut
2156 2031 2275 2074 nos
2335 2031 2589 2096 quoque
2645 2030 2878 2097 pacem
2937 2008 3264 2095 publicam

393 2112 651 2176 nostris
700 2109 929 2174 studiis
973 2107 1487 2195 comprobemus.
1571 2109 1705 2174 Nos
1748 2110 1987 2197 itaque,
2034 2108 2363 2174 Arnoldus
2390 2107 2806 2174 Woestefelts
2850 2116 2991 2189 ete„
3034 2119 3266 2190 rector,

395 2209 796 2274 mandamus
861 2207 1156 2274 omnibus
1219 2220 1282 2271 et
1346 2207 1616 2294 singulis
1681 2210 2115 2295 cuiuscunque
2178 2207 2423 2273 ordinis
2486 2207 2921 2289 scholasticis,
2984 2229 3065 2271 ne
3127 2208 3269 2293 quis

397 2309 759 2375 temerario
802 2330 966 2373 ausu
1006 2306 1175 2372 hanc
1218 2306 1630 2389 concordiam
1676 2306 2070 2373 interturbet
2127 2317 2242 2373 aut
2294 2307 2615 2372 artificum
2657 2307 2972 2372 ministris
3036 2309 3268 2394 quovis
3291 2316 3350 2370 15

399 2419 611 2495 pacto
662 2409 748 2473 sit
795 2407 1089 2487 inim-ine,
1146 2404 1264 2470 sub
1323 2427 1537 2492 poena
1591 2405 2009 2493 relegationis
2052 2406 2156 2473 vel
2207 2406 2601 2471 exclusionis
2644 2429 2764 2492 pro
2812 2405 3084 2470 arbitrio
3128 2405 3265 2469 uni-

394 2507 742 2587 versitatis
773 2506 1094 2572 dictanda.
1135 2505 1301 2570 Item
1331 2505 1662 2588 edicimus,
1706 2528 1788 2571 ne
1832 2507 1927 2571 sic
1964 2507 2342 2571 catervatim
2384 2507 2589 2571 nostri
2632 2515 2781 2570 ante
2811 2503 3085 2589 collegia
3117 2525 3266 2568 con-

401 2604 520 2691 [64
535 2605 588 2693 b]
632 2605 1086 2690 glomerentur,
1141 2615 1214 2670 ut
1272 2604 1717 2669 conventicula
1776 2615 1839 2669 et
1896 2606 2408 2690 conspirationes
2472 2605 2719 2669 faciant
2775 2614 2839 2668 et
2901 2602 3267 2667 discordiae

397 2705 774 2792 praebeant
815 2705 1250 2787 seminarium,
1297 2703 1416 2768 sub
1459 2726 1671 2790 poena
1712 2706 1780 2769 in
1824 2705 2081 2769 statutis
2122 2726 2471 2790 expressa:
2528 2725 2674 2768 cum
2716 2723 2937 2767 omnes
2985 2700 3265 2766 debeant

401 2827 560 2870 esse
601 2825 935 2886 memores,
994 2803 1120 2868 huc
1173 2825 1243 2868 se
1294 2826 1335 2868 a
1389 2803 1769 2890 parentibus
1821 2826 1951 2868 non
2006 2802 2094 2867 ad
2146 2800 2584 2889 gladiaturam
2634 2801 2750 2866 sed
2804 2799 2889 2865 ad
2944 2800 3262 2866 bonarum
3281 2810 3351 2866 20

408 2905 656 2969 artium
693 2914 1126 2970 mercaturam
1169 2903 1424 2969 missos.
1472 2902 1565 2970 VI
1610 2902 1796 2969 Iunii.

1408 3091 1543 3153 122.
1593 3103 1900 3152 mnsnsu
1941 3101 2365 3186 anonmssn'n.

586 3212 759 3302 Quia
809 3221 1283 3287 illustrissimus
1338 3221 1645 3307 princeps
1690 3218 2035 3303 Georgius,
2096 3216 2233 3283 dux
2277 3216 2605 3288 Saxoniae
2665 3226 2729 3283 et
2785 3219 3074 3285 marchio
3115 3217 3270 3285 Mis-

413 3321 588 3404 niae,
631 3318 928 3386 dominus
972 3330 1036 3386 et
1075 3319 1423 3385 Maecenas
1468 3318 1824 3384 studiorum
1867 3327 2236 3382 nostrorum
2282 3316 2842 3401 clementissimus,
2887 3318 2973 3385 ad
3014 3321 3269 3385 univer·

411 3422 628 3485 sitatis
698 3420 1198 3508 postulationem
1269 3420 1364 3484 sic
1422 3419 1688 3505 scripsit
1753 3416 1956 3482 nobili
2024 3438 2103 3481 ac
2158 3426 2418 3482 strenuo
2479 3427 2543 3481 et
2604 3441 2749 3483 cum
2805 3420 3034 3506 primis
3092 3417 3269 3483 claro
3288 3428 3354 3482 25

412 3520 590 3584 arcis
645 3518 836 3585 huius
894 3520 1222 3607 praefecto
1263 3541 1340 3586 ac
1393 3516 1637 3604 inclyto
1698 3518 1946 3582 senatui
1999 3516 2346 3603 Lypsensi,
2401 3526 2472 3581 ut
2521 3514 2624 3603 [65
2637 3515 2688 3605 ⁸]
2736 3517 2924 3584 nobis
2972 3517 3134 3582 nihil
3189 3518 3275 3582 sit

414 3618 501 3683 de
544 3620 612 3682 vi
653 3618 1065 3685 metuendum
1109 3618 1410 3706 ampliuS,
1465 3639 1611 3682 cum
1653 3619 1748 3681 sic
1790 3616 2112 3702 rescripto
2160 3639 2274 3681 suo
2317 3638 2510 3681 verus
2552 3626 2740 3705 pater
2780 3617 3033 3703 patriae
3076 3617 3272 3682 rebus

410 3718 659 3783 nostris
714 3720 1145 3806 prospexerit,
1200 3729 1271 3783 ut
1313 3741 1450 3806 pax
1491 3726 1808 3804 perpetua
1848 3714 2038 3780 nobis
2080 3714 2341 3780 reddita
2380 3715 2699 3798 videatur,
2754 3740 2893 3800 nos,
2943 3713 3274 3781 Arnoldus

409 3816 851 3901 Woestefelts,
891 3828 1125 3900 rector,
1167 3826 1239 3882 ut
1278 3826 1568 3883 nostrum
1597 3837 1851 3903 quoque
1883 3814 2167 3880 officium
2206 3814 2292 3879 ad
2331 3816 2812 3903 requisitionem
2856 3815 3273 3880 illustrissimi

413 3917 738 4004 principis
779 3919 984 3982 nostri
1024 3917 1360 4000 faciamus,
1413 3939 1495 3980 ne
1545 3916 1613 3980 in
1656 3915 1845 3981 nobis
1890 3913 2024 3981 ulla
2062 3916 2233 3979 ratio
2279 3914 2664 3980 concordiae
2707 3914 2812 3980 vel
2855 3914 3128 3980 alendae
3170 3914 3359 3980 vel30

424 4015 858 4082 stabiliendae
911 4017 1142 4082 merito
1199 4015 1582 4103 desyderari
1646 4025 1870 4102 queat,
1927 4014 2240 4079 edicimus
2299 4035 2383 4078 ex
2439 4013 2766 4100 superfluo
2839 4020 3015 4092 (nam
3080 4036 3278 4101 saepe

419 4114 596 4179 idem
638 4114 905 4181 fecimus
948 4120 1187 4198 antea),
1250 4138 1332 4180 ne
1376 4116 1519 4203 quis
1571 4136 1655 4178 ex
1695 4115 1955 4196 nostriS,
2000 4116 2438 4199 cuiuscunque
2493 4112 2740 4178 ordinis
2785 4124 2897 4178 aut
2937 4114 3275 4199 dignitatis

420 4214 641 4297 fuerit,
697 4236 925 4301 pacem
985 4214 1316 4302 publicam
1372 4225 1435 4279 et
1493 4236 1890 4279 communem
1949 4212 2363 4278 concordiam
2414 4211 2830 4295 interturbet,
2889 4213 3008 4278 sub
3067 4235 3279 4300 poena

415 4313 526 4377 vel
591 4313 1006 4400 relegationis
1061 4314 1167 4380 vel
1238 4314 1634 4380 exclusionis
1691 4336 1811 4401 pro
1871 4312 2143 4378 arbitrio
2199 4312 2641 4377 universitatis
2713 4311 3038 4377 dictanda.
3119 4312 3278 4376 Dat.

419 4422 544 4478 etc.
593 4418 767 4481 1533.
3289 4420 3356 4476 35

843 4569 976 4632 123.
1021 4561 1140 4651 [Bl.
1181 4569 1260 4631 65
1275 4561 1328 4653 b]
1371 4582 1467 4629 m:
1510 4579 1948 4629 cnfflomnus
1991 4579 2138 4628 Non
2178 4578 2597 4628 mmmmm
2641 4577 2948 4628 vnstu.

585 4696 789 4763 Vetus
834 4706 1144 4762 statutum
1187 4706 1304 4781 est,
1358 4720 1483 4785 quo
1541 4718 1581 4760 a
1632 4696 1987 4762 maioribus
2046 4696 2490 4760 universitatis
2547 4703 2807 4759 nostrae
2862 4703 3279 4781 prospectum

418 4805 551 4881 est,
611 4819 693 4862 ne
737 4797 881 4884 quis
927 4795 1244 4862 clamores
1288 4794 1628 4862 horribiles
1672 4797 1942 4877 excitet,
1999 4794 2231 4883 quibus
2271 4793 2376 4859 vel
2431 4795 2838 4880 privatorum
2880 4791 3098 4858 studia
3147 4792 3275 4858 lae·

421 4894 664 4961 dantur
719 4895 824 4961 vel
889 4894 1353 4980 intertui-betur
1412 4893 1677 4983 publica
1732 4893 2192 4982 tranquillitas.
2281 4893 2698 4979 Quapropter
2751 4913 2891 4974 nos,
2949 4891 3280 4957 Arnoldus

424 4993 552 5077 W.,
597 5003 831 5076 rector,
874 4994 1260 5061 mandamus
1302 4992 1600 5060 omnibus
1650 5015 1726 5058 ac
1770 4992 2044 5078 singulis
2086 4994 2523 5078 cuiuscunque
2567 4990 2815 5055 ordinis
2857 4989 3368 5073 scholasticis,40

422 5104 496 5158 ut
553 5093 641 5159 ab
710 5093 1029 5161 eiusmodi
1093 5092 1484 5161 clamoribus
1547 5092 1905 5158 inhonestis
1971 5095 2392 5178 imposterum
2458 5091 2728 5176 prorsus
2793 5089 3165 5156 abstineant
3223 5100 3289 5155 et

421 5215 632 5279 neque
672 5194 740 5257 in
785 5193 1018 5279 plateis
1056 5216 1265 5281 neque
1307 5195 1376 5257 in
1418 5190 1927 5258 habitationibus
1985 5194 2140 5273 suis,
2183 5190 2253 5253 in
2296 5187 2584 5273 collegiis
2628 5189 2733 5254 vel
2775 5199 2965 5255 extra
3006 5188 3285 5276 collegia

419 5302 557 5357 tam
585 5294 988 5379 ‘impotenter
1025 5289 1600 5359 vociferationibus
1640 5290 2131 5372 tumultuentur,
2178 5311 2326 5354 cum
2370 5289 2454 5352 sit
2495 5290 2960 5374 turpissimum,
3019 5291 3113 5354 sic
3157 5298 3287 5354 stu-
