4038 6358
1517 623 1752 681 Libellus
1791 626 2112 683 formulario.
3131 624 3249 700 145

375 806 757 873 studiorum
815 826 1076 877 cursum
1133 832 1372 897 urgere
1428 834 1508 877 ac
1565 811 1688 878 deo
1732 815 2030 903 propicio
2074 813 2387 900 perficere
2430 813 2628 878 etiam
2671 812 2983 880 foeliciter
3028 817 3252 902 possit,

374 907 567 991 quod
610 918 675 972 et
715 930 1056 996 speramus
1099 906 1599 976 illustrissimam
1655 913 1936 998 gratiam
1978 922 2263 978 vestram
2310 935 2430 999 pro
2472 915 2701 977 innata
2739 914 2806 976 in
2851 935 3076 979 omnes
3122 924 3251 979 stu—

377 1004 616 1073 diosos
656 1006 997 1075 clementia
1038 1008 1328 1095 gratiose
1370 1011 1707 1093 facturam,
1749 1021 1813 1077 et
1855 1035 1972 1077 nos
2016 1034 2270 1100 quoque
2311 1012 2475 1077 illud
2518 1010 2821 1099 precibus
2864 1013 3123 1094 nostris,
3170 1012 3257 1078 ad

375 1103 587 1170 deum
630 1117 766 1193 opt.
824 1129 996 1173 max.
1054 1130 1174 1195 pro
1218 1119 1478 1175 vestrae
1540 1110 1939 1176 celsitudinis
1982 1111 2202 1177 foelici
2260 1134 2339 1176 ac
2380 1112 2681 1176 diuturno
2738 1112 3014 1198 imperio
3070 1113 3254 1193 fusis,

380 1225 474 1269 ac
519 1227 780 1294 semper
823 1217 888 1272 et
926 1208 1166 1294 ubique
1207 1211 1641 1296 paratissimis
1684 1208 2013 1298 obsequiis
2059 1213 2419 1297 promereri
2472 1209 2894 1275 studebimus.
2980 1210 3256 1277 Conser-
3278 1223 3312 1278 5

379 1314 505 1370 vet
556 1304 1069 1373 illustrissimam
1124 1309 1403 1394 gratiam
1444 1320 1733 1374 vestram
1783 1310 2092 1375 dominus
2142 1333 2263 1397 pro
2319 1309 2793 1397 tranquillitate
2842 1307 2945 1395 [73
2962 1309 3014 1396 k⁸]
3058 1310 3256 1376 eccle—

379 1404 530 1469 siae
586 1405 947 1473 catholicae
997 1416 1064 1471 et
1116 1406 1515 1473 eruditorum
1575 1409 1862 1473 omnium
1919 1409 2248 1495 pracsidio
2303 1433 2420 1497 per
2481 1409 2683 1475 multa
2740 1408 2959 1474 secula
3016 1408 3258 1475 incolu-

379 1526 586 1586 mem,
628 1505 735 1569 cui
783 1528 903 1570 nos
947 1507 1144 1571 etiam
1185 1514 1251 1571 et
1289 1509 1508 1572 omnia
1547 1516 1774 1572 nostra
1815 1506 2144 1573 humiliter
2189 1506 2732 1574 commendamus.
2803 1508 3094 1594 Lypsiae
3136 1519 3259 1574 etc.

641 1602 1259 1671 Reverendissimae
1303 1628 1382 1670 ac
1426 1605 1904 1672 illustrissimae
1946 1609 2201 1691 gratiae
2242 1616 2498 1674 vestrae

1823 1705 2098 1773 humiles
2140 1708 2420 1772 ministri
2465 1717 2530 1772 et
2568 1707 2655 1773 ad
2698 1709 2968 1795 quaevis
3274 1718 3340 1773 10

1823 1805 2041 1886 officia
2084 1828 2162 1871 ac
2202 1806 2515 1895 obsequia
2554 1808 2957 1895 paratissimi

2241 1917 2475 1989 rector,
2518 1928 2711 1993 mag„
2757 1906 2925 1972 doct.

2153 2006 2598 2070 universitatis
2639 2006 3020 2093 Lypsensis.

1456 2159 1589 2221 131.
1656 2170 2295 2220 comOENDAmcuffl.

561 2284 699 2350 Sal.
748 2287 816 2349 in
859 2285 1139 2351 domino.
1195 2284 1391 2351 Venit
1433 2283 1519 2349 ad
1575 2306 1712 2367 nos,
1764 2286 1867 2350 vir
1924 2287 2181 2367 eximie,
2239 2295 2388 2350 ante
2444 2285 2581 2351 dies
2639 2308 2883 2373 paucos
2934 2286 3261 2353 studiosus
3284 2297 3346 2351 15

378 2383 808 2468 adolescens,
864 2385 1142 2451 Ioannes
1202 2384 1401 2468 Gela,
1461 2386 1902 2470 praesentium
1959 2383 2159 2467 lator,
2222 2406 2418 2449 orans
2474 2394 2669 2472 atque
2728 2383 3113 2468 obsecrans,
3169 2398 3264 2469 ut,

379 2486 701 2572 quoniam
755 2485 899 2571 ipse
957 2505 1076 2572 per
1136 2483 1477 2551 facultates
1535 2493 1600 2548 et
1656 2485 1945 2571 inopiam
1999 2483 2109 2550 hic
2161 2483 2341 2571 apud
2397 2506 2516 2549 nos
2556 2487 2626 2549 in
2671 2483 2880 2550 studio
2923 2483 3260 2553 literarum

381 2583 760 2670 perdurare
800 2605 931 2647 non
978 2580 1083 2668 [74
1099 2579 1150 2669 ⁸]
1198 2593 1439 2669 posset,
1483 2584 1612 2649 nisi
1661 2605 1864 2670 opera
1906 2583 2226 2651 bonorum
2264 2586 2555 2649 virorum
2598 2595 2663 2647 et
2705 2592 2970 2669 sumptu
3010 2572 3261 2651 susten-

380 2693 667 2763 taretur,
723 2681 907 2769 apud
962 2683 1268 2747 eximiam
1312 2685 1779 2769 praestantiam
1822 2692 2110 2748 vestram
2165 2706 2283 2771 pro
2326 2685 2469 2768 ipso
2513 2681 3081 2765 intercederemus,
3134 2704 3259 2769 quo

387 2780 799 2868 stipendium
856 2781 1037 2864 illud,
1095 2805 1224 2870 quo
1264 2784 1394 2847 iam
1440 2779 1842 2868 aliquamdiu
1887 2791 1985 2846 est
2026 2804 2201 2865 usus,
2256 2783 2387 2868 ipsi
2430 2780 2644 2846 adhuc
2686 2779 3156 2868 aliquantisper
3199 2790 3347 2846 et20

384 2881 486 2945 ad
531 2881 722 2945 unius
761 2890 1010 2945 tantum
1056 2883 1209 2945 anni
1268 2882 1563 2969 spacium
1617 2902 1659 2945 a
1708 2879 2112 2966 benignitate
2152 2891 2373 2947 vestra
2426 2879 2907 2963 concederetur,
2962 2904 3090 2969 quo
3131 2891 3261 2949 stu-

387 2980 657 3044 diorum
713 3003 978 3065 suorum
1035 3004 1295 3047 cursum
1357 2980 1456 3045 sic
1506 2988 1701 3067 queat
1753 2980 2110 3063 instituere,
2167 2991 2275 3063 ut,
2336 2991 2683 3068 antequam
2743 2979 2898 3045 hinc
2951 2980 3264 3064 discedat,

385 3077 870 3145 baccalaureus
911 3081 980 3144 in
1022 3080 1271 3147 artibus
1315 3078 1695 3147 liberalibus
1735 3079 1879 3144 fieri
1936 3079 2271 3145 commode
2313 3080 2541 3166 possit.
2624 3077 2760 3143 Nos
2812 3079 3031 3165 itaque
3085 3080 3266 3145 intel-

385 3177 676 3266 ligentes
751 3202 981 3266 preces
1050 3182 1253 3266 ipsius
1316 3181 1522 3245 iustas
1589 3202 1750 3263 esse,
1814 3203 2076 3245 oramus
2143 3203 2265 3246 vos
2327 3181 2522 3245 etiam
2586 3187 2782 3265 atque
2844 3179 3071 3262 etiam,
3136 3203 3261 3267 quo

393 3279 779 3364 benignitas
821 3289 1040 3344 vestra
1081 3279 1289 3344 eidem
1334 3277 1492 3345 velit
1535 3280 1730 3344 etiam
1774 3288 1998 3344 nostro
2050 3289 2351 3366 respectu
2404 3279 2473 3343 in
2524 3277 2651 3342 hac
2693 3281 3075 3343 necessitate
3116 3301 3254 3344 suc·
3276 3288 3342 3344 25

393 3399 686 3443 currere.
777 3377 973 3457 Quod
1020 3380 1108 3461 si,
1167 3387 1238 3442 ut
1297 3400 1663 3465 speramus,
1713 3379 1941 3446 fecerit
1995 3380 2400 3466 praestantia
2439 3386 2691 3458 vestra,
2746 3377 3032 3442 vicissim
3073 3377 3264 3443 vobis

405 3476 696 3542 studium
766 3486 831 3542 et
896 3499 1162 3565 operam
1223 3486 1514 3558 nostram
1576 3479 1648 3542 in
1701 3477 1898 3544 rebus
1962 3476 2260 3542 omnibus
2321 3476 2723 3565 pollicemur.
2805 3475 2983 3542 Bene
3034 3476 3266 3544 valete.

397 3576 720 3664 Lypsiae‚
758 3598 930 3642 anno
976 3579 1314 3643 restitutae
1358 3573 1583 3644 salutis
1620 3576 2116 3659 MDXXXIIII,
2154 3575 2291 3641 XII
2331 3576 2520 3643 Iunii.

609 3765 743 3826 132.
789 3754 958 3847 [74¹³]
1004 3777 1337 3826 romaum
1380 3778 1784 3828 'rss'rmonn
1824 3778 2106 3827 rusum
2148 3778 2241 3824 DE
2286 3776 2780 3826 commmons
2828 3777 3156 3826 mmmm.

577 3892 920 3958 Universis
963 3913 1043 3956 ac
1090 3892 1381 3979 singulis,
1436 3876 1813 3980 praesentes
1868 3894 2119 3959 litteras
2164 3903 2424 3959 nostras
2462 3893 2724 3975 visuris,
2766 3890 3029 3958 lecturis
3068 3902 3348 3980 atque30

403 3991 749 4074 audituris,
803 4014 926 4058 nos
983 3991 1364 4058 Fridericus
1412 3993 1681 4080 Peypus
1723 3984 2182 4076 Forchemius,
2224 3996 2461 4058 artium
2519 3992 2883 4058 liberalium
2938 4014 3017 4059 ac
3060 3991 3266 4079 philo-

406 4090 679 4178 sophiae
728 4113 921 4176 mag.‚
979 4090 1263 4178 inclytae
1317 4093 1757 4157 universitatis
1813 4091 2013 4157 studii
2065 4094 2405 4181 Lipsensis
2463 4102 2695 4174 rector,
2757 4091 3031 4157 salutem
3084 4100 3265 4179 opta—

403 4214 554 4256 mus
593 4192 664 4255 in
703 4189 963 4256 domino
1003 4191 1485 4277 sempiternam.
1554 4190 1971 4256 Venerabiles
2016 4215 2097 4257 ac
2138 4193 2585 4258 humanissimi
2630 4193 2777 4275 viri,
2819 4190 3261 4277 significamus

407 4289 598 4356 vobis
660 4299 726 4355 et
783 4291 1094 4354 certiores
1136 4312 1255 4355 vos
1308 4289 1642 4354 reddimus
1684 4289 1785 4354 his
1836 4290 2072 4356 litteris
2113 4295 2378 4374 nostris,
2419 4290 2593 4377 quod
2638 4302 2789 4356 ante
2839 4290 2977 4356 dies
3020 4311 3266 4377 paucos

409 4388 743 4456 studiosus
799 4410 878 4454 ac
929 4388 1165 4455 nobilis
1222 4388 1620 4472 adolescens,
1666 4388 1946 4455 Ioannes
1988 4390 2380 4473 Marnholth,
2422 4389 2732 4454 ecclesiae
2771 4390 2839 4454 H
2840 4389 3267 4454 alberstaten·
3284 4395 3353 4452 35

415 4490 510 4556 sis
551 4490 817 4554 maioris
860 4488 1228 4570 canonicus,
1287 4486 1375 4552 ad
1413 4511 1531 4553 nos
1575 4490 1830 4554 venerit
1868 4512 2064 4554 orans
2109 4499 2300 4574 atque
2341 4488 2713 4570 obsecrans,
2766 4496 2838 4552 ut
2891 4489 3002 4574 qui
3040 4489 3109 4552 in
3146 4486 3271 4551 hac

411 4597 642 4654 nostra
698 4588 1122 4653 universitate
1161 4588 1294 4651 iam
1338 4588 1617 4653 triennio
1659 4598 1960 4653 versatus
2006 4597 2179 4653 esset
2218 4596 2283 4651 et
2337 4586 2524 4652 bonis
2572 4586 2803 4654 studiis
2856 4608 2936 4651 ac
2982 4584 3272 4650 moribus

414 4686 705 4754 dedisset
748 4709 1016 4775 operam
1065 4696 1129 4752 et
1171 4687 1305 4750 iam
1344 4709 1387 4752 a
1427 4689 1561 4753 suis
1601 4688 1668 4752 in
1713 4688 1998 4774 patriam
2042 4694 2478 4768 revocaretur,
2538 4708 2665 4773 quo
2722 4694 3059 4751 anteactae
3098 4685 3275 4748 vitae

415 4798 483 4853 et
521 4789 826 4852 meritum
871 4784 1234 4851 studiorum
1281 4809 1543 4852 suorum
1596 4788 2038 4853 testimonium
2091 4808 2133 4851 a
2187 4785 2374 4851 nobis
2435 4787 2779 4873 acciperet,
2834 4784 2904 4849 id
2955 4783 3128 4872 quod
3179 4782 3276 4847 illi

417 4908 662 4974 negare
701 4884 882 4951 nulla
924 4883 1176 4950 ratione
1223 4881 1327 4972 [75
1342 4882 1394 4973 ⁸]
1437 4887 1787 4976 potuimus,
1828 4886 2218 4973 praesertim
2262 4906 2407 4948 cum
2447 4885 2583 4949 eius
2632 4887 2727 4949 rei
2769 4893 2965 4948 testes
3011 4882 3361 4948 idoneosw

421 5008 492 5051 se
531 4984 724 5051 nobis
770 4984 1074 5051 daturum
1115 4987 1554 5072 promitteret:
1624 4985 1800 5074 quod
1845 4993 1909 5050 et
1949 4985 2118 5049 fecit.
2203 4983 2369 5046 Nam
2411 4981 2716 5048 hesterna
2759 4982 2864 5047 die
2909 4981 3070 5048 hora
3133 4990 3284 5068 post

422 5083 763 5152 meridiem
808 5083 1192 5150 duodecima
1230 5084 1637 5164 venerabiles
1680 5085 1859 5150 viros
1905 5105 1985 5148 ac
2029 5081 2321 5147 dominos
2363 5083 2710 5166 magistros
2743 5090 2941 5147 testes
2984 5081 3281 5165 adduxit,

417 5181 505 5249 Μ.
541 5182 722 5248 Ioan.
763 5181 1141 5266 Muslerum,
1199 5182 1319 5248 sub
1364 5184 1547 5248 cuius
1587 5206 1749 5250 cura
1789 5183 1897 5248 hic
1934 5182 2106 5246 vixit
2142 5179 2454 5267 Lypsiae,
2504 5178 2591 5244 M.
2638 5181 2734 5245 Io.
2777 5181 2984 5263 Fritz,
3028 5180 3282 5266 collegii

416 5283 684 5350 maioris
741 5280 1172 5368 collegiatum,
1232 5292 1297 5347 et
1350 5281 1436 5347 M.
1496 5281 1738 5369 Georg.
1784 5279 2164 5364 Muslerum,
2223 5278 2334 5368 qui
2389 5301 2611 5346 omnes
2669 5291 2734 5346 et
2788 5279 3025 5367 singuli
3068 5301 3290 5345 coram

567 5397 1010 5438 surursnsuon
1045 5398 1161 5434 naa
1195 5398 1344 5438 σειν.
1379 5398 1622 5438 mnne.
2875 5388 2950 5450 10
