4038 6358
1533 588 1771 643 Libellus
1807 587 2126 645 formulario.
3137 597 3254 664 143

755 698 806 743 ο

380 768 597 834 nostri
650 768 940 835 adventu
994 773 1128 837 iam
1178 793 1309 837 non
1364 794 1482 858 per
1534 771 1902 856 involucra,
1958 773 2499 861 quemadmodum
2556 776 2786 857 ceteri,
2840 778 3254 861 vaticinatur,

389 867 512 933 sed
571 878 808 956 aperta
851 871 1146 936 oratione
1198 893 1277 936 ac
1335 870 1539 956 digito
1592 871 1786 937 etiam
1842 882 2529 955 commonstrat-eum,
2584 875 2695 958 qui
2741 871 2843 961 [68
2858 870 2910 961 b]
2950 877 3258 942 universa

390 966 598 1033 huius
638 967 866 1033 mundi
923 979 1196 1056 peccata
1235 981 1298 1035 et
1337 971 1737 1057 impietatem
1782 993 2038 1037 omnem
2092 971 2388 1053 aufferat,
2440 980 2506 1035 et
2547 994 2774 1038 veram
2813 972 2989 1038 illam
3043 974 3255 1040 lucem

388 1066 618 1153 palam
660 1067 966 1151 ostendit,
1027 1091 1196 1157 quae
1234 1068 1607 1135 sedentibus
1649 1070 1718 1134 in
1757 1069 1989 1137 umbra
2032 1072 2261 1136 mortis
2303 1071 2626 1135 universis
2666 1071 3033 1138 hominibus
3074 1074 3254 1139 afful-

390 1169 557 1232 serit
612 1177 677 1232 et
737 1190 905 1255 quae
951 1190 1171 1234 omnes
1212 1168 1531 1233 humanae
1576 1169 1751 1233 vitae
1811 1168 2114 1235 tenebras
2161 1169 2366 1234 radiis
2418 1180 2483 1234 et
2525 1170 2821 1236 claritate
2864 1194 2985 1237 sua
3024 1172 3253 1238 illumi-
3271 1185 3303 1239 5

387 1267 592 1331 narit.
666 1265 1086 1359 Quapropter
1113 1264 1245 1334 non
1285 1268 1532 1356 absque
1574 1268 1828 1332 ratione
1858 1266 2119 1332 videtur
2160 1278 2544 1355 usurpatum
2585 1268 2711 1335 hoc
2752 1292 2895 1335 esse
2936 1293 2977 1335 a
3016 1272 3255 1361 populo

397 1365 783 1433 Christiano
827 1376 893 1432 et
931 1368 1062 1432 iam
1107 1367 1326 1433 multis
1369 1369 1557 1431 annis
1602 1366 2039 1449 observatum,
2091 1377 2164 1431 ut
2205 1369 2274 1432 in
2314 1371 2691 1435 memoriam
2734 1378 3043 1456 acceptae
3092 1370 3255 1437 lucis

388 1475 702 1531 aeternae
744 1466 1125 1533 ardentibus
1168 1466 1312 1533 ollis
1355 1475 1419 1533 et
1477 1465 1736 1552 ignibus
1797 1467 2043 1551 passim
2096 1466 2378 1535 incensis
2433 1468 2749 1554 gaudium
2805 1477 2873 1533 et
2925 1468 3249 1535 laeticiam

388 1587 585 1631 suam
629 1575 968 1631 attestetur
1010 1587 1090 1631 ac
1128 1588 1288 1653 prae
1333 1588 1401 1631 se
1442 1566 1626 1630 ferat.
1710 1564 1935 1652 Itaque
1977 1587 2096 1630 nos
2127 1565 2507 1631 Fridericus
2533 1564 2969 1651 Arthemisius
3012 1580 3247 1661 rector,

388 1660 505 1751 [69
519 1661 572 1751 ⁸]
596 1663 910 1757 ,inclytae
968 1665 1157 1732 huius
1217 1664 1662 1731 universitatis
1723 1674 1966 1745 rector,
2024 1663 2411 1729 mandamus
2473 1667 2773 1733 omnibus
2832 1690 2913 1733 ac
2975 1669 3250 1754 singulis
3271 1680 3335 1736 10

391 1765 845 1852 cuiuscunque
884 1764 1132 1832 ordinis
1177 1764 1602 1846 scholasticis,
1646 1785 1727 1827 ne
1772 1785 2179 1829 communem
2215 1765 2499 1829 omnium
2539 1765 2865 1831 laeticiam
2906 1768 3258 1854 importuni

387 1862 847 1947 interturbent,
900 1885 1066 1929 neve
1114 1865 1417 1929 convivia
1459 1873 1525 1928 et
1575 1862 1844 1929 choreas
1883 1862 2307 1928 ductantibus
2362 1864 2617 1930 civibus
2661 1864 2861 1931 verbo
2918 1878 3033 1931 aut
3082 1868 3255 1933 facto

385 1965 533 2031 sint
583 1963 856 2045 molesti,
913 1962 1034 2029 sub
1078 1964 1267 2028 unius
1320 1985 1530 2029 novae
1573 1982 1940 2048 sexagenas
1981 1961 2243 2046 mulcta,
2296 1963 2708 2031 universitati
2758 1973 2827 2029 et
2878 1965 3071 2031 nobis
3115 1969 3257 2032 sine

381 2062 874 2131 condonatione
935 2061 1385 2149 persolvenda.
1467 2061 1559 2126 Et
1619 2062 1773 2146 quia
1835 2059 1957 2126 hoc
2014 2061 2150 2125 fere
2208 2072 2530 2149 tempore,
2593 2065 3251 2131 circumcursantibus

379 2162 683 2249 undique
726 2161 945 2245 ebriis,
998 2161 1432 2247 periculosum
1486 2170 1584 2225 est
1627 2159 1781 2224 hinc
1820 2159 1974 2224 inde
2015 2161 2086 2224 in
2126 2161 2395 2226 multam
2433 2172 2682 2227 noctem
2728 2165 2979 2249 vagari,
3036 2164 3338 2232 horta-15

376 2283 542 2326 mur
587 2283 804 2329 omnes
848 2282 927 2326 ac
973 2258 1283 2346 singulos,
1339 2282 1421 2325 ne
1463 2258 1844 2345 vagabundi
1885 2281 2004 2346 per
2047 2280 2268 2325 omnes
2310 2258 2562 2347 plateas
2603 2261 2926 2346 oberrent,
2983 2264 3097 2328 sed
3142 2263 3254 2330 do-

381 2362 493 2425 mi
536 2382 695 2425 suae
734 2360 951 2447 potius
1000 2367 1064 2424 et
1104 2360 1172 2424 in
1212 2359 1337 2424 hac
1379 2368 1606 2424 nostra
1647 2360 1911 2445 regione
1952 2369 2275 2427 maneant.
2364 2358 2474 2424 Sic
2513 2362 2685 2426 enim
2725 2372 2790 2427 et
2830 2365 3047 2428 omnia
3085 2366 3255 2450 peri-

387 2459 629 2525 culosa
669 2458 975 2525 facillime
1018 2459 1303 2545 effugere
1356 2470 1420 2523 et
1458 2457 1662 2523 nihilo
1705 2459 1915 2522 minus
1952 2454 2056 2544 [69
2069 2455 2120 2545 b]
2152 2473 2369 2526 tamen
2410 2458 2567 2525 laeti
2609 2482 2752 2527 esse
2794 2482 2915 2547 pro
2960 2473 3254 2550 tempore

381 2560 706 2646 poterint.
768 2557 926 2624 Dat.
970 2557 1089 2623 sub
1136 2557 1349 2646 sigillo
1389 2564 1772 2640 rectoratus,
1821 2560 1997 2623 1534.

931 2728 1064 2792 128.
1117 2739 1777 2788 EXTRAORDINARIAE
1824 2740 2390 2791 SUPPLICATIONIS
2432 2726 2813 2791 ΓΟΒΜΠΙιΔ.1
3268 2735 3338 2792 20

565 2855 982 2925 Reverendus
1037 2856 1106 2920 in
1163 2853 1424 2937 Christo
1483 2865 1668 2943 pater
1728 2878 1807 2921 ac
1864 2855 2182 2939 dominus,
2238 2856 2538 2922 dominus
2580 2858 2980 2942 Vincentius,
3033 2858 3257 2924 divina

387 2957 818 3045 providentia
872 2952 1217 3044 episcopus
1269 2953 1814 3041 Mersburgensis,
1872 2954 2171 3021 dominus
2225 2978 2305 3021 ac
2348 2956 2769 3047 cancellarius
2812 2959 3257 3024 universitatis

381 3068 660 3122 nostrae
708 3056 1055 3142 gratiosus,
1108 3075 1227 3141 per
1268 3055 1640 3119 universam
1683 3053 2035 3120 dioecesim
2089 3078 2273 3120 suam
2322 3056 2691 3122 divinorum
2732 3056 3095 3122 rectoribus
3135 3057 3257 3122 hoc

393 3158 473 3222 in
517 3154 846 3224 mandatis
891 3154 1088 3238 dedit,
1130 3162 1224 3237 ut,
1268 3155 1574 3242 quoniam
1617 3153 1788 3219 hanc
1829 3163 2145 3219 aestatem
2183 3154 2478 3222 inaudita
2523 3156 2780 3221 siccitas
2820 3165 3079 3244 praeter
3121 3178 3254 3221 mo-

389 3256 560 3321 dum
604 3255 841 3321 afflixit
883 3265 945 3319 et
982 3264 1328 3342 praeterea
1370 3253 1658 3340 undique
1697 3253 2017 3320 bellorum
2060 3264 2342 3321 terrores
2386 3277 2466 3320 ac
2489 3254 2798 3320 tumultus
2835 3254 3040 3320 multa
3082 3263 3337 3321 mor-25

385 3354 641 3422 talibus
684 3353 860 3419 mala
901 3354 1245 3436 minentur,
1302 3353 1528 3441 procul
1579 3352 1777 3444 dubio
1839 3353 1934 3418 sic
1976 3353 2388 3439 exigentibus
2452 3356 2738 3441 peccatis
2778 3357 3033 3438 nostris,
3080 3352 3185 3442 [70
3199 3350 3248 3440 ²]

395 3466 478 3521 ut
519 3478 637 3543 per
681 3451 1222 3541 supplicationem
1264 3453 1613 3542 publicam,
1661 3474 1828 3540 quae
1869 3474 2015 3518 cras
2053 3452 2508 3536 celebrabitur,
2553 3454 2659 3518 dei
2705 3463 2838 3541 opt.
2864 3476 3036 3519 max.
3067 3456 3252 3518 mise-

389 3552 750 3620 ricordiam
815 3563 881 3618 et
940 3575 1127 3640 opem
1196 3552 1591 3640 singularem
1643 3553 1711 3616 in
1763 3552 1962 3617 tantis
2016 3552 2512 3640 necessitatibus
2566 3551 3006 3640 imploremus,
3065 3564 3135 3617 ut
3193 3560 3256 3617 et

394 3653 594 3737 mala,
638 3674 805 3738 quae
846 3654 1202 3737 imminent,
1256 3653 1538 3739 benigne
1577 3660 1873 3717 avertere
1918 3659 1985 3716 et
2029 3673 2257 3737 pacem
2300 3651 2596 3717 omnibus
2641 3650 3023 3718 mortalibus
3066 3674 3255 3739 prae-

395 3756 724 3844 cipueque
766 3751 917 3817 huic
960 3754 1341 3838 provinciae
1383 3773 1504 3839 pro
1549 3772 1670 3816 sua
1708 3749 2004 3815 inaudita
2046 3749 2388 3816 clementia
2433 3750 2662 3838 largiri
2702 3751 3019 3838 dignetur.
3081 3745 3252 3831 Qua·
3270 3760 3341 3818 ³0

401 3862 676 3940 propter
713 3874 857 3934 nos,
897 3849 1275 3917 Fridericus
1316 3849 1750 3915 Arthemisius
1794 3859 1913 3914 etc.
1956 3858 2191 3933 rector,
2241 3849 2622 3916 mandamus
2666 3850 2961 3917 omnibus
3008 3872 3089 3916 ac
3130 3853 3255 3915 sin-

404 3951 580 4038 gulis
621 3961 760 4033 etc.,
816 3961 889 4018 ut
931 3972 1078 4015 cras
1120 3950 1205 4016 ab
1249 3950 1411 4016 hora
1457 3957 1646 4014 sexta
1687 3970 1890 4035 usque
1933 3947 2019 4012 ad
2061 3949 2255 4014 finem
2297 3949 2447 4015 huic
2486 3949 2948 4037 supplicationi
2991 3950 3259 4016 decente

404 4052 650 4117 vestitu
689 4051 914 4115 amicti
969 4072 1086 4115 suo
1142 4051 1414 4138 quisque
1469 4048 1612 4114 loco
1665 4058 1729 4112 et
1779 4045 2006 4112 ordine
2060 4049 2363 4115 intersint
2410 4071 2491 4114 ac
2545 4048 2847 4136 precibus
2906 4051 3040 4114 suis
3084 4049 3260 4136 apud

405 4153 794 4215 immensam
865 4149 973 4215 dei
1031 4148 1439 4215 clementiam
1511 4169 1630 4234 pro
1699 4147 1968 4213 salutari
2030 4147 2243 4213 imbre
2299 4156 2367 4212 et
2425 4170 2590 4233 pace
2656 4170 2735 4213 ac
2789 4148 3260 4235 tranquillitate

402 4251 602 4315 totius
661 4247 1061 4335 reipublicae
1122 4247 1543 4314 intercedant.
1633 4245 1829 4328 Quod
1843 4242 1948 4333 [70
1959 4243 2011 4334 b]
2030 4248 2085 4311 si
2146 4247 2291 4334 quis
2353 4245 2505 4314 huic
2568 4258 2790 4314 nostro
2859 4246 3069 4313 edicto
3129 4256 3343 4316 non3⁵

404 4350 719 4437 paruerit,
763 4348 820 4412 is
861 4348 1043 4431 sciat,
1086 4349 1275 4420 unius
1318 4368 1526 4412 novae
1569 4368 1937 4432 sexagenas
1976 4346 2284 4413 mulctam
2307 4349 2717 4413 universitati
2760 4348 2901 4412 sine
2940 4347 3072 4412 ulla
3113 4370 3259 4414 con-

407 4448 759 4514 donatione
801 4446 1283 4533 praestandam,
1331 4446 1492 4512 Dat.
1535 4451 1713 4514 1534.

746 4633 878 4696 129.
922 4647 1221 4696 LITERAE
1264 4644 1789 4696 UMVERSITATIS
1823 4644 1918 4692 AD
1962 4642 2358 4694 EPISCOPUM
2400 4641 3019 4696 MERSBURGENSEM.

574 4778 957 4846 Reverende
1010 4780 1081 4843 in
1124 4777 1386 4845 Christo
1440 4787 1629 4866 pater
1668 4799 1748 4842 ac
1790 4776 2049 4842 domine
2105 4776 2426 4862 gratiose!
2511 4778 2671 4843 Post
2711 4777 3039 4844 humiliter
3082 4776 3259 4843 obla-

405 4893 511 4948 tas
555 4901 784 4969 preces
844 4888 1124 4961 nostras,
1182 4900 1343 4968 quas
1395 4900 1515 4965 pro
1556 4875 1770 4943 foelici
1816 4873 2217 4940 celsitudinis
2258 4885 2521 4941 vestrae
2565 4899 2866 4943 successu
2921 4878 3008 4943 ad
3052 4877 3259 4945 coelo·
3277 4887 3347 4943 40

406 5004 555 5046 rum
595 5001 818 5066 regem
863 4987 927 5043 et
969 4977 1299 5044 dominum
1339 4976 1600 5042 assidue
1639 4974 1985 5057 fundimus,
2042 4974 2370 5039 offerimus
2415 4975 2825 5063 amplitudini
2879 4999 2959 5044 ac
3013 4980 3268 5066 gratiae

550 5252 568 5304 ι
613 5246 724 5302 Am
763 5244 987 5302 smne:
1032 5241 1374 5298 mimia
1405 5243 1488 5295 aa
1515 5241 1661 5296 aiem
1689 5237 2152 5311 poenitentiales».
