4038 6358
782 633 894 695 172
1758 629 1867 679 Der
1898 628 2059 678 Liber
2096 627 2325 677 nationis
2359 625 2649 679 Polonicae

1022 825 1339 893 Canonici
1381 824 1953 912 Naumburgenses
2073 877 2086 889 .
2172 876 2186 889 .
2273 836 2326 889 .’
2375 875 2390 888 .
2477 837 2526 888 .’
2578 837 2626 887 .·
2678 873 3095 888 .....
3180 827 3260 889 24
3327 836 3390 907 95

1384 924 1921 1012 Mersburgenses
1971 972 3102 990 ............
3187 926 3268 989 24
3354 950 3378 975 2

1388 1025 1725 1091 Zitzenses
1769 1073 3098 1090 ..............
3192 1026 3265 1089 12
3351 1049 3376 1074 ⁵

933 1155 1054 1245 [Bl.
1093 1155 1198 1247 8.]
1243 1158 1475 1224 Evecti
1516 1156 1602 1223 ad
1646 1180 1930 1224 summos
1968 1158 2282 1226 honorum
2325 1167 2391 1224 et
2431 1157 2817 1246 dignitatum
2859 1156 3103 1236 titulos,
3156 1162 3390 1242 utputa
3441 1174 3620 1238 prae-

685 1267 718 1322 5
773 1256 1042 1340 laturas,
1083 1260 1498 1347 episcopatus
1542 1267 1656 1324 aut
1695 1258 1845 1342 alia,
1889 1257 2278 1326 admonendi
2323 1268 2388 1323 et
2427 1256 2692 1346 petendi
2740 1266 2906 1339 sunt,
2946 1266 3019 1320 ut
3064 1277 3184 1341 pro
3223 1251 3611 1318 liberalitate

773 1380 891 1422 sua
929 1358 1256 1424 nationem
1298 1360 1536 1425 iuvent

937 1456 1067 1538 Qui
1121 1457 1207 1523 ad
1264 1466 1512 1524 certum
1571 1466 1638 1524 et
1686 1456 1887 1524 breve
1940 1458 2330 1524 destinatum
2386 1465 2641 1543 tempus
2698 1454 3071 1521 muneribus
3132 1450 3606 1584 praeficiuntur,

779 1556 1034 1623 solvant
1076 1559 1313 1639 statim,
1356 1560 1862 1645 quotiescunque
1902 1557 2033 1624 id·
2012 1580 2229 1645 ipsum
2271 1556 2398 1622 illis
2441 1556 2818 1642 contigerit.

1022 1690 1280 1757 Decani
1322 1692 1559 1758 artium
1661 1738 3086 1757 ...............
3177 1692 3253 1754 12
3333 1699 3395 1770 9(

700 1800 763 1854 10
1028 1789 1283 1857 Decani
1326 1791 1726 1878 theologicae
1762 1792 2111 1874 facultatis,

1108 1913 1382 1978 quorum
1425 1890 1651 1958 electio
1694 1914 1813 1979 per
1855 1891 2146 1957 ordinem
2190 1910 2387 1977 saepe
2426 1890 2860 1975 reintegratur
2978 1940 2991 1952 .
3078 1938 3091 1950 .
3218 1891 3257 1953 6
3345 1911 3371 1939 σ

1021 1989 1389 2077 Praepositi
1431 1990 1731 2056 villarum
1778 1991 2220 2057 universitatis
2271 2039 3096 2054 .........
3187 1990 3264 2051 12
3351 2012 3377 2037 ⁵

1016 2089 1522 2157 Procancellarii
1564 2107 2106 2179 quarumcunque*
2134 2087 2517 2155 facultatum
2582 2137 3100 2154 ......
3191 2090 3266 2151 12
3351 2109 3379 2137 ³

1018 2189 1329 2255 Rectores
1372 2189 1749 2257 academiae
1772 2237 3097 2256 ..............
3188 2190 3264 2251 12
3351 2212 3377 2238 2

700 2331 761 2386 15
940 2322 1299 2405 Postrem0‚
1352 2333 1423 2388 ut
1478 2322 1960 2389 recurrentibus
2017 2344 2274 2409 semper
2319 2317 2444 2407 [8¹²1
2491 2323 2677 2387 annis
2720 2343 2910 2386 nemo
2953 2319 3037 2385 de
3078 2320 3340 2385 natione
3384 2317 3470 2382 ab
3514 2338 3617 2379 an-

779 2442 911 2486 nua
950 2420 1422 2489 contributione
1461 2422 1772 2488 liberetur
1813 2421 1928 2488 sed
1968 2423 2298 2487 annuatim
2342 2444 2596 2509 quoque
2635 2418 2883 2508 aliquid
2923 2419 3325 2500 corradatur,
3370 2416 3619 2482 solvant

779 2520 1016 2606 singuli
1060 2519 1333 2606 singulis
1376 2523 1564 2586 annis
1606 2522 1784 2588 circa
1825 2522 2120 2588 Paschae
2159 2531 2223 2586 et
2266 2522 2663 2586 ascensionis
2705 2517 2948 2587 domini
2987 2519 3219 2584 ferias:

1022 2652 1311 2720 Studiosi
1409 2701 3137 2720 ..................
3231 2658 3255 2717 1
3324 2665 3389 2736 95

1016 2752 1499 2819 Baccalaurei
1479 2777 1548 2819 m
1588 2753 1839 2819 artibus
1912 2801 3139 2820 .............
3232 2757 3256 2816 1
3349 2777 3375 2803 ⁵

686 2861 756 2917 20
1021 2853 1254 2918 Bacca.
1294 2853 1365 2917 in
1405 2853 1547 2920 iure
1610 2900 3140 2920 ................
3223 2855 3263 2917 2

1020 2951 1322 3038 Magistri
1408 3001 3142 3022 ..................
3225 2954 3266 3016 2
3348 2976 3376 3003 1

1019 3051 1368 3116 Licentiati
1409 3102 1927 3118 ......
2010 3113 2011 3116 ,
2014 3100 3139 3118 ............
3224 3054 3262 3116 3
3348 3077 3373 3103 2

1018 3151 1337 3218 Doctores
1372 3201 3138 3233 ...................
3224 3154 3262 3216 4
3348 3177 3373 3204 ⁵

1020 3250 1287 3316 Domini
1302 3301 1320 3332 ,
1382 3251 1630 3317 nobiles
1694 3262 1758 3317 et
1819 3252 2119 3337 ditiores,
2181 3263 2490 3342 quantum
2547 3253 2855 3340 cuiusque
2918 3249 3294 3316 liberalitati
3358 3271 3485 3336 par
3523 3256 3614 3312 est

682 3358 750 3413 25
1384 3360 1448 3416 et
1487 3352 1808 3417 decorum.

932 3481 1038 3547 De
1084 3485 1364 3571 pecunia
1411 3493 1484 3549 ut
1536 3494 1720 3572 patet
1759 3494 2101 3573 praesente
2145 3494 2363 3573 empta
2404 3495 2504 3550 est
2544 3486 2730 3550 iuxta
2771 3484 3144 3551 conclusum
3197 3481 3484 3547 nationis
3533 3479 3614 3545 ad

771 3582 1233 3649 reservandam
1274 3583 1667 3670 'superfluam
1712 3607 2031 3650 summam
2063 3584 2293 3653 cistula
2334 3585 2566 3667 ferrea,
2609 3583 2857 3650 habens
2885 3606 3080 3649 unam
3118 3605 3330 3648 seram
3361 3590 3426 3646 et
3455 3580 3610 3645 duas

773 3681 990 3747 claves
1034 3683 1403 3765 uniformes,
1456 3705 1576 3770 pro
1620 3693 1895 3772 quatuor
1939 3706 2086 3749 cum
2139 3682 2409 3749 dimidio
2452 3684 2720 3750 thaleris
2764 3693 2828 3749 et
2869 3706 2997 3749 uno
3044 3679 3106 3769 [9
3119 3678 3171 3770 ⁸]
3217 3680 3610 3747 Schrecken-

770 3782 1005 3869 berger
1020 3784 1058 3864 ¹,
1101 3782 1258 3847 facit
1298 3783 1577 3867 quinque
1617 3782 1917 3867 florenos,
1963 3806 2082 3849 sex
2122 3772 2407 3870 grossos,
2450 3807 2563 3848 sex
2610 3783 2927 3851 denarios.

687 3907 756 3964 30
938 3898 1101 3963 Item
1141 3909 1396 3986 emptus
1436 3909 1533 3964 est
1569 3898 1735 3965 liber
1764 3923 1847 3965 ex
1875 3900 2272 3967 membranis
2285 3925 2307 3987 ι;
2349 3910 2644 3966 constant
2685 3899 3102 3965 membranae
3127 3906 3404 3984 quatuor
3433 3895 3610 3961 flore-

770 4019 888 4062 nos
931 4008 994 4061 et
1033 4020 1148 4063 sex
1191 4020 1477 4084 grossos,
1532 3997 1790 4085 ligatori
1834 4009 1985 4066 sunt
2030 3999 2166 4066 dati
2214 4009 2462 4087 septem
2505 4001 2750 4086 grossi,
2802 4008 2868 4065 et
2909 4001 3005 4064 sic
3046 4008 3219 4064 totus
3260 3995 3426 4062 liber
3471 4016 3611 4060 con·

774 4104 902 4161 stat
941 4102 979 4161 4
1020 4111 1084 4180 lg
1137 4103 1208 4165 13
1248 4113 1329 4182 9<-

934 4194 1202 4261 Summa
1254 4219 1409 4283 ergo
1452 4196 1720 4263 cistulae
1771 4206 1835 4262 et
1876 4197 2029 4264 libri
2085 4208 2184 4264 est
2235 4207 2467 4265 nove'm
2521 4198 2918 4281 florinorum,
2977 4196 3203 4262 decem
3262 4205 3327 4260 et
3377 4216 3610 4259 novem

770 4316 1166 4380 grossorum,
1210 4318 1326 4361 sex
1369 4295 1803 4362 denariorum.

687 4419 755 4474 35
936 4408 1209 4478 Restant
1268 4414 1485 4499 itaque
1545 4414 1825 4498 quinque
1886 4413 2097 4494 aurei,
2161 4411 2463 4479 undecim
2523 4415 2759 4500 grossi.
2778 4413 2804 4455 ²
2892 4412 3145 4494 Quibus
3208 4417 3617 4476 accesserunt

770 4519 1044 4596 quatuor
1084 4511 1313 4575 floreni
1357 4520 1420 4576 et
1463 4512 1831 4600 quindecim
1873 4514 2118 4598 grossi,
2176 4535 2337 4600 quos
2384 4522 2533 4601 post
2579 4512 2824 4599 aliquot
2879 4512 3275 4598 septimanas
3320 4506 3615 4594 diligenti

769 4610 944 4674 facta
997 4610 1412 4698 inquisitione
1468 4612 1800 4678 solverunt
1859 4610 2173 4677 haeredes
2232 4611 2517 4678 doctoris
2559 4610 2825 4678 Martini
2880 4609 3175 4693 Losselii,
3241 4606 3616 4697 aliquandiu

772 4710 1044 4775 senioris
1085 4711 1365 4775 nationis
1403 4711 1509 4797 pie
1552 4710 1859 4793 defuncti,
1898 4709 2085 4774 iuxta
2123 4712 2257 4776 eius
2285 4710 2809 4799 chirographum,
2848 4719 3112 4792 testans,
3158 4707 3331 4798 quod
3371 4717 3612 4772 tantum

753 4807 838 4895 ‘[9
853 4805 905 4895 b]
954 4810 1281 4895 acceperit
1316 4833 1356 4874 a
1396 4812 1707 4897 magistro
1752 4804 2222 4897 christophoro
2261 4810 2580 4898 Montagk
2623 4810 2905 4875 Pruteno
2960 4808 3207 4874 foelicis
3248 4806 3614 4886 memoriae,

690 4919 758 4974 40
776 4918 1101 4994 repertum
1149 4918 1211 4973 et
1251 4908 1560 5007 traditum
1603 4909 1850 4974 nationi
1894 4932 1936 4975 a
1979 4908 2179 4975 vidua
2222 4910 2278 4975 d.
2320 4912 2618 4997 magistri
2662 4909 3134 4996 christophori.

899 5212 919 5262 1
959 5206 1068 5261 Ein
1101 5206 1619 5279 Schreckenberger
1645 5234 1715 5255 --·
1747 5213 1846 5276 3¹l2
1886 5212 1934 5276 91
1974 5208 2266 5280 (Klotzsch
2300 5209 2345 5278 Ι,
2378 5207 2432 5264 8.
2467 5212 2607 5274 344).

895 5290 2991 5364 2A1s01a=21ff310p=1aax=241312r==12„x.
