4038 6358
877 577 997 675 ο474
1863 618 1968 667 Die
1999 618 2436 683 philosophiam
2467 618 2720 671 Facnlffit.

879 790 1092 857 dinem
1134 802 1198 858 et
1237 795 1633 881 paucitatem
1675 798 2245 886 negligenciam,
2286 797 2653 866 defectuum
2692 822 2771 865 ac
2815 812 3180 882 causarum,
3225 799 3283 864 si
3309 819 3467 884 quos
3501 797 3689 883 habet,

879 891 1177 977 magistri
1217 892 1444 982 videre
1484 897 1763 981 possint,
1818 921 1904 965 an
1945 902 2030 965 sit
2073 923 2289 966 secum
2344 901 2573 966 merito
2630 898 3155 987 dispensandum.
3236 893 3560 983 Reputant
3593 922 3691 965 au·

875 999 1005 1055 tem
1065 993 1393 1080 magistri,
1456 994 1810 1080 legitimum
1870 998 2402 1085 impedimentum
2468 999 2611 1074 ,fore
2668 998 3109 1063 infirmitatem
3168 1005 3283 1062 aut
3346 995 3689 1063 absenciam

874 1086 1002 1154 loci
1044 1112 1127 1154 ex
1166 1091 1548 1158 racionabili
1587 1118 1785 1160 causa
1825 1096 1927 1162 vel
1962 1098 2210 1186 aliquid
2249 1098 2428 1163 aliud
2470 1120 2588 1185 per
2629 1096 3002 1163 facultatem
3044 1095 3552 1185 approbandum.

791 1264 825 1318 5
1033 1263 1091 1326 6.
1147 1274 1338 1335 Quor
1383 1278 1768 1328 LECTIONES
1806 1282 1899 1329 ET
1941 1281 2317 1330 EXERCITIA
2360 1282 2501 1332 UNA
2543 1281 2702 1329 VIOE
2745 1282 3006 1330 AUDIRE
3050 1282 3210 1342 QUIS
3250 1279 3549 1329 POTERIT

1852 1380 1989 1429 PRO
2034 1381 2273 1429 GRADU
2319 1381 2741 1430 MAGISTERH.

2099 1499 2218 1564 Vgl.
2255 1501 2404 1560 x111,
2440 1497 2489 1552 8.

1045 1607 1335 1688 Quilibet
1379 1609 1649 1675 audiens
1691 1610 1894 1678 libros
1934 1613 2022 1678 ad
2063 1613 2340 1699 gradum
2380 1609 2740 1701 magisterii
2783 1611 2990 1678 solum
3030 1611 3261 1678 audire
3316 1610 3509 1677 debet
3554 1611 3704 1676 duas

879 1705 1185 1772 lectiones
1227 1708 1296 1771 in
1336 1706 1441 1773 die
1484 1708 1564 1774 de
1605 1711 1791 1776 libris
1835 1712 1920 1777 ad
1961 1712 2241 1799 gradum
2284 1713 2746 1801 spectantibus,
2796 1731 2919 1777 nec
2957 1735 3088 1778 non
3130 1712 3323 1798 plura
3365 1733 3547 1798 quam
3585 1709 3707 1776 duo

801 1812 865 1869 10
886 1808 1212 1871 exercitia.
1297 1807 1387 1872 Et
1428 1831 1558 1874 non
1610 1820 1823 1897 potest
1875 1811 2157 1897 aliquam
2201 1812 2429 1878 audire
2483 1812 2823 1876 lectionem
2868 1834 2988 1898 pro
3033 1811 3238 1875 tercia
3278 1811 3406 1874 nisi
3446 1809 3707 1875 rethori-

878 1926 1119 1988 corum,
1176 1928 1340 1993 quae
1393 1918 1492 1971 est
1543 1931 1933 1975 concurrens
1991 1934 2137 1976 cum
2191 1904 2355 1977 aliis·
2437 1911 2508 1976 Si
2563 1933 2719 1976 vero
2777 1932 2961 1975 secus
3017 1909 3273 1993 fecerit,
3332 1918 3486 1974 tunc
3543 1907 3700 1973 tales

878 2001 1029 2068 libri
1102 2027 1214 2070 seu
1260 2008 1584 2072 exercicia
1625 2020 1851 2075 contra
1907 2021 2215 2076 statutum
2285 2010 2489 2080 auditi
2555 2032 2684 2076 non
2747 2018 2899 2075 sunt
2958 2007 3085 2074 sibi
3149 2005 3559 2095 computandi
3623 2006 3707 2071 ad

875 2102 1174 2187 gradum.

1485 2230 1544 2290 7.
1587 2241 1684 2290 ΒΕ
1727 2241 2021 2292 s‘rANclA
2060 2242 2693 2293 Pnomovmmontm
2732 2243 2807 2291 m
2850 2240 3107 2292 BUBsIS.

799 2357 859 2414 15
2084 2363 2204 2426 Vgl.
2241 2362 2391 2429 XIII,
2429 2362 2511 2414 22.

1038 2470 1266 2537 Nullus
1318 2473 1695 2540 admittatur
1738 2475 1824 2540 ad
1871 2485 2268 2563 temptamen
2308 2476 2413 2542 vel
2474 2497 2749 2541 examen
2801 2497 2923 2562 pro
2974 2472 3188 2560 gradu
3239 2472 3591 2558 magisterii
3646 2471 3711 2535 in

876 2569 1143 2654 artibus,
1198 2574 1325 2637 nisi
1367 2575 1436 2638 in
1479 2573 1770 2660 collegiis⁴
1812 2584 1923 2639 aut
1973 2574 2192 2641 bursis
2234 2598 2274 2640 a
2316 2573 2623 2641 facultate
2681 2572 3062 2661 approbatis
3122 2574 3424 2638 continue
3475 2573 3711 2635 steterit

878 2668 1098 2756 ibique
1140 2672 1210 2735 in
1254 2672 1606 2737 scolasticis
1651 2674 1905 2739 actibus
1948 2674 2368 2758 latinizando,
2413 2672 2768 2761 arguendo,
2813 2671 3208 2760 disputando
3244 2680 3309 2735 et
3340 2669 3710 2757 opponendo

876 2766 1260 2856 diligencius
1300 2772 1366 2835 in
1408 2771 1633 2836 ordine
1677 2797 1791 2839 suo
1836 2775 1938 2838 se¹
1980 2775 2437 2839 exercitaverit
2476 2784 2816 2861 ceteraque
2856 2770 3111 2859 collegii
3154 2779 3267 2836 aut
3302 2767 3543 2835 bursae
3576 2769 3712 2834 iura

795 2874 863 2931 20
880 2878 951 2932 ut
992 2891 1185 2934 verus
1229 2870 1578 2958 inquilinus
1621 2894 1739 2958 per
1788 2896 1856 2937 se
1904 2875 2213 2956 tenuerit3
2267 2873 2397 2938 nisi
2437 2871 2609 2938 filius
2652 2872 2935 2939 civitatis
2977 2871 3172 2936 fuerit
3210 2867 3317 2935 vel
3361 2867 3523 2935 alias
3563 2868 3712 2934 adeo

878 2965 1266 3034 habundans
1302 2969 1406 3034 vel
1449 2971 1775 3055 notabilis,
1818 2972 1992 3060 quod
2035 2971 2292 3039 domum
2333 2974 2670 3060 propriam
2711 2980 2931 3037 tenere
2973 2981 3036 3037 et
3073 2993 3396 3058 expensas
3427 2969 3709 3057 proprias

877 3089 1009 3131 una
1067 3089 1212 3131 cum
1269 3071 1582 3155 magistro
1641 3070 1743 3135 vel
1802 3071 2220 3136 informatore
2274 3072 2548 3158 poterit²
2610 3071 2851 3137 habere
2907 3071 3142 3156 gratis,
3203 3068 3283 3133 de
3349 3091 3476 3156 quo
3532 3067 3710 3133 fidem

876 3165 1176 3232 facultati
1230 3167 1348 3233 sub
1409 3192 1524 3235 suo
1581 3169 1941 3236 iuramento
1996 3193 2116 3257 per
2174 3170 2336 3236 duos
2389 3171 2566 3236 viros
2618 3170 2931 3259 ydoneos,
2988 3168 3221 3259 quibus
3276 3168 3401 3235 hoc
3459 3177 3709 3249 constat,

882 3268 1019 3331 sive
1060 3290 1179 3354 per
1221 3267 1353 3333 alia
1393 3269 1712 3355 legittima
1752 3269 2138 3336 documenta
2178 3271 2394 3336 facere
2432 3279 2747 3336 teneatur.

794 3440 859 3497 25
924 3439 984 3501 8.
1028 3450 1121 3496 DE
1163 3451 1797 3502 RECOGNITIONIBUS
1837 3453 2057 3502 SUPER
2101 3453 2417 3519 STANTIA,
2473 3452 3063 3502 RESPONSIONIBUS
3105 3453 3197 3501 ΕΤ
3242 3452 3425 3501 ALIIS
3468 3451 3710 3499 HABER-

1359 3552 1473 3599 DIS
1518 3552 1986 3612 TEMPOREQUE
2031 3551 2601 3600 DISPENSATIONIS
2647 3551 3243 3601 PRAESENTANDIS.

2106 3670 2227 3734 Vgl.
2266 3670 2418 3735 x111,
2451 3672 2499 3722 9.

1045 3782 1277 3849 Nullus
1320 3782 1574 3849 admitti
1618 3783 1810 3850 debet
1863 3784 1948 3849 ad
2001 3793 2400 3870 temptamen
2442 3783 2545 3849 vel
2601 3806 2876 3849 examen
2931 3807 3051 3870 pro
3108 3780 3322 3870 gradu
3372 3782 3715 3868 magisterii

877 3888 946 3951 in
988 3883 1256 3965 artibus,
1312 3884 1440 3947 nisi
1482 3894 1771 3970 tempore
1815 3883 2328 3970 dispensacionis
2381 3884 2451 3948 in
2495 3882 2759 3949 scedula
2812 3906 3074 3950 suorum
3127 3894 3392 3949 actuum
3445 3883 3713 3969 recogni-

795 3987 1130 4051 30cionem
1175 3983 1276 4047 sui
1320 3983 1728 4048 conventoris
1747 3987 1791 4065 ³,
1849 4005 1995 4047 cum
2039 4006 2164 4070 quo
2206 3982 2310 4047 vel
2363 3982 2595 4070 quibus
2641 3984 2892 4048 steterit
2941 3991 3005 4048 et
3045 3984 3190 4049 iura
3234 3981 3530 4049 bursalia
3569 3984 3716 4047 fece-

877 4085 982 4166 rit,
1039 4092 1198 4170 puta
1254 4081 1668 4169 disputandO,
1730 4080 2085 4168 arguendO,
2146 4079 2623 4169 respondendo,
2686 4083 3036 4148 serotinam
3080 4080 3597 4168 disputacionem
3633 4082 3710 4145 in·

879 4181 1264 4271 grediendO,
1343 4180 1768 4247 latinitatemx
1809 4181 2163 4264 servando,
2240 4183 2689 4268 consignatam
2757 4181 3083 4246 exhibeat.
3172 4179 3388 4260 Quam
3467 4183 3528 4246 si
3603 4202 3713 4245 non

881 4281 1246 4346 exhibuerit
1290 4282 1509 4367 sicque
1551 4279 1991 4345 verisimiliter
2044 4291 2271 4346 contra
2325 4304 2471 4345 eum
2527 4282 2854 4368 praesumi
2910 4280 3177 4367 poterit,
3231 4279 3403 4367 quod
3454 4282 3524 4345 in
3576 4280 3713 4345 locis

881 4378 984 4468 [24
1001 4380 1052 4467 b]
1101 4380 1485 4467 approbatis
1529 4380 1828 4445 continue
1871 4401 1998 4444 non
2044 4381 2293 4444 steterit
2344 4401 2466 4444 nec
2522 4382 2666 4444 iura
2719 4378 3012 4445 bursalia
3064 4381 3135 4445 in
3193 4378 3439 4445 eisdem
3493 4379 3712 4459 fecerit,

796 4490 864 4547 35
886 4480 971 4545 ad
1028 4489 1424 4567 temptamen
1464 4476 1570 4543 vel
1621 4500 1895 4543 examen
1949 4481 2077 4542 ista
2123 4480 2265 4542 vice
2304 4500 2435 4543 non
2478 4478 2876 4557 admittatur.
2958 4480 3036 4544 In
3079 4478 3431 4566 eademque
3474 4475 3714 4544 scedula

881 4580 1195 4646 contineri
1254 4577 1491 4644 debent
1549 4580 2012 4665 magistrorum
2065 4579 2345 4660 nomina,
2403 4579 2639 4665 quibus
2693 4590 2829 4644 tam
2881 4578 3210 4645 ordinarie
3266 4601 3463 4668 quam
3523 4588 3713 4644 extra·

883 4679 1210 4746 ordinarie
1250 4677 1690 4766 respondebit,
1736 4676 1856 4744 sub
1898 4700 2111 4765 poena
2150 4677 2618 4765 impedicionis.

1056 4884 1079 4935 1
1116 4896 1175 4935 oe
1210 4877 1366 4933 fehlt.

1048 4966 1079 5018 2
1113 4961 1398 5017 Hieruach
1447 4961 1571 5016 sind
1617 4959 1866 5015 mehrere
1896 4959 2095 5015 Worte
2143 4959 2503 5031 ausgefallen‚
2555 4958 2657 5014 wie
2704 4957 2803 5012 der
2834 4957 3133 5030 Vergleich
3176 4958 3282 5013 mit
3324 4957 3435 5014 den
3479 4953 3714 5012 Parallel·

886 5046 1086 5103 stellen
1120 5046 1369 5116 beweist,
1409 5044 1674 5100 namlich:
1724 5045 1813 5099 vel
1845 5052 2178 5116 paupertate
2220 5052 2484 5114 qrwatw
2515 5044 2803 5098 serviendo
2836 5043 3015 5098 aliani
3050 5043 3316 5113 mayiem
3347 5043 3439 5096 vol
3479 5042 3619 5097 alibi
3641 5054 3711 5094 a·

877 5149 1081 5204 pomae
1114 5132 1177 5185 in
1211 5138 1325 5186 toto
1360 5131 1448 5186 vel
1472 5148 1587 5202 pro
1621 5131 1905 5184 medietate
1927 5131 2141 5200 poterit
2171 5129 2368 5183 habere
2398 5129 2590 5199 gratis.
2663 5128 2784 5184 Das
2816 5127 2981 5197 Auge
3015 5127 3113 5182 des
3146 5125 3474 5183 Schreibers
3508 5128 3632 5181 irrte
3657 5121 3714 5176 ab

883 5234 992 5271 von
1019 5216 1231 5286 poterit
1261 5232 1332 5268 zu
1359 5216 1582 5285 poterit.

1049 5306 1080 5356 3
1114 5297 1192 5353 Es
1223 5297 1365 5353 fehlt
1396 5297 1483 5354 vel
1511 5305 1905 5353 conventorum.
1964 5295 2092 5368 Vgl.
2131 5295 2275 5353 oben
2312 5294 2367 5354 S.
2404 5301 2487 5366 21,
2524 5301 2587 5353 18
2620 5312 2676 5353 ιι.
2708 5312 2783 5350 zu
2813 5297 2929 5364 466,
2968 5298 3045 5350 15.
