<?xml version="1.0" encoding="UTF-8"?>
<!DOCTYPE html PUBLIC "-//W3C//DTD XHTML 1.0 Transitional//EN"
    "http://www.w3.org/TR/xhtml1/DTD/xhtml1-transitional.dtd">
<html xmlns="http://www.w3.org/1999/xhtml" xml:lang="en" lang="en">
 <head>
  <title>
</title>
<meta http-equiv="Content-Type" content="text/html;charset=utf-8" />
  <meta name='ocr-system' content='tesseract 3.04.00' />
  <meta name='ocr-capabilities' content='ocr_page ocr_carea ocr_par ocr_line ocrx_word'/>
</head>
<body>
  <div class='ocr_page' id='page_1' title='image "./diestatutenbche02leipgoog_0386.png"; bbox 0 0 4038 6358; ppageno 0'>
   <div class='ocr_carea' id='block_1_1' title="bbox 823 656 2686 725">
    <p class='ocr_par' dir='ltr' id='par_1_1' title="bbox 823 656 2686 725">
     <span class='ocr_line' id='line_1_1' title="bbox 823 656 2686 725; baseline -0.004 -4"><span class='ocrx_word' id='word_1_1' title='bbox 823 656 945 722; x_wconf 81' lang='lat'><strong>370</strong></span> <span class='ocrx_word' id='word_1_2' title='bbox 1805 659 1909 711; x_wconf 80' lang='lat' dir='ltr'><strong>Die</strong></span> <span class='ocrx_word' id='word_1_3' title='bbox 1945 659 2392 725; x_wconf 67' lang='lat' dir='ltr'><strong>philo-ephisena</strong></span> <span class='ocrx_word' id='word_1_4' title='bbox 2430 661 2686 714; x_wconf 63' lang='lat' dir='ltr'><strong>Facultat.</strong></span> 
     </span>
    </p>
   </div>
   <div class='ocr_carea' id='block_1_2' title="bbox 818 836 3689 1032">
    <p class='ocr_par' dir='ltr' id='par_1_2' title="bbox 818 836 3689 1032">
     <span class='ocr_line' id='line_1_2' title="bbox 818 836 3689 932; baseline 0.001 -27"><span class='ocrx_word' id='word_1_5' title='bbox 818 843 878 905; x_wconf 85' lang='grc'><strong>4.</strong></span> <span class='ocrx_word' id='word_1_6' title='bbox 918 836 1210 904; x_wconf 87' lang='lat' dir='ltr'><strong>Litera</strong></span> <span class='ocrx_word' id='word_1_7' title='bbox 1264 840 1821 909; x_wconf 86' lang='lat' dir='ltr'><strong>excusatoria</strong></span> <span class='ocrx_word' id='word_1_8' title='bbox 1873 843 2446 930; x_wconf 87' lang='lat' dir='ltr'><strong>magistrorum</strong></span> <span class='ocrx_word' id='word_1_9' title='bbox 2504 843 3100 932; x_wconf 76' lang='lat' dir='ltr'><strong>deputatorum</strong></span> <span class='ocrx_word' id='word_1_10' title='bbox 3140 840 3241 910; x_wconf 90' lang='lat' dir='ltr'><strong>ad</strong></span> <span class='ocrx_word' id='word_1_11' title='bbox 3281 840 3689 910; x_wconf 83' lang='lat' dir='ltr'><strong>dominum</strong></span> 
     </span>
     <span class='ocr_line' id='line_1_3' title="bbox 1960 962 2453 1032; baseline 0.004 -25"><span class='ocrx_word' id='word_1_12' title='bbox 1960 962 2453 1032; x_wconf 75' lang='lat' dir='ltr'><strong>episcopum.</strong></span> 
     </span>
    </p>
   </div>
   <div class='ocr_carea' id='block_1_3' title="bbox 716 1103 3685 5084">
    <p class='ocr_par' dir='ltr' id='par_1_3' title="bbox 737 1103 3682 1496">
     <span class='ocr_line' id='line_1_4' title="bbox 987 1103 3682 1199; baseline 0.001 -29"><span class='ocrx_word' id='word_1_13' title='bbox 987 1103 1375 1173; x_wconf 86' lang='lat' dir='ltr'><strong>Reverendo</strong></span> <span class='ocrx_word' id='word_1_14' title='bbox 1416 1108 1486 1174; x_wconf 92' lang='lat' dir='ltr'><strong>in</strong></span> <span class='ocrx_word' id='word_1_15' title='bbox 1514 1107 1773 1175; x_wconf 83' lang='lat' dir='ltr'><strong>Christo</strong></span> <span class='ocrx_word' id='word_1_16' title='bbox 1802 1108 1980 1199; x_wconf 86' lang='lat' dir='ltr'><strong>patri</strong></span> <span class='ocrx_word' id='word_1_17' title='bbox 2021 1132 2100 1176; x_wconf 92' lang='lat' dir='ltr'><strong>ac</strong></span> <span class='ocrx_word' id='word_1_18' title='bbox 2143 1107 2423 1194; x_wconf 89' lang='lat' dir='ltr'><strong>domino,</strong></span> <span class='ocrx_word' id='word_1_19' title='bbox 2468 1111 2731 1179; x_wconf 89' lang='lat' dir='ltr'><strong>domino</strong></span> <span class='ocrx_word' id='word_1_20' title='bbox 2759 1109 3056 1193; x_wconf 80' lang='lat' dir='ltr'><strong>Iohanni,</strong></span> <span class='ocrx_word' id='word_1_21' title='bbox 3099 1109 3411 1197; x_wconf 88' lang='lat' dir='ltr'><strong>episcopo</strong></span> <span class='ocrx_word' id='word_1_22' title='bbox 3436 1107 3682 1173; x_wconf 79' lang='lat' dir='ltr'><strong>Merze-</strong></span> 
     </span>
     <span class='ocr_line' id='line_1_5' title="bbox 823 1202 3681 1298; baseline 0.002 -30"><span class='ocrx_word' id='word_1_23' title='bbox 823 1202 1165 1292; x_wconf 85' lang='lat' dir='ltr'><strong>burgensi,</strong></span> <span class='ocrx_word' id='word_1_24' title='bbox 1224 1205 1435 1274; x_wconf 90' lang='lat' dir='ltr'><strong>almae</strong></span> <span class='ocrx_word' id='word_1_25' title='bbox 1488 1208 1929 1276; x_wconf 86' lang='lat' dir='ltr'><strong>universitatis</strong></span> <span class='ocrx_word' id='word_1_26' title='bbox 1987 1209 2185 1275; x_wconf 90' lang='lat' dir='ltr'><strong>studii</strong></span> <span class='ocrx_word' id='word_1_27' title='bbox 2239 1210 2611 1298; x_wconf 84' lang='lat' dir='ltr'><strong>Liptzensis</strong></span> <span class='ocrx_word' id='word_1_28' title='bbox 2673 1208 3062 1276; x_wconf 88' lang='lat' dir='ltr'><strong>cancellario</strong></span> <span class='ocrx_word' id='word_1_29' title='bbox 3116 1208 3310 1274; x_wconf 91' lang='lat' dir='ltr'><strong>unico</strong></span> <span class='ocrx_word' id='word_1_30' title='bbox 3334 1257 3353 1291; x_wconf 91' lang='lat'><strong>,</strong></span> <span class='ocrx_word' id='word_1_31' title='bbox 3424 1207 3681 1276; x_wconf 91' lang='lat' dir='ltr'><strong>domino</strong></span> 
     </span>
     <span class='ocr_line' id='line_1_6' title="bbox 737 1306 3679 1398; baseline 0.001 -30"><span class='ocrx_word' id='word_1_32' title='bbox 737 1311 770 1368; x_wconf 90' lang='lat'><strong>5</strong></span> <span class='ocrx_word' id='word_1_33' title='bbox 821 1314 1044 1371; x_wconf 89' lang='lat' dir='ltr'><strong>nostro</strong></span> <span class='ocrx_word' id='word_1_34' title='bbox 1070 1307 1371 1390; x_wconf 89' lang='lat' dir='ltr'><strong>gracioso</strong></span> <span class='ocrx_word' id='word_1_35' title='bbox 1383 1355 1403 1390; x_wconf 98' lang='lat'><strong>,</strong></span> <span class='ocrx_word' id='word_1_36' title='bbox 1453 1310 1895 1374; x_wconf 80' lang='lat' dir='ltr'><strong>reverenciam</strong></span> <span class='ocrx_word' id='word_1_37' title='bbox 1923 1318 1986 1374; x_wconf 91' lang='lat' dir='ltr'><strong>et</strong></span> <span class='ocrx_word' id='word_1_38' title='bbox 2008 1308 2456 1375; x_wconf 82' lang='lat' dir='ltr'><strong>obedienciam</strong></span> <span class='ocrx_word' id='word_1_39' title='bbox 2481 1311 2934 1398; x_wconf 88' lang='lat' dir='ltr'><strong>orationesque</strong></span> <span class='ocrx_word' id='word_1_40' title='bbox 2962 1306 3253 1373; x_wconf 90' lang='lat' dir='ltr'><strong>devotas.</strong></span> <span class='ocrx_word' id='word_1_41' title='bbox 3299 1306 3679 1374; x_wconf 86' lang='lat' dir='ltr'><strong>Reverende</strong></span> 
     </span>
     <span class='ocr_line' id='line_1_7' title="bbox 822 1403 3678 1496; baseline 0.001 -28"><span class='ocrx_word' id='word_1_42' title='bbox 822 1414 1010 1491; x_wconf 90' lang='lat' dir='ltr'><strong>pater</strong></span> <span class='ocrx_word' id='word_1_43' title='bbox 1054 1425 1134 1468; x_wconf 90' lang='lat' dir='ltr'><strong>ac</strong></span> <span class='ocrx_word' id='word_1_44' title='bbox 1174 1403 1428 1472; x_wconf 89' lang='lat' dir='ltr'><strong>domine</strong></span> <span class='ocrx_word' id='word_1_45' title='bbox 1469 1408 1795 1492; x_wconf 71' lang='lat' dir='ltr'><strong>graciose!</strong></span> <span class='ocrx_word' id='word_1_46' title='bbox 1851 1407 2016 1475; x_wconf 77' lang='lat' dir='ltr'><strong>Cum</strong></span> <span class='ocrx_word' id='word_1_47' title='bbox 2056 1408 2313 1496; x_wconf 87' lang='lat' dir='ltr'><strong>pridem</strong></span> <span class='ocrx_word' id='word_1_48' title='bbox 2355 1408 2443 1475; x_wconf 93' lang='lat' dir='ltr'><strong>ad</strong></span> <span class='ocrx_word' id='word_1_49' title='bbox 2482 1417 2770 1475; x_wconf 86' lang='lat' dir='ltr'><strong>vestram</strong></span> <span class='ocrx_word' id='word_1_50' title='bbox 2808 1407 3266 1496; x_wconf 82' lang='lat' dir='ltr'><strong>paternitatem</strong></span> <span class='ocrx_word' id='word_1_51' title='bbox 3311 1406 3678 1494; x_wconf 87' lang='lat' dir='ltr'><strong>graciosam</strong></span> 
     </span>
    </p>

    <p class='ocr_par' dir='ltr' id='par_1_4' title="bbox 716 1501 3685 5084">
     <span class='ocr_line' id='line_1_8' title="bbox 716 1501 3677 1592; baseline 0.001 -24"><span class='ocrx_word' id='word_1_52' title='bbox 716 1516 722 1521; x_wconf 85' lang='grc'><strong>’</strong></span> <span class='ocrx_word' id='word_1_53' title='bbox 830 1501 1245 1570; x_wconf 84' lang='lat' dir='ltr'><strong>honorabiles</strong></span> <span class='ocrx_word' id='word_1_54' title='bbox 1287 1512 1352 1570; x_wconf 93' lang='lat' dir='ltr'><strong>et</strong></span> <span class='ocrx_word' id='word_1_55' title='bbox 1394 1507 1897 1592; x_wconf 90' lang='lat' dir='ltr'><strong>circumspectos</strong></span> <span class='ocrx_word' id='word_1_56' title='bbox 1954 1508 2168 1592; x_wconf 89' lang='lat' dir='ltr'><strong>viros&#39;,</strong></span> <span class='ocrx_word' id='word_1_57' title='bbox 2221 1507 2517 1574; x_wconf 90' lang='lat' dir='ltr'><strong>dominos</strong></span> <span class='ocrx_word' id='word_1_58' title='bbox 2560 1507 2929 1574; x_wconf 86' lang='lat' dir='ltr'><strong>Stenslaum</strong></span> <span class='ocrx_word' id='word_1_59' title='bbox 2970 1505 3053 1572; x_wconf 91' lang='lat' dir='ltr'><strong>de</strong></span> <span class='ocrx_word' id='word_1_60' title='bbox 3092 1504 3292 1572; x_wconf 88' lang='lat' dir='ltr'><strong>Auris</strong></span> <span class='ocrx_word' id='word_1_61' title='bbox 3329 1516 3400 1572; x_wconf 86' lang='lat' dir='ltr'><strong>et</strong></span> <span class='ocrx_word' id='word_1_62' title='bbox 3447 1504 3677 1571; x_wconf 89' lang='lat' dir='ltr'><strong>Iohan-</strong></span> 
     </span>
     <span class='ocr_line' id='line_1_9' title="bbox 819 1602 3676 1694; baseline 0.002 -29"><span class='ocrx_word' id='word_1_63' title='bbox 819 1623 970 1666; x_wconf 88' lang='lat' dir='ltr'><strong>nem</strong></span> <span class='ocrx_word' id='word_1_64' title='bbox 1026 1602 1278 1691; x_wconf 84' lang='lat' dir='ltr'><strong>Wysen</strong></span> <span class='ocrx_word' id='word_1_65' title='bbox 1293 1653 1313 1688; x_wconf 98' lang='lat'><strong>,</strong></span> <span class='ocrx_word' id='word_1_66' title='bbox 1370 1604 1748 1692; x_wconf 81' lang='lat' dir='ltr'><strong>praedictae</strong></span> <span class='ocrx_word' id='word_1_67' title='bbox 1800 1616 2063 1673; x_wconf 85' lang='lat' dir='ltr'><strong>nostrae</strong></span> <span class='ocrx_word' id='word_1_68' title='bbox 2110 1606 2439 1674; x_wconf 78' lang='lat' dir='ltr'><strong>facultatis</strong></span> <span class='ocrx_word' id='word_1_69' title='bbox 2497 1608 2846 1694; x_wconf 90' lang='lat' dir='ltr'><strong>magistros</strong></span> <span class='ocrx_word' id='word_1_70' title='bbox 2905 1626 3258 1694; x_wconf 88' lang='lat' dir='ltr'><strong>sacraeque</strong></span> <span class='ocrx_word' id='word_1_71' title='bbox 3315 1604 3676 1692; x_wconf 85' lang='lat' dir='ltr'><strong>theologiae</strong></span> 
     </span>
     <span class='ocr_line' id='line_1_10' title="bbox 820 1699 3680 1793; baseline 0.001 -26"><span class='ocrx_word' id='word_1_72' title='bbox 820 1699 1250 1787; x_wconf 89' lang='lat' dir='ltr'><strong>baccalarios,</strong></span> <span class='ocrx_word' id='word_1_73' title='bbox 1294 1726 1438 1770; x_wconf 91' lang='lat' dir='ltr'><strong>cum</strong></span> <span class='ocrx_word' id='word_1_74' title='bbox 1482 1704 1671 1792; x_wconf 89' lang='lat' dir='ltr'><strong>pleno</strong></span> <span class='ocrx_word' id='word_1_75' title='bbox 1714 1706 2023 1772; x_wconf 89' lang='lat' dir='ltr'><strong>mandato</strong></span> <span class='ocrx_word' id='word_1_76' title='bbox 2048 1708 2601 1773; x_wconf 79' lang='lat' dir='ltr'><strong>transmiserimus</strong></span> <span class='ocrx_word' id='word_1_77' title='bbox 2643 1706 2713 1772; x_wconf 90' lang='lat' dir='ltr'><strong>in</strong></span> <span class='ocrx_word' id='word_1_78' title='bbox 2752 1708 2946 1772; x_wconf 89' lang='lat' dir='ltr'><strong>certis</strong></span> <span class='ocrx_word' id='word_1_79' title='bbox 2987 1705 3297 1793; x_wconf 78' lang='lat' dir='ltr'><strong>negociis,</strong></span> <span class='ocrx_word' id='word_1_80' title='bbox 3338 1704 3582 1772; x_wconf 89' lang='lat' dir='ltr'><strong>bonum</strong></span> <span class='ocrx_word' id='word_1_81' title='bbox 3618 1714 3680 1769; x_wconf 86' lang='lat' dir='ltr'><strong>et</strong></span> 
     </span>
     <span class='ocr_line' id='line_1_11' title="bbox 742 1799 3678 1895; baseline 0.002 -32"><span class='ocrx_word' id='word_1_82' title='bbox 742 1809 807 1865; x_wconf 86' lang='lat'><strong>10</strong></span> <span class='ocrx_word' id='word_1_83' title='bbox 824 1799 1137 1868; x_wconf 90' lang='lat' dir='ltr'><strong>honorem</strong></span> <span class='ocrx_word' id='word_1_84' title='bbox 1164 1812 1425 1870; x_wconf 89' lang='lat' dir='ltr'><strong>nostrae</strong></span> <span class='ocrx_word' id='word_1_85' title='bbox 1462 1804 1792 1871; x_wconf 81' lang='lat' dir='ltr'><strong>facultatis</strong></span> <span class='ocrx_word' id='word_1_86' title='bbox 1817 1806 2376 1891; x_wconf 81' lang='lat' dir='ltr'><strong>concernentibus,</strong></span> <span class='ocrx_word' id='word_1_87' title='bbox 2420 1805 2507 1873; x_wconf 90' lang='lat' dir='ltr'><strong>ad</strong></span> <span class='ocrx_word' id='word_1_88' title='bbox 2545 1806 3026 1895; x_wconf 86' lang='lat' dir='ltr'><strong>impetrandum</strong></span> <span class='ocrx_word' id='word_1_89' title='bbox 3069 1805 3153 1872; x_wconf 87' lang='lat' dir='ltr'><strong>ab</strong></span> <span class='ocrx_word' id='word_1_90' title='bbox 3199 1804 3429 1871; x_wconf 89' lang='lat' dir='ltr'><strong>eadem</strong></span> <span class='ocrx_word' id='word_1_91' title='bbox 3469 1812 3678 1893; x_wconf 89' lang='lat' dir='ltr'><strong>pater·</strong></span> 
     </span>
     <span class='ocr_line' id='line_1_12' title="bbox 819 1901 3677 1993; baseline 0.001 -27"><span class='ocrx_word' id='word_1_92' title='bbox 819 1901 1023 1968; x_wconf 86' lang='lat' dir='ltr'><strong>nitate</strong></span> <span class='ocrx_word' id='word_1_93' title='bbox 1060 1913 1285 1968; x_wconf 86' lang='lat' dir='ltr'><strong>vestra</strong></span> <span class='ocrx_word' id='word_1_94' title='bbox 1324 1904 1629 1990; x_wconf 87' lang='lat' dir='ltr'><strong>graciosa</strong></span> <span class='ocrx_word' id='word_1_95' title='bbox 1667 1915 1804 1970; x_wconf 92' lang='lat' dir='ltr'><strong>tam</strong></span> <span class='ocrx_word' id='word_1_96' title='bbox 1836 1912 2131 1993; x_wconf 89' lang='lat' dir='ltr'><strong>optatum</strong></span> <span class='ocrx_word' id='word_1_97' title='bbox 2159 1928 2355 1993; x_wconf 87' lang='lat' dir='ltr'><strong>quam</strong></span> <span class='ocrx_word' id='word_1_98' title='bbox 2382 1907 2755 1993; x_wconf 88' lang='lat' dir='ltr'><strong>graciosum</strong></span> <span class='ocrx_word' id='word_1_99' title='bbox 2777 1927 3165 1992; x_wconf 90' lang='lat' dir='ltr'><strong>responsum</strong></span> <span class='ocrx_word' id='word_1_100' title='bbox 3186 1904 3380 1970; x_wconf 89' lang='lat' dir='ltr'><strong>nobis</strong></span> <span class='ocrx_word' id='word_1_101' title='bbox 3403 1904 3677 1969; x_wconf 89' lang='lat' dir='ltr'><strong>referen-</strong></span> 
     </span>
     <span class='ocr_line' id='line_1_13' title="bbox 823 1999 3678 2093; baseline 0.001 -29"><span class='ocrx_word' id='word_1_102' title='bbox 823 1999 1009 2084; x_wconf 92' lang='lat' dir='ltr'><strong>dum,</strong></span> <span class='ocrx_word' id='word_1_103' title='bbox 1053 2004 1530 2089; x_wconf 86' lang='lat' dir='ltr'><strong>praenominati</strong></span> <span class='ocrx_word' id='word_1_104' title='bbox 1566 2026 1725 2071; x_wconf 89' lang='lat' dir='ltr'><strong>vero</strong></span> <span class='ocrx_word' id='word_1_105' title='bbox 1764 2005 2066 2093; x_wconf 87' lang='lat' dir='ltr'><strong>magistri</strong></span> <span class='ocrx_word' id='word_1_106' title='bbox 2106 2004 2449 2073; x_wconf 88' lang='lat' dir='ltr'><strong>redeuntes</strong></span> <span class='ocrx_word' id='word_1_107' title='bbox 2505 2005 2894 2089; x_wconf 89' lang='lat' dir='ltr'><strong>retulerunt,</strong></span> <span class='ocrx_word' id='word_1_108' title='bbox 2947 2014 3264 2091; x_wconf 89' lang='lat' dir='ltr'><strong>quatenus</strong></span> <span class='ocrx_word' id='word_1_109' title='bbox 3320 2004 3678 2091; x_wconf 88' lang='lat' dir='ltr'><strong>paternitas</strong></span> 
     </span>
     <span class='ocr_line' id='line_1_14' title="bbox 826 2101 3678 2196; baseline 0.001 -31"><span class='ocrx_word' id='word_1_110' title='bbox 826 2109 1045 2167; x_wconf 87' lang='lat' dir='ltr'><strong>vestra</strong></span> <span class='ocrx_word' id='word_1_111' title='bbox 1085 2104 1389 2188; x_wconf 82' lang='lat' dir='ltr'><strong>graciosa</strong></span> <span class='ocrx_word' id='word_1_112' title='bbox 1430 2103 1515 2171; x_wconf 92' lang='lat' dir='ltr'><strong>ob</strong></span> <span class='ocrx_word' id='word_1_113' title='bbox 1571 2113 1941 2193; x_wconf 89' lang='lat' dir='ltr'><strong>porrectam</strong></span> <span class='ocrx_word' id='word_1_114' title='bbox 1997 2103 2304 2172; x_wconf 89' lang='lat' dir='ltr'><strong>humilem</strong></span> <span class='ocrx_word' id='word_1_115' title='bbox 2348 2104 2903 2196; x_wconf 87' lang='lat' dir='ltr'><strong>supplicacionem</strong></span> <span class='ocrx_word' id='word_1_116' title='bbox 2961 2126 3082 2192; x_wconf 90' lang='lat' dir='ltr'><strong>pro</strong></span> <span class='ocrx_word' id='word_1_117' title='bbox 3125 2112 3314 2191; x_wconf 88' lang='lat' dir='ltr'><strong>parte</strong></span> <span class='ocrx_word' id='word_1_118' title='bbox 3360 2101 3678 2170; x_wconf 79' lang='lat' dir='ltr'><strong>facultatis</strong></span> 
     </span>
     <span class='ocr_line' id='line_1_15' title="bbox 822 2198 3677 2293; baseline 0.001 -28"><span class='ocrx_word' id='word_1_119' title='bbox 822 2199 895 2265; x_wconf 88' lang='lat' dir='ltr'><strong>in</strong></span> <span class='ocrx_word' id='word_1_120' title='bbox 936 2198 1188 2268; x_wconf 88' lang='lat' dir='ltr'><strong>duobus</strong></span> <span class='ocrx_word' id='word_1_121' title='bbox 1216 2201 1461 2269; x_wconf 88' lang='lat' dir='ltr'><strong>ultimis</strong></span> <span class='ocrx_word' id='word_1_122' title='bbox 1489 2206 1768 2288; x_wconf 88' lang='lat' dir='ltr'><strong>statutis,</strong></span> <span class='ocrx_word' id='word_1_123' title='bbox 1809 2205 1878 2270; x_wconf 92' lang='lat' dir='ltr'><strong>in</strong></span> <span class='ocrx_word' id='word_1_124' title='bbox 1920 2203 2203 2293; x_wconf 89' lang='lat' dir='ltr'><strong>quadam</strong></span> <span class='ocrx_word' id='word_1_125' title='bbox 2243 2203 2472 2271; x_wconf 90' lang='lat' dir='ltr'><strong>cedula</strong></span> <span class='ocrx_word' id='word_1_126' title='bbox 2495 2203 2914 2273; x_wconf 89' lang='lat' dir='ltr'><strong>articulorum</strong></span> <span class='ocrx_word' id='word_1_127' title='bbox 2947 2212 3269 2270; x_wconf 90' lang='lat' dir='ltr'><strong>certorum</strong></span> <span class='ocrx_word' id='word_1_128' title='bbox 3300 2211 3677 2269; x_wconf 88' lang='lat' dir='ltr'><strong>statutorum</strong></span> 
     </span>
     <span class='ocr_line' id='line_1_16' title="bbox 745 2299 3678 2393; baseline 0.001 -29"><span class='ocrx_word' id='word_1_129' title='bbox 745 2307 806 2364; x_wconf 83' lang='lat'><strong>15</strong></span> <span class='ocrx_word' id='word_1_130' title='bbox 823 2301 1159 2385; x_wconf 87' lang='lat' dir='ltr'><strong>contentis,</strong></span> <span class='ocrx_word' id='word_1_131' title='bbox 1200 2324 1322 2390; x_wconf 92' lang='lat' dir='ltr'><strong>pro</strong></span> <span class='ocrx_word' id='word_1_132' title='bbox 1345 2306 1677 2391; x_wconf 86' lang='lat' dir='ltr'><strong>praesenti</strong></span> <span class='ocrx_word' id='word_1_133' title='bbox 1712 2304 2055 2371; x_wconf 83' lang='lat' dir='ltr'><strong>dumtaxat</strong></span> <span class='ocrx_word' id='word_1_134' title='bbox 2098 2303 2675 2373; x_wconf 86' lang='lat' dir='ltr'><strong>condescendendo</strong></span> <span class='ocrx_word' id='word_1_135' title='bbox 2720 2303 3135 2393; x_wconf 87' lang='lat' dir='ltr'><strong>dispensaret</strong></span> <span class='ocrx_word' id='word_1_136' title='bbox 3172 2299 3368 2368; x_wconf 91' lang='lat' dir='ltr'><strong>modo</strong></span> <span class='ocrx_word' id='word_1_137' title='bbox 3413 2302 3678 2389; x_wconf 86' lang='lat' dir='ltr'><strong>pristino</strong></span> 
     </span>
     <span class='ocr_line' id='line_1_17' title="bbox 820 2397 3680 2493; baseline -0.001 -27"><span class='ocrx_word' id='word_1_138' title='bbox 820 2397 1200 2467; x_wconf 89' lang='lat' dir='ltr'><strong>tollerandis</strong></span> <span class='ocrx_word' id='word_1_139' title='bbox 1217 2451 1236 2485; x_wconf 91' lang='lat'><strong>,</strong></span> <span class='ocrx_word' id='word_1_140' title='bbox 1293 2404 1388 2468; x_wconf 89' lang='lat' dir='ltr'><strong>sic</strong></span> <span class='ocrx_word' id='word_1_141' title='bbox 1430 2413 1650 2469; x_wconf 89' lang='lat' dir='ltr'><strong>tamen</strong></span> <span class='ocrx_word' id='word_1_142' title='bbox 1692 2402 1867 2492; x_wconf 91' lang='lat' dir='ltr'><strong>quod</strong></span> <span class='ocrx_word' id='word_1_143' title='bbox 1909 2426 1993 2469; x_wconf 86' lang='lat' dir='ltr'><strong>ex</strong></span> <span class='ocrx_word' id='word_1_144' title='bbox 2036 2413 2187 2492; x_wconf 91' lang='lat' dir='ltr'><strong>post</strong></span> <span class='ocrx_word' id='word_1_145' title='bbox 2227 2427 2346 2493; x_wconf 88' lang='lat' dir='ltr'><strong>per</strong></span> <span class='ocrx_word' id='word_1_146' title='bbox 2387 2403 2760 2470; x_wconf 86' lang='lat' dir='ltr'><strong>facultatem</strong></span> <span class='ocrx_word' id='word_1_147' title='bbox 2803 2402 3050 2490; x_wconf 87' lang='lat' dir='ltr'><strong>absque</strong></span> <span class='ocrx_word' id='word_1_148' title='bbox 3081 2423 3301 2469; x_wconf 89' lang='lat' dir='ltr'><strong>morae</strong></span> <span class='ocrx_word' id='word_1_149' title='bbox 3344 2398 3680 2488; x_wconf 89' lang='lat' dir='ltr'><strong>dispendio</strong></span> 
     </span>
     <span class='ocr_line' id='line_1_18' title="bbox 825 2498 3685 2591; baseline -0.001 -26"><span class='ocrx_word' id='word_1_150' title='bbox 825 2498 906 2565; x_wconf 94' lang='lat' dir='ltr'><strong>de</strong></span> <span class='ocrx_word' id='word_1_151' title='bbox 950 2508 1131 2565; x_wconf 91' lang='lat' dir='ltr'><strong>certa</strong></span> <span class='ocrx_word' id='word_1_152' title='bbox 1174 2501 1458 2570; x_wconf 85' lang='lat' dir='ltr'><strong>sciencia</strong></span> <span class='ocrx_word' id='word_1_153' title='bbox 1497 2502 1915 2589; x_wconf 88' lang='lat' dir='ltr'><strong>paternitatis</strong></span> <span class='ocrx_word' id='word_1_154' title='bbox 1960 2514 2219 2570; x_wconf 87' lang='lat' dir='ltr'><strong>vestrae</strong></span> <span class='ocrx_word' id='word_1_155' title='bbox 2259 2504 2600 2591; x_wconf 89' lang='lat' dir='ltr'><strong>graciosae</strong></span> <span class='ocrx_word' id='word_1_156' title='bbox 2642 2525 2764 2591; x_wconf 91' lang='lat' dir='ltr'><strong>pro</strong></span> <span class='ocrx_word' id='word_1_157' title='bbox 2807 2503 3200 2568; x_wconf 90' lang='lat' dir='ltr'><strong>incremento</strong></span> <span class='ocrx_word' id='word_1_158' title='bbox 3245 2498 3685 2566; x_wconf 85' lang='lat' dir='ltr'><strong>universitatis</strong></span> 
     </span>
     <span class='ocr_line' id='line_1_19' title="bbox 823 2598 3683 2692; baseline -0 -28"><span class='ocrx_word' id='word_1_159' title='bbox 823 2598 1011 2665; x_wconf 89' lang='lat' dir='ltr'><strong>aliter</strong></span> <span class='ocrx_word' id='word_1_160' title='bbox 1053 2600 1529 2687; x_wconf 86' lang='lat' dir='ltr'><strong>provideretur.</strong></span> <span class='ocrx_word' id='word_1_161' title='bbox 1606 2601 1739 2669; x_wconf 89' lang='lat' dir='ltr'><strong>Pro</strong></span> <span class='ocrx_word' id='word_1_162' title='bbox 1781 2625 1907 2691; x_wconf 91' lang='lat' dir='ltr'><strong>quo</strong></span> <span class='ocrx_word' id='word_1_163' title='bbox 1965 2603 2229 2692; x_wconf 89' lang='lat' dir='ltr'><strong>quidem</strong></span> <span class='ocrx_word' id='word_1_164' title='bbox 2273 2625 2589 2691; x_wconf 89' lang='lat' dir='ltr'><strong>responso</strong></span> <span class='ocrx_word' id='word_1_165' title='bbox 2650 2603 2951 2690; x_wconf 80' lang='lat' dir='ltr'><strong>graciose</strong></span> <span class='ocrx_word' id='word_1_166' title='bbox 3005 2610 3177 2667; x_wconf 90' lang='lat' dir='ltr'><strong>totus</strong></span> <span class='ocrx_word' id='word_1_167' title='bbox 3218 2608 3442 2666; x_wconf 86' lang='lat' dir='ltr'><strong>coetus</strong></span> <span class='ocrx_word' id='word_1_168' title='bbox 3483 2598 3683 2684; x_wconf 91' lang='lat' dir='ltr'><strong>magi·</strong></span> 
     </span>
     <span class='ocr_line' id='line_1_20' title="bbox 828 2695 3684 2790; baseline -0.001 -27"><span class='ocrx_word' id='word_1_169' title='bbox 828 2706 1106 2764; x_wconf 86' lang='lat' dir='ltr'><strong>strorum</strong></span> <span class='ocrx_word' id='word_1_170' title='bbox 1149 2699 1407 2766; x_wconf 90' lang='lat' dir='ltr'><strong>concilii</strong></span> <span class='ocrx_word' id='word_1_171' title='bbox 1446 2699 1778 2767; x_wconf 83' lang='lat' dir='ltr'><strong>facultatis</strong></span> <span class='ocrx_word' id='word_1_172' title='bbox 1821 2723 1892 2768; x_wconf 86' lang='lat' dir='ltr'><strong>se</strong></span> <span class='ocrx_word' id='word_1_173' title='bbox 1937 2701 2275 2788; x_wconf 86' lang='lat' dir='ltr'><strong>obligavit,</strong></span> <span class='ocrx_word' id='word_1_174' title='bbox 2320 2713 2515 2790; x_wconf 88' lang='lat' dir='ltr'><strong>prout</strong></span> <span class='ocrx_word' id='word_1_175' title='bbox 2560 2711 2624 2768; x_wconf 88' lang='lat' dir='ltr'><strong>et</strong></span> <span class='ocrx_word' id='word_1_176' title='bbox 2662 2701 2912 2789; x_wconf 90' lang='lat' dir='ltr'><strong>obligat</strong></span> <span class='ocrx_word' id='word_1_177' title='bbox 2951 2700 3020 2766; x_wconf 89' lang='lat' dir='ltr'><strong>in</strong></span> <span class='ocrx_word' id='word_1_178' title='bbox 3061 2699 3423 2789; x_wconf 90' lang='lat' dir='ltr'><strong>praesenti,</strong></span> <span class='ocrx_word' id='word_1_179' title='bbox 3467 2695 3684 2763; x_wconf 86' lang='lat' dir='ltr'><strong>volun·</strong></span> 
     </span>
     <span class='ocr_line' id='line_1_21' title="bbox 740 2795 3683 2890; baseline -0.001 -28"><span class='ocrx_word' id='word_1_180' title='bbox 740 2805 809 2862; x_wconf 81' lang='lat'><strong>20</strong></span> <span class='ocrx_word' id='word_1_181' title='bbox 826 2806 961 2864; x_wconf 90' lang='lat' dir='ltr'><strong>tate</strong></span> <span class='ocrx_word' id='word_1_182' title='bbox 1005 2798 1312 2869; x_wconf 80' lang='lat' dir='ltr'><strong>concordi</strong></span> <span class='ocrx_word' id='word_1_183' title='bbox 1359 2822 1440 2866; x_wconf 91' lang='lat' dir='ltr'><strong>ac</strong></span> <span class='ocrx_word' id='word_1_184' title='bbox 1480 2801 1699 2867; x_wconf 86' lang='lat' dir='ltr'><strong>animo</strong></span> <span class='ocrx_word' id='word_1_185' title='bbox 1756 2801 1952 2889; x_wconf 90' lang='lat' dir='ltr'><strong>parili</strong></span> <span class='ocrx_word' id='word_1_186' title='bbox 2007 2812 2269 2869; x_wconf 89' lang='lat' dir='ltr'><strong>vestrae</strong></span> <span class='ocrx_word' id='word_1_187' title='bbox 2319 2802 2659 2890; x_wconf 81' lang='lat' dir='ltr'><strong>graciosae</strong></span> <span class='ocrx_word' id='word_1_188' title='bbox 2712 2801 3095 2890; x_wconf 88' lang='lat' dir='ltr'><strong>paternitati</strong></span> <span class='ocrx_word' id='word_1_189' title='bbox 3136 2798 3473 2888; x_wconf 88' lang='lat' dir='ltr'><strong>obsequiis</strong></span> <span class='ocrx_word' id='word_1_190' title='bbox 3512 2795 3683 2861; x_wconf 92' lang='lat' dir='ltr'><strong>inde-</strong></span> 
     </span>
     <span class='ocr_line' id='line_1_22' title="bbox 821 2896 3677 2990; baseline -0 -28"><span class='ocrx_word' id='word_1_191' title='bbox 821 2897 1036 2964; x_wconf 84' lang='lat' dir='ltr'><strong>fessis.</strong></span> <span class='ocrx_word' id='word_1_192' title='bbox 1117 2897 1327 2965; x_wconf 91' lang='lat' dir='ltr'><strong>Porro</strong></span> <span class='ocrx_word' id='word_1_193' title='bbox 1384 2901 1738 2968; x_wconf 87' lang='lat' dir='ltr'><strong>novissime</strong></span> <span class='ocrx_word' id='word_1_194' title='bbox 1809 2901 2069 2967; x_wconf 90' lang='lat' dir='ltr'><strong>literam</strong></span> <span class='ocrx_word' id='word_1_195' title='bbox 2124 2903 2538 2990; x_wconf 87' lang='lat' dir='ltr'><strong>paternitatis</strong></span> <span class='ocrx_word' id='word_1_196' title='bbox 2598 2910 2858 2969; x_wconf 86' lang='lat' dir='ltr'><strong>vestrae</strong></span> <span class='ocrx_word' id='word_1_197' title='bbox 2908 2899 3250 2987; x_wconf 89' lang='lat' dir='ltr'><strong>graciosae</strong></span> <span class='ocrx_word' id='word_1_198' title='bbox 3294 2920 3446 2965; x_wconf 90' lang='lat' dir='ltr'><strong>cum</strong></span> <span class='ocrx_word' id='word_1_199' title='bbox 3491 2896 3677 2978; x_wconf 86' lang='lat' dir='ltr'><strong>omni,</strong></span> 
     </span>
     <span class='ocr_line' id='line_1_23' title="bbox 825 2993 3677 3085; baseline -0.001 -23"><span class='ocrx_word' id='word_1_200' title='bbox 825 3018 954 3084; x_wconf 89' lang='lat' dir='ltr'><strong>qua</strong></span> <span class='ocrx_word' id='word_1_201' title='bbox 997 2996 1217 3063; x_wconf 89' lang='lat' dir='ltr'><strong>decuit</strong></span> <span class='ocrx_word' id='word_1_202' title='bbox 1262 3008 1326 3064; x_wconf 93' lang='lat' dir='ltr'><strong>et</strong></span> <span class='ocrx_word' id='word_1_203' title='bbox 1365 3009 1438 3065; x_wconf 91' lang='lat' dir='ltr'><strong>ut</strong></span> <span class='ocrx_word' id='word_1_204' title='bbox 1479 2998 1820 3067; x_wconf 88' lang='lat' dir='ltr'><strong>debuimus</strong></span> <span class='ocrx_word' id='word_1_205' title='bbox 1834 3050 1853 3085; x_wconf 91' lang='lat'><strong>,</strong></span> <span class='ocrx_word' id='word_1_206' title='bbox 1899 3000 2255 3069; x_wconf 89' lang='lat' dir='ltr'><strong>honestatis</strong></span> <span class='ocrx_word' id='word_1_207' title='bbox 2299 3004 2676 3069; x_wconf 87' lang='lat' dir='ltr'><strong>reverencia</strong></span> <span class='ocrx_word' id='word_1_208' title='bbox 2722 3023 2763 3067; x_wconf 88' lang='lat' dir='ltr'><strong>a</strong></span> <span class='ocrx_word' id='word_1_209' title='bbox 2803 2998 3166 3067; x_wconf 86' lang='lat' dir='ltr'><strong>venerabili</strong></span> <span class='ocrx_word' id='word_1_210' title='bbox 3208 2998 3378 3080; x_wconf 90' lang='lat' dir='ltr'><strong>viro,</strong></span> <span class='ocrx_word' id='word_1_211' title='bbox 3427 2993 3677 3061; x_wconf 90' lang='lat' dir='ltr'><strong>domino</strong></span> 
     </span>
     <span class='ocr_line' id='line_1_24' title="bbox 828 3095 3676 3191; baseline -0.001 -29"><span class='ocrx_word' id='word_1_212' title='bbox 828 3095 1075 3164; x_wconf 89' lang='lat' dir='ltr'><strong>decano</strong></span> <span class='ocrx_word' id='word_1_213' title='bbox 1145 3099 1357 3164; x_wconf 91' lang='lat' dir='ltr'><strong>sancti</strong></span> <span class='ocrx_word' id='word_1_214' title='bbox 1414 3098 1619 3185; x_wconf 79' lang='lat' dir='ltr'><strong>sixti,</strong></span> <span class='ocrx_word' id='word_1_215' title='bbox 1684 3102 2038 3169; x_wconf 88' lang='lat' dir='ltr'><strong>secretario</strong></span> <span class='ocrx_word' id='word_1_216' title='bbox 2095 3111 2159 3168; x_wconf 92' lang='lat' dir='ltr'><strong>et</strong></span> <span class='ocrx_word' id='word_1_217' title='bbox 2216 3098 2481 3168; x_wconf 88' lang='lat' dir='ltr'><strong>officiali</strong></span> <span class='ocrx_word' id='word_1_218' title='bbox 2537 3102 2949 3191; x_wconf 88' lang='lat' dir='ltr'><strong>paternitatis</strong></span> <span class='ocrx_word' id='word_1_219' title='bbox 3002 3107 3263 3166; x_wconf 85' lang='lat' dir='ltr'><strong>vestrae</strong></span> <span class='ocrx_word' id='word_1_220' title='bbox 3325 3097 3676 3186; x_wconf 87' lang='lat' dir='ltr'><strong>graciosae,</strong></span> 
     </span>
     <span class='ocr_line' id='line_1_25' title="bbox 825 3196 3679 3288; baseline -0 -26"><span class='ocrx_word' id='word_1_221' title='bbox 825 3199 1188 3285; x_wconf 88' lang='lat' dir='ltr'><strong>recepimus</strong></span> <span class='ocrx_word' id='word_1_222' title='bbox 1231 3198 1617 3266; x_wconf 89' lang='lat' dir='ltr'><strong>creditivam</strong></span> <span class='ocrx_word' id='word_1_223' title='bbox 1631 3249 1650 3284; x_wconf 91' lang='lat'><strong>,</strong></span> <span class='ocrx_word' id='word_1_224' title='bbox 1706 3202 2003 3288; x_wconf 89' lang='lat' dir='ltr'><strong>quamvis</strong></span> <span class='ocrx_word' id='word_1_225' title='bbox 2063 3211 2245 3269; x_wconf 90' lang='lat' dir='ltr'><strong>tanto</strong></span> <span class='ocrx_word' id='word_1_226' title='bbox 2289 3211 2549 3269; x_wconf 88' lang='lat' dir='ltr'><strong>vestrae</strong></span> <span class='ocrx_word' id='word_1_227' title='bbox 2593 3201 3066 3269; x_wconf 89' lang='lat' dir='ltr'><strong>dominacionis</strong></span> <span class='ocrx_word' id='word_1_228' title='bbox 3105 3196 3679 3266; x_wconf 85' lang='lat' dir='ltr'><strong>reverendissimae</strong></span> 
     </span>
     <span class='ocr_line' id='line_1_26' title="bbox 741 3296 3676 3389; baseline -0.001 -27"><span class='ocrx_word' id='word_1_229' title='bbox 741 3301 809 3362; x_wconf 79' lang='lat'><strong>2⁵</strong></span> <span class='ocrx_word' id='word_1_230' title='bbox 827 3299 1174 3365; x_wconf 89' lang='lat' dir='ltr'><strong>secretario</strong></span> <span class='ocrx_word' id='word_1_231' title='bbox 1229 3298 1425 3365; x_wconf 89' lang='lat' dir='ltr'><strong>fidem</strong></span> <span class='ocrx_word' id='word_1_232' title='bbox 1500 3299 1957 3367; x_wconf 88' lang='lat' dir='ltr'><strong>adhiberemus</strong></span> <span class='ocrx_word' id='word_1_233' title='bbox 2017 3300 2466 3389; x_wconf 87' lang='lat' dir='ltr'><strong>plenissimam</strong></span> <span class='ocrx_word' id='word_1_234' title='bbox 2533 3301 2615 3368; x_wconf 92' lang='lat' dir='ltr'><strong>de</strong></span> <span class='ocrx_word' id='word_1_235' title='bbox 2669 3300 2942 3388; x_wconf 85' lang='lat' dir='ltr'><strong>singulis</strong></span> <span class='ocrx_word' id='word_1_236' title='bbox 2984 3297 3427 3389; x_wconf 88' lang='lat' dir='ltr'><strong>proponendis</strong></span> <span class='ocrx_word' id='word_1_237' title='bbox 3472 3296 3676 3363; x_wconf 88' lang='lat' dir='ltr'><strong>sonitu</strong></span> 
     </span>
     <span class='ocr_line' id='line_1_27' title="bbox 823 3397 3677 3485; baseline -0.001 -23"><span class='ocrx_word' id='word_1_238' title='bbox 823 3398 1017 3462; x_wconf 83' lang='lat' dir='ltr'><strong>vivae</strong></span> <span class='ocrx_word' id='word_1_239' title='bbox 1068 3398 1269 3467; x_wconf 88' lang='lat' dir='ltr'><strong>vocis.</strong></span> <span class='ocrx_word' id='word_1_240' title='bbox 1364 3397 1665 3476; x_wconf 82' lang='lat' dir='ltr'><strong>Asseruit</strong></span> <span class='ocrx_word' id='word_1_241' title='bbox 1719 3399 2117 3467; x_wconf 82' lang='lat' dir='ltr'><strong>venerabilis</strong></span> <span class='ocrx_word' id='word_1_242' title='bbox 2171 3400 2472 3467; x_wconf 90' lang='lat' dir='ltr'><strong>dominus</strong></span> <span class='ocrx_word' id='word_1_243' title='bbox 2533 3399 2820 3467; x_wconf 90' lang='lat' dir='ltr'><strong>decanus</strong></span> <span class='ocrx_word' id='word_1_244' title='bbox 2889 3401 3097 3467; x_wconf 89' lang='lat' dir='ltr'><strong>sancti</strong></span> <span class='ocrx_word' id='word_1_245' title='bbox 3169 3398 3346 3465; x_wconf 81' lang='lat' dir='ltr'><strong>sixti</strong></span> <span class='ocrx_word' id='word_1_246' title='bbox 3415 3415 3677 3485; x_wconf 89' lang='lat' dir='ltr'><strong>praeno-</strong></span> 
     </span>
     <span class='ocr_line' id='line_1_28' title="bbox 824 3496 3675 3589; baseline -0 -28"><span class='ocrx_word' id='word_1_247' title='bbox 824 3496 1133 3580; x_wconf 84' lang='lat' dir='ltr'><strong>minatus,</strong></span> <span class='ocrx_word' id='word_1_248' title='bbox 1176 3496 1263 3563; x_wconf 89' lang='lat' dir='ltr'><strong>ad</strong></span> <span class='ocrx_word' id='word_1_249' title='bbox 1291 3517 1485 3563; x_wconf 85' lang='lat' dir='ltr'><strong>aures</strong></span> <span class='ocrx_word' id='word_1_250' title='bbox 1525 3499 1819 3565; x_wconf 89' lang='lat' dir='ltr'><strong>eiusdem</strong></span> <span class='ocrx_word' id='word_1_251' title='bbox 1855 3509 2119 3566; x_wconf 88' lang='lat' dir='ltr'><strong>vestrae</strong></span> <span class='ocrx_word' id='word_1_252' title='bbox 2158 3500 2571 3587; x_wconf 87' lang='lat' dir='ltr'><strong>paternitatis</strong></span> <span class='ocrx_word' id='word_1_253' title='bbox 2614 3502 2954 3587; x_wconf 88' lang='lat' dir='ltr'><strong>graciosae</strong></span> <span class='ocrx_word' id='word_1_254' title='bbox 2971 3500 3368 3589; x_wconf 87' lang='lat' dir='ltr'><strong>pervenisse,</strong></span> <span class='ocrx_word' id='word_1_255' title='bbox 3411 3515 3675 3585; x_wconf 89' lang='lat' dir='ltr'><strong>praeno·</strong></span> 
     </span>
     <span class='ocr_line' id='line_1_29' title="bbox 827 3595 3680 3689; baseline -0 -28"><span class='ocrx_word' id='word_1_256' title='bbox 827 3596 1106 3662; x_wconf 88' lang='lat' dir='ltr'><strong>minatos</strong></span> <span class='ocrx_word' id='word_1_257' title='bbox 1175 3598 1523 3683; x_wconf 89' lang='lat' dir='ltr'><strong>magistros</strong></span> <span class='ocrx_word' id='word_1_258' title='bbox 1604 3598 1925 3688; x_wconf 86' lang='lat' dir='ltr'><strong>quaedam</strong></span> <span class='ocrx_word' id='word_1_259' title='bbox 2006 3599 2166 3684; x_wconf 89' lang='lat' dir='ltr'><strong>alia,</strong></span> <span class='ocrx_word' id='word_1_260' title='bbox 2238 3622 2435 3689; x_wconf 89' lang='lat' dir='ltr'><strong>quam</strong></span> <span class='ocrx_word' id='word_1_261' title='bbox 2518 3624 2561 3667; x_wconf 89' lang='lat' dir='ltr'><strong>a</strong></span> <span class='ocrx_word' id='word_1_262' title='bbox 2633 3609 2856 3667; x_wconf 88' lang='lat' dir='ltr'><strong>vestra</strong></span> <span class='ocrx_word' id='word_1_263' title='bbox 2915 3600 3307 3688; x_wconf 88' lang='lat' dir='ltr'><strong>paternitate</strong></span> <span class='ocrx_word' id='word_1_264' title='bbox 3385 3595 3680 3684; x_wconf 76' lang='lat' dir='ltr'><strong>graciosa</strong></span> 
     </span>
     <span class='ocr_line' id='line_1_30' title="bbox 827 3695 3678 3787; baseline 0 -28"><span class='ocrx_word' id='word_1_265' title='bbox 827 3695 1171 3763; x_wconf 88' lang='lat' dir='ltr'><strong>referenda</strong></span> <span class='ocrx_word' id='word_1_266' title='bbox 1209 3707 1628 3784; x_wconf 88' lang='lat' dir='ltr'><strong>receperunt,</strong></span> <span class='ocrx_word' id='word_1_267' title='bbox 1682 3697 1975 3766; x_wconf 88' lang='lat' dir='ltr'><strong>facultati</strong></span> <span class='ocrx_word' id='word_1_268' title='bbox 2035 3701 2285 3766; x_wconf 88' lang='lat' dir='ltr'><strong>arcium</strong></span> <span class='ocrx_word' id='word_1_269' title='bbox 2338 3700 2671 3786; x_wconf 79' lang='lat' dir='ltr'><strong>retulisse3</strong></span> <span class='ocrx_word' id='word_1_270' title='bbox 2725 3708 2790 3766; x_wconf 89' lang='lat' dir='ltr'><strong>et</strong></span> <span class='ocrx_word' id='word_1_271' title='bbox 2831 3701 3192 3787; x_wconf 88' lang='lat' dir='ltr'><strong>signanter,</strong></span> <span class='ocrx_word' id='word_1_272' title='bbox 3251 3696 3530 3763; x_wconf 91' lang='lat' dir='ltr'><strong>eandem</strong></span> <span class='ocrx_word' id='word_1_273' title='bbox 3580 3715 3678 3759; x_wconf 90' lang='lat' dir='ltr'><strong>ve-</strong></span> 
     </span>
     <span class='ocr_line' id='line_1_31' title="bbox 740 3794 3678 3884; baseline 0.001 -26"><span class='ocrx_word' id='word_1_274' title='bbox 740 3801 812 3858; x_wconf 79' lang='lat'><strong>30</strong></span> <span class='ocrx_word' id='word_1_275' title='bbox 830 3801 1033 3859; x_wconf 90' lang='lat' dir='ltr'><strong>stram</strong></span> <span class='ocrx_word' id='word_1_276' title='bbox 1089 3796 1541 3882; x_wconf 88' lang='lat' dir='ltr'><strong>paternitatem</strong></span> <span class='ocrx_word' id='word_1_277' title='bbox 1595 3799 1960 3884; x_wconf 88' lang='lat' dir='ltr'><strong>graciosam</strong></span> <span class='ocrx_word' id='word_1_278' title='bbox 2034 3800 2452 3866; x_wconf 87' lang='lat' dir='ltr'><strong>confirmasse</strong></span> <span class='ocrx_word' id='word_1_279' title='bbox 2521 3800 2738 3868; x_wconf 91' lang='lat' dir='ltr'><strong>omnia</strong></span> <span class='ocrx_word' id='word_1_280' title='bbox 2791 3807 3034 3865; x_wconf 88' lang='lat' dir='ltr'><strong>statuta</strong></span> <span class='ocrx_word' id='word_1_281' title='bbox 3087 3821 3202 3864; x_wconf 92' lang='lat' dir='ltr'><strong>seu</strong></span> <span class='ocrx_word' id='word_1_282' title='bbox 3253 3805 3570 3883; x_wconf 88' lang='lat' dir='ltr'><strong>concepta</strong></span> <span class='ocrx_word' id='word_1_283' title='bbox 3618 3794 3678 3857; x_wconf 87' lang='lat' dir='ltr'><strong>in</strong></span> 
     </span>
     <span class='ocr_line' id='line_1_32' title="bbox 832 3892 3678 3988; baseline -0 -29"><span class='ocrx_word' id='word_1_284' title='bbox 832 3892 1116 3981; x_wconf 88' lang='lat' dir='ltr'><strong>quadam</strong></span> <span class='ocrx_word' id='word_1_285' title='bbox 1157 3894 1407 3980; x_wconf 87' lang='lat' dir='ltr'><strong>cedula,</strong></span> <span class='ocrx_word' id='word_1_286' title='bbox 1451 3894 1660 3963; x_wconf 89' lang='lat' dir='ltr'><strong>eidem</strong></span> <span class='ocrx_word' id='word_1_287' title='bbox 1700 3907 1959 3965; x_wconf 87' lang='lat' dir='ltr'><strong>vestrae</strong></span> <span class='ocrx_word' id='word_1_288' title='bbox 2000 3900 2381 3988; x_wconf 88' lang='lat' dir='ltr'><strong>paternitati</strong></span> <span class='ocrx_word' id='word_1_289' title='bbox 2422 3900 2763 3988; x_wconf 89' lang='lat' dir='ltr'><strong>graciosae</strong></span> <span class='ocrx_word' id='word_1_290' title='bbox 2805 3897 2970 3965; x_wconf 90' lang='lat' dir='ltr'><strong>alias</strong></span> <span class='ocrx_word' id='word_1_291' title='bbox 3011 3905 3443 3987; x_wconf 85' lang='lat' dir='ltr'><strong>praesentata.</strong></span> <span class='ocrx_word' id='word_1_292' title='bbox 3517 3893 3678 3961; x_wconf 87' lang='lat' dir='ltr'><strong>Sane</strong></span> 
     </span>
     <span class='ocr_line' id='line_1_33' title="bbox 829 3991 3678 4083; baseline 0.001 -25"><span class='ocrx_word' id='word_1_293' title='bbox 829 4013 975 4058; x_wconf 90' lang='lat' dir='ltr'><strong>cum</strong></span> <span class='ocrx_word' id='word_1_294' title='bbox 1015 3995 1297 4081; x_wconf 86' lang='lat' dir='ltr'><strong>praefati</strong></span> <span class='ocrx_word' id='word_1_295' title='bbox 1348 3996 1647 4082; x_wconf 87' lang='lat' dir='ltr'><strong>magistri</strong></span> <span class='ocrx_word' id='word_1_296' title='bbox 1689 3997 1759 4062; x_wconf 86' lang='lat' dir='ltr'><strong>in</strong></span> <span class='ocrx_word' id='word_1_297' title='bbox 1800 3999 1977 4064; x_wconf 91' lang='lat' dir='ltr'><strong>omni</strong></span> <span class='ocrx_word' id='word_1_298' title='bbox 2025 4002 2300 4066; x_wconf 87' lang='lat' dir='ltr'><strong>veritate</strong></span> <span class='ocrx_word' id='word_1_299' title='bbox 2353 4009 2418 4066; x_wconf 89' lang='lat' dir='ltr'><strong>et</strong></span> <span class='ocrx_word' id='word_1_300' title='bbox 2470 4000 2795 4066; x_wconf 89' lang='lat' dir='ltr'><strong>constanti</strong></span> <span class='ocrx_word' id='word_1_301' title='bbox 2846 3999 3221 4065; x_wconf 80' lang='lat' dir='ltr'><strong>maturitate</strong></span> <span class='ocrx_word' id='word_1_302' title='bbox 3269 3995 3517 4083; x_wconf 89' lang='lat' dir='ltr'><strong>absque</strong></span> <span class='ocrx_word' id='word_1_303' title='bbox 3557 3991 3678 4060; x_wconf 86' lang='lat' dir='ltr'><strong>ulla</strong></span> 
     </span>
     <span class='ocr_line' id='line_1_34' title="bbox 830 4093 3679 4185; baseline 0.001 -27"><span class='ocrx_word' id='word_1_304' title='bbox 830 4102 1173 4180; x_wconf 87' lang='lat' dir='ltr'><strong>suspectae</strong></span> <span class='ocrx_word' id='word_1_305' title='bbox 1196 4095 1789 4163; x_wconf 86' lang='lat' dir='ltr'><strong>confoederacionis</strong></span> <span class='ocrx_word' id='word_1_306' title='bbox 1816 4108 1972 4164; x_wconf 84' lang='lat' dir='ltr'><strong>nota</strong></span> <span class='ocrx_word' id='word_1_307' title='bbox 2010 4098 2082 4163; x_wconf 91' lang='lat' dir='ltr'><strong>in</strong></span> <span class='ocrx_word' id='word_1_308' title='bbox 2121 4100 2506 4185; x_wconf 89' lang='lat' dir='ltr'><strong>praesencia</strong></span> <span class='ocrx_word' id='word_1_309' title='bbox 2547 4097 2940 4165; x_wconf 87' lang='lat' dir='ltr'><strong>venerabilis</strong></span> <span class='ocrx_word' id='word_1_310' title='bbox 2980 4099 3127 4182; x_wconf 89' lang='lat' dir='ltr'><strong>viri,</strong></span> <span class='ocrx_word' id='word_1_311' title='bbox 3170 4097 3416 4164; x_wconf 90' lang='lat' dir='ltr'><strong>domini</strong></span> <span class='ocrx_word' id='word_1_312' title='bbox 3459 4093 3679 4161; x_wconf 87' lang='lat' dir='ltr'><strong>decani</strong></span> 
     </span>
     <span class='ocr_line' id='line_1_35' title="bbox 833 4192 3679 4286; baseline 0 -29"><span class='ocrx_word' id='word_1_313' title='bbox 833 4194 1043 4258; x_wconf 88' lang='lat' dir='ltr'><strong>sancti</strong></span> <span class='ocrx_word' id='word_1_314' title='bbox 1086 4192 1260 4261; x_wconf 86' lang='lat' dir='ltr'><strong>Sixti</strong></span> <span class='ocrx_word' id='word_1_315' title='bbox 1273 4243 1293 4278; x_wconf 90' lang='lat'><strong>,</strong></span> <span class='ocrx_word' id='word_1_316' title='bbox 1335 4196 1669 4261; x_wconf 88' lang='lat' dir='ltr'><strong>secretarii</strong></span> <span class='ocrx_word' id='word_1_317' title='bbox 1713 4204 1778 4262; x_wconf 90' lang='lat' dir='ltr'><strong>et</strong></span> <span class='ocrx_word' id='word_1_318' title='bbox 1819 4195 2118 4263; x_wconf 88' lang='lat' dir='ltr'><strong>officialis</strong></span> <span class='ocrx_word' id='word_1_319' title='bbox 2173 4208 2434 4265; x_wconf 84' lang='lat' dir='ltr'><strong>vestrae</strong></span> <span class='ocrx_word' id='word_1_320' title='bbox 2476 4199 2888 4286; x_wconf 87' lang='lat' dir='ltr'><strong>paternitatis</strong></span> <span class='ocrx_word' id='word_1_321' title='bbox 2943 4198 3281 4285; x_wconf 84' lang='lat' dir='ltr'><strong>graciosae</strong></span> <span class='ocrx_word' id='word_1_322' title='bbox 3299 4245 3319 4281; x_wconf 95' lang='lat'><strong>,</strong></span> <span class='ocrx_word' id='word_1_323' title='bbox 3379 4192 3575 4261; x_wconf 92' lang='lat' dir='ltr'><strong>simul</strong></span> <span class='ocrx_word' id='word_1_324' title='bbox 3624 4201 3679 4258; x_wconf 86' lang='lat' dir='ltr'><strong>et</strong></span> 
     </span>
     <span class='ocr_line' id='line_1_36' title="bbox 749 4293 3679 4382; baseline -0 -24"><span class='ocrx_word' id='word_1_325' title='bbox 749 4299 818 4358; x_wconf 80' lang='lat'><strong>3⁵</strong></span> <span class='ocrx_word' id='word_1_326' title='bbox 831 4293 1042 4359; x_wconf 86' lang='lat' dir='ltr'><strong>tocius</strong></span> <span class='ocrx_word' id='word_1_327' title='bbox 1085 4303 1307 4361; x_wconf 89' lang='lat' dir='ltr'><strong>coetus</strong></span> <span class='ocrx_word' id='word_1_328' title='bbox 1344 4296 1808 4381; x_wconf 88' lang='lat' dir='ltr'><strong>magistrorum</strong></span> <span class='ocrx_word' id='word_1_329' title='bbox 1850 4295 2107 4362; x_wconf 89' lang='lat' dir='ltr'><strong>concilii</strong></span> <span class='ocrx_word' id='word_1_330' title='bbox 2161 4297 2489 4365; x_wconf 82' lang='lat' dir='ltr'><strong>facultatis</strong></span> <span class='ocrx_word' id='word_1_331' title='bbox 2549 4299 2685 4365; x_wconf 89' lang='lat' dir='ltr'><strong>sint</strong></span> <span class='ocrx_word' id='word_1_332' title='bbox 2732 4306 2807 4364; x_wconf 87' lang='lat' dir='ltr'><strong>ut</strong></span> <span class='ocrx_word' id='word_1_333' title='bbox 2861 4296 3015 4363; x_wconf 85' lang='lat' dir='ltr'><strong>iusti</strong></span> <span class='ocrx_word' id='word_1_334' title='bbox 3050 4295 3365 4362; x_wconf 83' lang='lat' dir='ltr'><strong>relatores</strong></span> <span class='ocrx_word' id='word_1_335' title='bbox 3403 4294 3679 4382; x_wconf 87' lang='lat' dir='ltr'><strong>legitime</strong></span> 
     </span>
     <span class='ocr_line' id='line_1_37' title="bbox 827 4390 3678 4484; baseline 0 -26"><span class='ocrx_word' id='word_1_336' title='bbox 827 4390 1266 4480; x_wconf 88' lang='lat' dir='ltr'><strong>comprobati,</strong></span> <span class='ocrx_word' id='word_1_337' title='bbox 1330 4402 1592 4460; x_wconf 86' lang='lat' dir='ltr'><strong>vestrae</strong></span> <span class='ocrx_word' id='word_1_338' title='bbox 1653 4396 1993 4482; x_wconf 89' lang='lat' dir='ltr'><strong>graciosae</strong></span> <span class='ocrx_word' id='word_1_339' title='bbox 2055 4398 2439 4484; x_wconf 86' lang='lat' dir='ltr'><strong>paternitati</strong></span> <span class='ocrx_word' id='word_1_340' title='bbox 2502 4420 2649 4464; x_wconf 90' lang='lat' dir='ltr'><strong>cum</strong></span> <span class='ocrx_word' id='word_1_341' title='bbox 2714 4397 2889 4464; x_wconf 91' lang='lat' dir='ltr'><strong>omni</strong></span> <span class='ocrx_word' id='word_1_342' title='bbox 2949 4396 3303 4463; x_wconf 83' lang='lat' dir='ltr'><strong>devocione</strong></span> <span class='ocrx_word' id='word_1_343' title='bbox 3359 4392 3678 4461; x_wconf 84' lang='lat' dir='ltr'><strong>humiliter</strong></span> 
     </span>
     <span class='ocr_line' id='line_1_38' title="bbox 826 4492 3682 4585; baseline -0 -26"><span class='ocrx_word' id='word_1_344' title='bbox 826 4492 1294 4581; x_wconf 88' lang='lat' dir='ltr'><strong>supplicamus,</strong></span> <span class='ocrx_word' id='word_1_345' title='bbox 1334 4503 1650 4582; x_wconf 88' lang='lat' dir='ltr'><strong>quatenus</strong></span> <span class='ocrx_word' id='word_1_346' title='bbox 1694 4494 2096 4581; x_wconf 90' lang='lat' dir='ltr'><strong>benignitate</strong></span> <span class='ocrx_word' id='word_1_347' title='bbox 2145 4505 2211 4562; x_wconf 91' lang='lat' dir='ltr'><strong>et</strong></span> <span class='ocrx_word' id='word_1_348' title='bbox 2250 4496 2478 4564; x_wconf 84' lang='lat' dir='ltr'><strong>favore</strong></span> <span class='ocrx_word' id='word_1_349' title='bbox 2523 4496 2731 4565; x_wconf 88' lang='lat' dir='ltr'><strong>solitis</strong></span> <span class='ocrx_word' id='word_1_350' title='bbox 2773 4496 3298 4585; x_wconf 89' lang='lat' dir='ltr'><strong>praenominatos</strong></span> <span class='ocrx_word' id='word_1_351' title='bbox 3337 4494 3682 4581; x_wconf 83' lang='lat' dir='ltr'><strong>magistros</strong></span> 
     </span>
     <span class='ocr_line' id='line_1_39' title="bbox 826 4592 3677 4684; baseline 0 -26"><span class='ocrx_word' id='word_1_352' title='bbox 826 4592 912 4659; x_wconf 86' lang='lat' dir='ltr'><strong>ad</strong></span> <span class='ocrx_word' id='word_1_353' title='bbox 953 4593 1339 4659; x_wconf 87' lang='lat' dir='ltr'><strong>instanciam</strong></span> <span class='ocrx_word' id='word_1_354' title='bbox 1380 4594 1589 4659; x_wconf 90' lang='lat' dir='ltr'><strong>tocius</strong></span> <span class='ocrx_word' id='word_1_355' title='bbox 1623 4592 1951 4660; x_wconf 87' lang='lat' dir='ltr'><strong>facultatis</strong></span> <span class='ocrx_word' id='word_1_356' title='bbox 1986 4595 2412 4682; x_wconf 88' lang='lat' dir='ltr'><strong>paternaliter</strong></span> <span class='ocrx_word' id='word_1_357' title='bbox 2456 4596 2812 4684; x_wconf 74' lang='lat' dir='ltr'><strong>dignemini</strong></span> <span class='ocrx_word' id='word_1_358' title='bbox 2855 4596 3201 4663; x_wconf 87' lang='lat' dir='ltr'><strong>confovere</strong></span> <span class='ocrx_word' id='word_1_359' title='bbox 3217 4644 3235 4680; x_wconf 91' lang='lat'><strong>,</strong></span> <span class='ocrx_word' id='word_1_360' title='bbox 3290 4592 3677 4662; x_wconf 83' lang='lat' dir='ltr'><strong>adversariis</strong></span> 
     </span>
     <span class='ocr_line' id='line_1_40' title="bbox 832 4692 3676 4811; baseline -0 -53"><span class='ocrx_word' id='word_1_361' title='bbox 832 4692 1228 4781; x_wconf 89' lang='lat' dir='ltr'><strong>aemulisque</strong></span> <span class='ocrx_word' id='word_1_362' title='bbox 1270 4692 1615 4777; x_wconf 85' lang='lat' dir='ltr'><strong>facultatis,</strong></span> <span class='ocrx_word' id='word_1_363' title='bbox 1659 4695 1729 4759; x_wconf 90' lang='lat' dir='ltr'><strong>in</strong></span> <span class='ocrx_word' id='word_1_364' title='bbox 1770 4692 2120 4782; x_wconf 87' lang='lat' dir='ltr'><strong>dispendia</strong></span> <span class='ocrx_word' id='word_1_365' title='bbox 2138 4696 2598 4811; x_wconf 80' lang='lat' dir='ltr'><strong>magistrorum</strong></span> <span class='ocrx_word' id='word_1_366' title='bbox 2627 4705 2765 4762; x_wconf 90' lang='lat' dir='ltr'><strong>tam</strong></span> <span class='ocrx_word' id='word_1_367' title='bbox 2795 4718 2921 4784; x_wconf 91' lang='lat' dir='ltr'><strong>quo</strong></span> <span class='ocrx_word' id='word_1_368' title='bbox 2951 4695 3038 4762; x_wconf 89' lang='lat' dir='ltr'><strong>ad</strong></span> <span class='ocrx_word' id='word_1_369' title='bbox 3078 4695 3394 4762; x_wconf 87' lang='lat' dir='ltr'><strong>honorum</strong></span> <span class='ocrx_word' id='word_1_370' title='bbox 3436 4694 3676 4781; x_wconf 89' lang='lat' dir='ltr'><strong>impen-</strong></span> 
     </span>
     <span class='ocr_line' id='line_1_41' title="bbox 742 4792 3675 4909; baseline -0.001 -48"><span class='ocrx_word' id='word_1_371' title='bbox 742 4802 812 4861; x_wconf 76' lang='lat'><strong>40</strong></span> <span class='ocrx_word' id='word_1_372' title='bbox 828 4794 1076 4860; x_wconf 89' lang='lat' dir='ltr'><strong>sionem</strong></span> <span class='ocrx_word' id='word_1_373' title='bbox 1133 4815 1327 4909; x_wconf 81' lang='lat' dir='ltr'><strong>quam</strong></span> <span class='ocrx_word' id='word_1_374' title='bbox 1366 4795 1883 4861; x_wconf 88' lang='lat' dir='ltr'><strong>necessariorum</strong></span> <span class='ocrx_word' id='word_1_375' title='bbox 1937 4796 2377 4883; x_wconf 87' lang='lat' dir='ltr'><strong>provisionem</strong></span> <span class='ocrx_word' id='word_1_376' title='bbox 2422 4819 2595 4864; x_wconf 91' lang='lat' dir='ltr'><strong>nunc</strong></span> <span class='ocrx_word' id='word_1_377' title='bbox 2633 4794 2872 4863; x_wconf 88' lang='lat' dir='ltr'><strong>blande</strong></span> <span class='ocrx_word' id='word_1_378' title='bbox 2911 4818 3084 4861; x_wconf 88' lang='lat' dir='ltr'><strong>nunc</strong></span> <span class='ocrx_word' id='word_1_379' title='bbox 3125 4816 3357 4883; x_wconf 88' lang='lat' dir='ltr'><strong>aspere</strong></span> <span class='ocrx_word' id='word_1_380' title='bbox 3400 4792 3675 4861; x_wconf 86' lang='lat' dir='ltr'><strong>mollien-</strong></span> 
     </span>
     <span class='ocr_line' id='line_1_42' title="bbox 823 4873 3675 5011; baseline 0 -53"><span class='ocrx_word' id='word_1_381' title='bbox 823 4892 1070 4977; x_wconf 82' lang='lat' dir='ltr'><strong>tibus,</strong></span> <span class='ocrx_word' id='word_1_382' title='bbox 1016 4894 1037 4936; x_wconf 93' lang='lat'><strong>¹</strong></span> <span class='ocrx_word' id='word_1_383' title='bbox 1105 4894 1163 4958; x_wconf 90' lang='lat' dir='ltr'><strong>si</strong></span> <span class='ocrx_word' id='word_1_384' title='bbox 1205 4894 1317 4980; x_wconf 91' lang='lat' dir='ltr'><strong>qui</strong></span> <span class='ocrx_word' id='word_1_385' title='bbox 1331 4942 1350 4976; x_wconf 91' lang='lat'><strong>,</strong></span> <span class='ocrx_word' id='word_1_386' title='bbox 1415 4873 1588 4981; x_wconf 91' lang='lat' dir='ltr'><strong>quod</strong></span> <span class='ocrx_word' id='word_1_387' title='bbox 1628 4892 1832 4976; x_wconf 89' lang='lat' dir='ltr'><strong>absit,</strong></span> <span class='ocrx_word' id='word_1_388' title='bbox 1878 4897 2272 4962; x_wconf 88' lang='lat' dir='ltr'><strong>accesserint</strong></span> <span class='ocrx_word' id='word_1_389' title='bbox 2324 4895 2411 4966; x_wconf 91' lang='lat' dir='ltr'><strong>ad</strong></span> <span class='ocrx_word' id='word_1_390' title='bbox 2451 4907 2741 4964; x_wconf 89' lang='lat' dir='ltr'><strong>vestram</strong></span> <span class='ocrx_word' id='word_1_391' title='bbox 2791 4895 3158 5011; x_wconf 81' lang='lat' dir='ltr'><strong>graciosam</strong></span> <span class='ocrx_word' id='word_1_392' title='bbox 3209 4895 3675 4984; x_wconf 86' lang='lat' dir='ltr'><strong>paternitatem,</strong></span> 
     </span>
     <span class='ocr_line' id='line_1_43' title="bbox 827 4992 3675 5084; baseline 0.001 -28"><span class='ocrx_word' id='word_1_393' title='bbox 827 5014 947 5080; x_wconf 90' lang='lat' dir='ltr'><strong>per</strong></span> <span class='ocrx_word' id='word_1_394' title='bbox 969 4992 995 5033; x_wconf 87' lang='lat'><strong>²</strong></span> <span class='ocrx_word' id='word_1_395' title='bbox 1048 4992 1456 5079; x_wconf 86' lang='lat' dir='ltr'><strong>quorundam</strong></span> <span class='ocrx_word' id='word_1_396' title='bbox 1500 4995 1997 5061; x_wconf 85' lang='lat' dir='ltr'><strong>susurratoriam</strong></span> <span class='ocrx_word' id='word_1_397' title='bbox 2040 4996 2507 5081; x_wconf 85' lang='lat' dir='ltr'><strong>suffossionem,</strong></span> <span class='ocrx_word' id='word_1_398' title='bbox 2546 5005 2926 5084; x_wconf 89' lang='lat' dir='ltr'><strong>vergentem</strong></span> <span class='ocrx_word' id='word_1_399' title='bbox 2950 4996 3020 5061; x_wconf 93' lang='lat' dir='ltr'><strong>in</strong></span> <span class='ocrx_word' id='word_1_400' title='bbox 3044 4996 3508 5082; x_wconf 88' lang='lat' dir='ltr'><strong>magistrorum</strong></span> <span class='ocrx_word' id='word_1_401' title='bbox 3537 5014 3675 5060; x_wconf 88' lang='lat' dir='ltr'><strong>con·</strong></span> 
     </span>
    </p>
   </div>
   <div class='ocr_carea' id='block_1_4' title="bbox 824 5090 3672 5284">
    <p class='ocr_par' dir='ltr' id='par_1_5' title="bbox 824 5090 3672 5284">
     <span class='ocr_line' id='line_1_44' title="bbox 828 5090 3671 5180; baseline 0 -23"><span class='ocrx_word' id='word_1_402' title='bbox 828 5090 962 5157; x_wconf 85' lang='lat' dir='ltr'><strong>cilii</strong></span> <span class='ocrx_word' id='word_1_403' title='bbox 1000 5090 1329 5159; x_wconf 84' lang='lat' dir='ltr'><strong>facultatis</strong></span> <span class='ocrx_word' id='word_1_404' title='bbox 1369 5092 1793 5160; x_wconf 85' lang='lat' dir='ltr'><strong>verisimilem</strong></span> <span class='ocrx_word' id='word_1_405' title='bbox 1839 5093 2245 5180; x_wconf 88' lang='lat' dir='ltr'><strong>divisionem,</strong></span> <span class='ocrx_word' id='word_1_406' title='bbox 2287 5095 2655 5163; x_wconf 88' lang='lat' dir='ltr'><strong>nullatenus</strong></span> <span class='ocrx_word' id='word_1_407' title='bbox 2695 5095 2893 5162; x_wconf 86' lang='lat' dir='ltr'><strong>fidem</strong></span> <span class='ocrx_word' id='word_1_408' title='bbox 2935 5093 3264 5162; x_wconf 88' lang='lat' dir='ltr'><strong>credulam</strong></span> <span class='ocrx_word' id='word_1_409' title='bbox 3291 5092 3671 5176; x_wconf 81' lang='lat' dir='ltr'><strong>adhibendo,</strong></span> 
     </span>
     <span class='ocr_line' id='line_1_45' title="bbox 824 5191 3672 5284; baseline 0.001 -28"><span class='ocrx_word' id='word_1_410' title='bbox 824 5191 1209 5279; x_wconf 88' lang='lat' dir='ltr'><strong>priusquam</strong></span> <span class='ocrx_word' id='word_1_411' title='bbox 1266 5191 1495 5260; x_wconf 89' lang='lat' dir='ltr'><strong>eadem</strong></span> <span class='ocrx_word' id='word_1_412' title='bbox 1544 5202 1768 5260; x_wconf 87' lang='lat' dir='ltr'><strong>vestra</strong></span> <span class='ocrx_word' id='word_1_413' title='bbox 1816 5196 2175 5281; x_wconf 89' lang='lat' dir='ltr'><strong>paternitas</strong></span> <span class='ocrx_word' id='word_1_414' title='bbox 2224 5197 2529 5284; x_wconf 88' lang='lat' dir='ltr'><strong>graciosa</strong></span> <span class='ocrx_word' id='word_1_415' title='bbox 2576 5194 2661 5263; x_wconf 88' lang='lat' dir='ltr'><strong>de</strong></span> <span class='ocrx_word' id='word_1_416' title='bbox 2712 5195 3085 5263; x_wconf 87' lang='lat' dir='ltr'><strong>huiusmodi</strong></span> <span class='ocrx_word' id='word_1_417' title='bbox 3138 5217 3262 5284; x_wconf 90' lang='lat' dir='ltr'><strong>per</strong></span> <span class='ocrx_word' id='word_1_418' title='bbox 3311 5193 3672 5263; x_wconf 86' lang='lat' dir='ltr'><strong>facultatem</strong></span> 
     </span>
    </p>
   </div>
   <div class='ocr_carea' id='block_1_5' title="bbox 905 5374 2348 5449">
    <p class='ocr_par' dir='ltr' id='par_1_6' title="bbox 905 5374 2348 5449">
     <span class='ocr_line' id='line_1_46' title="bbox 905 5374 2348 5449; baseline 0.003 -18"><span class='ocrx_word' id='word_1_419' title='bbox 905 5377 930 5431; x_wconf 86' lang='lat'><em>1</em></span> <span class='ocrx_word' id='word_1_420' title='bbox 966 5374 1354 5433; x_wconf 63' lang='lat' dir='ltr'><strong>molientibus?</strong></span> <span class='ocrx_word' id='word_1_421' title='bbox 1408 5379 1443 5431; x_wconf 85' lang='grc'><strong>2</strong></span> <span class='ocrx_word' id='word_1_422' title='bbox 1467 5390 1578 5448; x_wconf 74' lang='lat' dir='ltr'><strong>por</strong></span> <span class='ocrx_word' id='word_1_423' title='bbox 1608 5375 1686 5433; x_wconf 87' lang='lat' dir='ltr'><strong>ist</strong></span> <span class='ocrx_word' id='word_1_424' title='bbox 1715 5374 1876 5435; x_wconf 86' lang='lat' dir='ltr'><strong>nicht</strong></span> <span class='ocrx_word' id='word_1_425' title='bbox 1903 5391 2053 5449; x_wconf 78' lang='lat' dir='ltr'><strong>ganz</strong></span> <span class='ocrx_word' id='word_1_426' title='bbox 2086 5376 2348 5436; x_wconf 84' lang='lat' dir='ltr'><strong>deutlich.</strong></span> 
     </span>
    </p>
   </div>
  </div>
 </body>
</html>
