4038 6358
1052 622 1164 680 Dor
1197 622 1358 678 Liber
1393 625 1635 680 nacionis
1666 625 1995 677 Banu-orum
2031 641 2154 680 vom
2186 627 2354 679 Jahre
2393 629 2536 684 1425.
3101 636 3219 702 159
3317 663 3324 670 ,

518 809 578 871 2.
644 805 813 870 118111
859 803 1217 872 consiliarii
1260 807 1545 872 iuniores
1598 804 1726 872 duo
1769 805 2058 894 quolibet
2098 807 2313 875 medio
2353 833 2524 875 anno
2564 809 2667 876 bis
2707 810 2939 880 bursas
2982 821 3048 878 et
3089 814 3219 880 alia

322 902 514 987 loca,
575 906 644 969 in
685 904 922 992 quibus
967 907 1307 992 supposita
1347 907 1639 972 nacionis
1684 915 2183 990 commorantur,
2240 907 2585 995 diligenter
2624 912 2889 976 visitent
2947 921 3011 977 et
3066 936 3217 1002 sup·

322 1005 572 1089 posita
612 1027 744 1071 non
784 1005 1103 1090 inscripta
1139 1004 1519 1070 matriculae
1560 1004 1922 1070 inscribant
1953 1028 2101 1071 cum
2133 1008 2381 1090 effectu,
2424 1019 2489 1074 et
2531 1032 2572 1074 a
2611 1009 2897 1097 quolibet
2936 1011 3216 1079 habente

322 1101 510 1167 duos
569 1126 835 1190 grossos
888 1102 976 1169 ad
1028 1105 1241 1170 minus
1298 1106 1623 1192 recipiant
1678 1104 1829 1180 (sub
1884 1127 2097 1192 poena
2147 1114 2424 1193 quatuor
2473 1131 2852 1195 grossorum
2901 1133 3214 1177 novorum

322 1203 690 1288 magistris
729 1202 812 1269 de
854 1205 1128 1270 nacione
1171 1202 1258 1269 ad
1297 1202 1769 1290 perhibendum
1809 1205 1877 1269 in
1923 1207 2396 1274 convocacione
2438 1209 2737 1294 proxima
2781 1212 2964 1288 etc.)¹
3265 1224 3298 1282 5

516 1308 576 1371 3.
637 1301 801 1368 Item
856 1304 1346 1385 testamentarii,
1403 1325 1523 1388 pro
1581 1302 1798 1390 aliquo
1852 1302 2155 1370 defimeto
2215 1305 2502 1372 candelis
2548 1308 2844 1373 nacionis
2900 1332 3021 1397 pro
3066 1333 3214 1376 con·

329 1399 578 1485 ductu,
622 1400 854 1489 vigilia
892 1412 959 1468 et
994 1404 1197 1468 missa
1235 1405 1328 1470 uti
1370 1402 1679 1484 volentes,
1724 1425 1844 1489 pro
1887 1402 2358 1471 reformacione
2379 1406 2800 1528 candelarum
2824 1407 2987 1474 duas
3007 1408 3212 1478 libras

328 1521 547 1566 cerae
588 1500 980 1568 consiliariis
1022 1500 1415 1589 persolvant.

516 1608 577 1667 4.
641 1601 804 1666 Item
861 1599 1257 1715 pauperibus
1308 1599 1582 1666 infirmis
1626 1610 1691 1666 et
1739 1602 2068 1690 inscriptis
2111 1614 2403 1690 tempore
2442 1607 2851 1671 necessitatis
2894 1607 2977 1672 de
3018 1632 3208 1696 pecu·

327 1698 476 1763 11118
523 1700 839 1782 nacionis,
880 1700 949 1766 in
990 1709 1304 1786 quantum
1347 1700 1757 1766 commodose
1796 1702 1937 1766 fieri
1976 1707 2234 1789 poterit,
2280 1702 2718 1771 subveniatur.
3233 1721 3296 1776 10

515 1805 574 1865 5.
635 1797 797 1866 Item
853 1797 941 1864 ad
992 1798 1333 1892 nacionem
1388 1821 1521 1865 non
1569 1800 1869 1886 inscripti
1926 1823 1968 1864 a
2021 1803 2530 1889 participacione
2581 1804 3026 1890 candelarum,
3081 1805 3143 1894 [8
3157 1806 3208 1895 b]

329 1896 791 1963 subvencione
834 1908 901 1964 et
939 1897 1312 1965 defensione
1351 1899 1644 1963 nacionis
1686 1900 1941 1985 penitus
1983 1902 2114 1966 sint
2156 1901 2421 1967 exclusi.

519 2001 578 2063 6.
637 1997 807 2063 Item
849 2006 1126 2085 quatuor
1170 1998 1455 2063 seniores
1499 1997 1580 2062 de
1622 1999 1896 2064 nacione
1938 2003 2406 2086 possessionati
2435 2002 2662 2070 fiscum
2691 2005 2986 2070 nacionis
3008 2008 3212 2095 respi-

328 2097 528 2162 ciant
580 2119 696 2162 seu
736 2096 1125 2179 custodiant,
1185 2098 1280 2162 sic
1320 2096 1495 2183 quod
1536 2098 1748 2183 primo
1794 2100 2007 2164 senior
2060 2101 2278 2186 ipsum
2322 2123 2439 2187 per
2481 2124 2680 2168 unum
2723 2125 2963 2170 annum
3006 2116 3213 2171 custo-

331 2197 507 2281 diat,
552 2204 617 2261 et
659 2195 774 2264 alii
813 2195 1168 2262 secundum
1208 2195 1500 2262 ordinem
1544 2208 2027 2284 consequenter.
3234 2216 3295 2276 15

514 2303 573 2362 7.
633 2295 799 2362 Item
841 2304 1181 2382 computus
1226 2295 1340 2360 fiat
1379 2318 1497 2383 per
1537 2298 1834 2382 antiquos
1874 2295 2215 2364 iudiciales
2263 2303 2645 2381 (ansdnqliclt
2677 2325 2810 2363 war
2832 2307 3210 2382 qesckriebeu

331 2394 791 2469 consiliarios)
836 2395 903 2460 in
942 2395 1325 2481 praesencia
1372 2396 1564 2460 unius
1605 2397 1902 2479 senioris,
1956 2396 2188 2462 fiscum
2229 2400 2523 2464 nacionis
2567 2399 2888 2484 habentis,
2945 2413 3010 2468 et
3052 2404 3204 2470 duo·

328 2517 488 2560 rum
529 2517 846 2560 novorum
889 2493 1429 2559 consiliariorum.

519 2600 574 2662 8.
630 2594 797 2659 Item
835 2593 1135 2679 magistri
1176 2592 1593 2658 inscribendo
1639 2596 1981 2682 supposita
2023 2595 2314 2661 nacionis
2359 2606 2423 2662 et
2463 2597 2825 2684 colligendo
2865 2601 3207 2685 pecuniam

334 2692 428 2758 ab
476 2694 642 2781 ipsis
685 2693 861 2760 ultra
904 2711 1003 2758 ΧΠ
1043 2691 1186 2760 (1811.
1227 2715 1357 2758 11011
1400 2702 1747 2780 exponant.
3221 2710 3293 2768 20

511 2797 572 2857 9.
635 2792 798 2857 Item
851 2791 1250 2858 inscribendi
1314 2792 1402 2857 ad
1460 2792 1865 2858 matriculam
1929 2796 2222 2860 nacionis
2276 2797 2659 2882 promittant
2719 2798 2901 2883 prius
2969 2798 3207 2865 bonum

337 2893 645 2958 nacionis
687 2891 854 2957 velle
894 2911 1268 2980 procurare.

516 3198 613 3260 10.
668 3192 860 3260 Anno
913 3193 1160 3259 domini
1218 3191 1559 3260 millesimo
1618 3194 2255 3281 quadringentesimo
2311 3195 2832 3285 quadragesimo,
2889 3200 3208 3286 vigesima

336 3295 562 3381 prima
619 3291 725 3358 die
778 3294 1018 3359 mensis
1070 3292 1228 3381 Maij
1288 3299 1482 3371 (1440
1527 3298 1582 3356 d.
1639 3299 1735 3359 21.
1778 3297 1946 3369 Mai)
2003 3303 2315 3359 statutum
2339 3286 2342 3287 ⁷
2367 3295 2489 3359 fuit
2541 3306 2599 3361 et
2653 3297 3030 3364 conclusum
3088 3322 3207 3387 per

337 3414 571 3458 omnes
617 3394 964 3478 magistros
1007 3392 1089 3458 de
1131 3394 1424 3475 nacione,
1480 3401 1554 3457 ut
1594 3414 1766 3457 nunc
1819 3402 1882 3458 et
1937 3393 2200 3459 inantea
2250 3394 2537 3459 iuniores
2588 3394 2715 3461 duo
2768 3400 3066 3483 magistri
3122 3399 3203 3464 de
3221 3407 3287 3463 25

336 3490 620 3557 consilio
662 3492 730 3556 in
774 3491 1359 3558 convocacionibus
1404 3491 1850 3556 universitatis
1888 3491 2278 3561 relacionem
2331 3494 2595 3576 faciant,
2653 3505 2717 3559 et
2760 3496 2888 3562 duo
2930 3498 3200 3563 iudicia-

310 3590 435 3656 ·les
476 3592 821 3679 pecuniam
866 3614 906 3656 a
950 3593 1307 3678 suppositis
1348 3614 1468 3679 pro
1508 3590 1954 3656 intitulacione
1993 3591 2081 3656 ad
2123 3595 2463 3657 nacionem
2501 3594 2688 3658 iuxta
2730 3605 2976 3661 statuta
3016 3620 3201 3684 prae·

337 3690 658 3756 cedencia
701 3690 976 3757 fideliter
1022 3689 1333 3776 colligant
1373 3701 1566 3777 atque
1606 3690 1900 3755 nacionis
1943 3689 2363 3757 candelarum
2417 3714 2641 3757 curam
2698 3702 2933 3779 gerant
2989 3697 3203 3782 quoad

340 3790 882 3855 reformacionem
945 3797 1009 3856 et
1073 3790 1557 3855 concessionem
1629 3789 1699 3852 in
1764 3788 1981 3853 missis
2046 3791 2490 3857 universitatis
2501 3840 2521 3874 ,
2596 3794 2891 3879 corporis
2955 3795 3198 3862 Christi

339 3886 404 3977 [9
419 3886 474 3976 ⁸]
521 3890 940 3977 processione
985 3889 1345 3973 ceterisque
1387 3887 1534 3952 aliis
1572 3887 2003 3973 exigentibus,
2061 3888 2180 3954 sub
2223 3912 2437 3977 poena
2480 3889 2736 3957 dimidii
2778 3892 3028 3979 floreni,
3084 3907 3287 3984 per30

338 3990 685 4054 nacionem
727 3984 1263 4053 irremissibiliter
1302 3986 1745 4071 extorquendi.
2755 4014 2759 4020 ·

514 4094 606 4154 11.
665 4086 829 4152 Item
871 4087 1097 4153 eodem
1139 4110 1310 4154 anno
1353 4096 1417 4151 et
1459 4085 1583 4169 die,
1633 4086 1871 4173 quibus
1911 4110 2130 4174 supra,
2189 4089 2562 4156 conclusum
2602 4091 2724 4156 fuit
2766 4100 2830 4156 et
2867 4100 3202 4178 statutum,

340 4186 519 4274 quod
561 4188 824 4251 inantea
862 4186 1274 4274 portantibus
1330 4183 1635 4251 candelas
1676 4187 1746 4251 in
1783 4190 2200 4272 processione
2251 4189 2400 4274 ipso
2455 4189 2560 4255 die
2611 4191 2909 4278 corporis
2954 4192 3201 4259 Christi

340 4286 427 4352 ad
472 4285 853 4351 scandalum
894 4285 1270 4368 tollendum,
1327 4283 1502 4373 quod
1547 4306 1631 4349 ex
1683 4287 1889 4350 nimia
1941 4289 2284 4373 potacione
2337 4289 2405 4352 in
2450 4289 2689 4377 populo
2744 4290 3197 4375 generabatur,

338 4384 609 4452 cuilibet
658 4384 803 4450 dari
846 4384 1040 4450 debet
1090 4385 1411 4451 duntaxat
1465 4405 1633 4449 unus
1688 4407 1959 4471 grossus
2012 4409 2220 4454 novus
2273 4396 2339 4452 et
2393 4399 2669 4476 quatuor
2721 4412 2842 4475 pro
2895 4391 3193 4477 propina,
3212 4401 3279 4456 35

341 4508 506 4574 quos
549 4484 637 4549 ad
678 4483 987 4571 placitum
1031 4494 1368 4551 reservent
1390 4486 1416 4527 ²
1467 4483 1572 4549 vel
1614 4496 1963 4572 exponant.
2053 4491 2204 4549 Eine
2245 4493 2490 4564 andere,
2535 4493 2681 4550 doch
2724 4492 2912 4569 weniy
2953 4498 3195 4569 spatere

335 4591 534 4649 Hand
585 4589 692 4647 Ιιαε
743 4587 1161 4665 kiuzuyesaqee
1240 4583 1373 4651 Sed
1430 4587 1487 4649 si
1542 4584 1712 4649 forte
1767 4586 2110 4653 nacionem
2165 4610 2235 4652 88
2289 4609 2409 4673 pro
2465 4587 2712 4653 honore
2770 4587 3194 4655 solemnitatis

338 4686 575 4750 ceteris
628 4682 1011 4749 nacionibus
1068 4684 1425 4750 secundum
1476 4692 1777 4751 eventum
1838 4687 2153 4772 temporis
2204 4685 2463 4754 videtur
2522 4710 2667 4753 cum
2724 4698 2888 4755 0818
2920 4688 3007 4774 gl.
3062 4712 3193 4754 non

339 4805 535 4871 posse
573 4781 1005 4866 conformare,
1057 4783 1301 4871 placuit
1353 4784 1707 4868 magistris,
1759 4793 1832 4849 ut
1886 4783 2060 4850 ultra
2100 4784 2246 4851 illos
2290 4795 2434 4852 octo
2490 4786 2574 4872 gl.
2628 4786 2938 4855 darentur
2992 4792 3192 4874 porti·

338 4881 589 4948 toribus
634 4881 1048 4947 candelarum
1093 4906 1213 4969 pro
1257 4905 1479 4948 eorum
1520 4882 1821 4948 uberiore
1863 4882 2312 4950 consolacione
2350 4892 2411 4967 4,
2448 4884 2619 4951 5·vel
2649 4893 2688 4954 6
2729 4886 2813 4972 gl.
2859 4886 2946 4953 ad
2987 4890 3189 4953 maxi-
3212 4899 3281 4956 40

513 5135 534 5185 1
574 5130 695 5185 Das
732 5130 789 5183 in
823 5090 1146 5186 Klammern
1180 5130 1576 5189 Geschlossene
1615 5129 1690 5184 ist
1724 5128 2157 5201 nachgetragen,
2198 5130 2344 5185 doch
2393 5149 2502 5186 von
2547 5132 2833 5190 derselben
2876 5135 3011 5191 oder
3052 5136 3198 5193 doch

341 5213 753 5286 gleichzoe'tiger
784 5213 967 5269 Hand.

511 5303 542 5354 2
583 5295 958 5355 Geschrieben
991 5296 1140 5352 steht
1180 5304 1475 5357 reservant.
