4038 6358
1291 602 1394 657 nio
1427 604 1664 657 smum
1697 618 1805 655 von
1843 600 2189 656 1497—1537.
3045 594 3167 663 249

219 782 546 849 Werdea
597 782 878 851 felicis
929 788 1278 855 memoriae
1319 786 1590 875 singulis
1633 787 1820 853 annis
1862 793 2175 873 perpetuo
2204 784 2396 852 debet
2434 780 2817 864 continuari,
2858 778 3191 867 magistris

221 906 364 1049 ΞΣ
407 882 878 1068 ῗὲἓέἶζίε
929 886 1218 954 seclusis.
1280 892 1448 969 (Voa
1485 893 1748 951 ander-er
1787 891 2010 950 Hand.-
2080 886 2263 953 Idem
2306 884 2577 969 collegio
2620 881 2877 969 ciphum
2915 877 3187 945 deaura-

363 1156 472 1219 13.
525 1147 683 1239 [Bl.
743 1157 852 1221 30
868 1150 926 1243 b]
975 1169 1220 1220 smum-1
1258 1168 1568 1220 spmrms
1609 1168 1801 1219 assu*
1844 1169 2051 1219 rosis
2090 1168 2363 1234 (maru,
2404 1166 2591 1217 mo
2642 1154 2793 1217 1511
2840 1164 2912 1213 m
2948 1162 3069 1211 nm

1219 1268 1452 1321 nicom
1491 1268 1837 1319 Apos'rom
1880 1258 1966 1327 (d.
2008 1259 2105 1319 25.
2143 1255 2326 1327 Juli).
3234 1252 3267 1307 5

409 1382 642 1449 Anno
723 1383 838 1450 ab
899 1385 1356 1451 incarnacione
1413 1383 1758 1451 salvatoris
1811 1384 2079 1449 humani
2134 1382 2421 1469 generis,
2478 1380 2723 1445 domini
2774 1379 2982 1443 nostri
3036 1377 3185 1443 Iesu

247 1484 542 1565 Christi,
603 1483 1008 1551 millesimo
1047 1484 1556 1571 quingentesimo
1608 1506 1797 1566 nono,
1847 1484 1991 1569 ipso
2038 1482 2144 1548 die
2194 1481 2333 1547 divi
2370 1478 2853 1545 Bar-tholomaei
2908 1477 3186 1564 apostoli

253 1582 402 1669 (151
417 1590 450 1648 1
505 1589 576 1645 d.
629 1589 760 1649 24.
811 1582 1024 1671 Any),
1083 1586 1152 1649 in
1209 1584 1709 1669 congregatione
1762 1581 2167 1647 dominorum
2220 1580 2555 1647 doctorum
2608 1588 2673 1643 et
2724 1578 3187 1665 magistrorum

255 1684 456 1748 huius
501 1681 826 1769 collegii
869 1681 1381 1771 collegiatorum‚
1431 1684 1793 1771 comparuit
1832 1682 2217 1769 magnificus
2260 1690 2323 1745 et
2366 1680 2667 1765 egregius
2708 1680 2830 1760 vir,
2888 1676 3186 1743 dominus

261 1781 994 1867 Christophorus
1047 1782 1510 1871 Cuppener,
1567 1784 1802 1847 artium
1849 1782 2293 1868 ingenuarum,
2354 1777 2807 1866 philosophiae
2848 1785 2912 1841 et
2950 1776 3270 1841 utrius-10

271 1904 395 1967 que
439 1881 630 1945 iuris
681 1880 960 1965 doctor,
1022 1881 1180 1948 dicti
1221 1879 1478 1967 collegii
1519 1881 1784 1968 collega,
1842 1891 2071 1969 sponte
2114 1890 2179 1945 et
2216 1878 2571 1945 deliberato
2621 1878 2837 1942 animo
2890 1875 3187 1963 promisit

272 1980 436 2045 dare
477 1980 686 2045 infra
737 2004 996 2047 annum
1035 1982 1364 2067 magistris
1407 1990 1475 2047 et
1513 1981 1902 2064 doctoribus,
1947 1978 2378 2046 confratribus
2423 1979 2558 2043 suis
2584 1975 2839 2062 collegii
2869 1975 3185 2062 principis

281 2082 864 2166 praememorati,
910 2090 1163 2147 centum
1205 2091 1270 2146 et
1309 2082 1580 2167 triginta
1622 2091 1872 2169 septem
1913 2079 2190 2147 florenos
2228 2079 2297 2143 in
2341 2100 2519 2160 auro,
2562 2098 2723 2165 quos
2765 2083 2830 2139 et
2867 2076 2999 2140 iam
3040 2074 3187 2139 effe-

285 2178 603 2243 ctualiter
649 2179 1014 2266 persolvit,
1043 2201 1176 2268 -pro
1221 2182 1533 2246 memoria
1573 2180 1898 2246 servanda
1939 2178 2281 2267 quotannis
2323 2179 2392 2243 in
2435 2176 2710 2242 ecclesia
2752 2176 2959 2239 sancti
2997 2173 3187 2239 Nico-

289 2278 377 2343 lai
435 2276 644 2343 urbis
715 2279 1102 2367 Liptzensis
1156 2280 1487 2368 perpetuis
1538 2279 1959 2368 temporibus,
2017 2279 2341 2344 dominica
2397 2276 2697 2365 proxima
2752 2283 2900 2362 post
2949 2273 3185 2339 festum
3208 2281 3269 2337 15

295 2380 506 2443 sancti
531 2378 1046 2465 Christophori,
1087 2400 1234 2443 cum
1259 2378 1500 2465 vigiliis
1540 2400 1770 2444 novem
1811 2378 2159 2443 lectionum
2196 2388 2261 2442 et
2306 2376 2411 2441 die
2454 2377 2746 2463 sequenti
2788 2396 2936 2439 cum
2974 2371 3184 2438 tribus

301 2478 520 2543 missis
581 2478 977 2543 animarum
1020 2498 1140 2564 per
1195 2477 1520 2543 scholares
1567 2477 1648 2543 de
1700 2477 1920 2543 schola
1961 2478 2169 2543 sancti
2212 2475 2503 2542 Thomas
2545 2473 2984 2556 decantandis,
3039 2494 3185 2537 eum

307 2575 499 2661 pulsu
563 2586 902 2643 consueto
965 2586 1100 2641 tam
1164 2576 1250 2643 ad
1304 2576 1566 2663 vigilias
1630 2600 1826 2662 quam
1885 2575 1970 2641 ad
2030 2578 2265 2643 missas
2327 2576 2707 2657 animarum,
2772 2573 2891 2638 sub
2954 2571 3187 2661 quibus

321 2673 694 2761 ewangelio
743 2676 917 2743 lecto
968 2675 1284 2763 plebanus
1339 2698 1460 2763 pro
1505 2675 1889 2763 subscriptis
1932 2698 2121 2742 orare
2163 2674 2357 2740 debet
2394 2674 2653 2761 publice
2695 2682 2760 2738 et
2798 2670 3189 2758 intelligibili

315 2794 472 2839 voce
510 2774 606 2839 ad
651 2774 1002 2863 populum,
1045 2797 1164 2862 pro
1207 2777 1427 2841 anima
1465 2775 1711 2841 scilicet
1751 2774 2077 2863 quondam
2118 2774 2447 2861 magnifici
2492 2783 2556 2838 et
2596 2772 2841 2858 egregii
2883 2772 3029 2853 viri,
3074 2770 3185 2835 do·
3202 2778 3270 2833 20

321 2872 476 2937 mini
499 2873 1002 2963 christophori,
1045 2877 1284 2941 artium
1321 2885 1387 2940 et
1424 2876 1756 2961 utriusque
1795 2874 1954 2939 iuris
1997 2874 2300 2956 doctoris,
2346 2873 2599 2959 collegii
2639 2872 2957 2959 principis
3000 2868 3187 2935 colle-

329 2973 506 3057 giati,
561 2972 948 3041 fundatoris
997 2973 1186 3040 huius
1243 2984 1595 3061 perpetuae
1637 2973 2004 3057 memoriae,
2059 2984 2123 3038 et
2172 2996 2289 3061 pro
2332 2972 2669 3038 animabus
2710 2970 3186 3058 Margarethae,

331 3072 656 3155 quondam
701 3076 934 3140 uxoris
975 3096 1148 3155 suae,
1184 3072 1356 3139 filiae
1399 3072 1688 3138 Hainnss
1729 3072 2277 3154 Hummelsshain,
2325 3070 2773 3159 Christophori
2814 3070 3187 3157 Kuppener,

339 3171 536 3256 patris
581 3174 713 3257 sui,
767 3172 1247 3262 Margarethae,
1301 3174 1527 3240 matris
1571 3196 1746 3257 suae,
1787 3173 1968 3240 Petri
2011 3172 2378 3261 Cuppener,
2419 3173 2752 3261 utriusque
2792 3172 2951 3236 iuris
2993 3169 3187 3235 licen-

339 3272 492 3354 tiati,
531 3273 652 3338 avi
701 3275 825 3358 sui,
869 3284 934 3339 et
953 3273 1338 3360 Hedewigk,
1384 3275 1574 3339 aviae
1615 3295 1791 3357 suae,
1837 3273 2115 3360 denique
2152 3295 2272 3360 pro
2296 3272 2635 3338 animabus
2656 3272 2943 3337 omnium
2967 3268 3185 3334 defun·
3205 3277 3273 3334 25

348 3379 584 3436 ctorem
633 3395 726 3438 ex
782 3372 1030 3438 familia
1071 3372 1638 3460 Hummelsshayn,
1693 3375 1978 3440 omnium
2019 3372 2503 3438 benefactorum
2558 3370 2813 3457 collegii
2870 3371 3187 3460 principis

345 3479 404 3532 et
453 3472 756 3538 nacionis
808 3469 1200 3538 Polonorum
1211 3521 1229 3554 ,
1299 3475 1706 3561 omniumque
1759 3471 2273 3538 christifidelium
2334 3471 2810 3554 defunctorum,
2873 3478 3187 3558 quatenus

351 3567 468 3632 illis
542 3571 714 3657 ipsis
785 3571 1109 3637 tribuatur
1197 3593 1332 3659 pax
1409 3581 1474 3636 et
1546 3575 1806 3660 requies
1888 3574 2280 3659 sempiterna
2358 3573 2427 3635 in
2507 3571 2723 3636 secula
2808 3569 3185 3652 seculorum,

351 3665 562 3732 Amen.
649 3669 942 3756 Singulis
1000 3681 1218 3736 autem
1277 3669 1506 3736 diebus
1564 3670 1906 3738 dominicis
1965 3682 2120 3758 post
2178 3692 2537 3738 sermonem
2593 3669 2806 3736 dictus
2870 3669 3186 3756 plebanus

360 3763 662 3833 duntaxat
721 3767 918 3834 debet
978 3767 1367 3836 denunciare
1431 3770 1699 3858 populo,
1757 3781 1831 3836 ut
1892 3781 2034 3838 oret
2094 3792 2214 3857 pro
2279 3769 2619 3836 animabus
2682 3769 2839 3835 dicti
2900 3769 3182 3835 doctoris
3199 3775 3267 3832 30

361 3861 800 3954 Ghristophori
844 3879 910 3933 et
947 3869 1174 3934 uxoris
1226 3891 1400 3953 suae,
1452 3870 1624 3936 filiae
1666 3869 2235 3958 Hummelsshayn.
2316 3869 2447 3935 Pro
2487 3869 2717 3957 quibus
2760 3868 3057 3935 omnibus
3098 3889 3185 3932 ex

365 3966 718 4052 praeposito
750 3965 1002 4054 collegii
1045 3968 1360 4056 principis
1397 3969 1667 4056 singulis
1711 3971 1899 4034 annis
1939 3969 2207 4035 habebit
2250 3991 2445 4034 unum
2488 3969 2805 4036 florenum
2847 3989 3185 4036 renensem

365 4084 470 4147 pro
506 4086 618 4132 suo
657 4066 886 4132 labore
927 4077 992 4132 et
1031 4069 1346 4134 ministris
1389 4069 1721 4150 ecclesiae,
1767 4072 2018 4135 cantori
2062 4081 2126 4136 et
2149 4069 2427 4152 officiali,
2456 4067 2988 4135 distribuendum.
3020 4065 3179 4156 [31⁸]

369 4159 634 4241 Quilibet
674 4166 973 4233 dominus
1019 4177 1083 4231 et
1123 4167 1374 4254 collega
1423 4167 1612 4234 huius
1667 4169 1922 4256 collegii
1979 4170 2315 4257 principis,
2374 4191 2684 4256 praesens
2726 4169 2795 4233 in
2836 4167 3078 4254 vigiliis
3117 4177 3184 4232 et

367 4260 628 4350 integras
671 4289 868 4332 orans
909 4265 1192 4354 vigilias,
1250 4277 1314 4332 et
1355 4268 1632 4333 offerens
1675 4289 1820 4333 cum
1875 4267 2223 4336 luminibus
2276 4269 2362 4334 ad
2404 4269 2526 4336 hoc
2568 4267 2882 4335 ordinatis
2924 4266 3011 4333 ad
3054 4268 3183 4332 tria
3198 4277 3264 4332 35

373 4359 576 4430 altaria
627 4366 816 4431 iuxta
867 4365 1124 4432 solitam
1167 4366 1688 4432 consuetudinem
1743 4369 2021 4434 aliarum
2072 4372 2548 4452 memoriarum,
2602 4367 2887 4432 medium
2941 4366 3183 4432 habere

371 4457 538 4528 debet
573 4463 921 4532 florenum·
905 4515 922 4550 ,
983 4467 1202 4554 itaque
1258 4464 1494 4531 absens
1542 4481 1606 4530 et
1657 4467 1906 4550 tardae,
1961 4478 2114 4555 post
2166 4478 2420 4556 tempus
2474 4475 2845 4534 consuetum
2894 4467 3183 4548 veniens,

378 4573 567 4628 careat
606 4587 728 4630 sua
766 4565 1090 4653 porcione,
1131 4586 1298 4650 quae
1339 4565 1532 4631 debet
1571 4587 1944 4632 accrescere
1984 4567 2157 4632 fisco.
2212 4566 2532 4632 Sacerdos
2572 4577 2786 4633 antem
2828 4565 2999 4631 ultra
3020 4566 3183 4650 vigi·

373 4654 478 4725 lias
513 4661 680 4751 legat
719 4665 986 4730 missam
1027 4664 1406 4746 animarum,
1447 4687 1568 4752 pro
1611 4687 1737 4750 quo
1778 4665 2017 4731 habeat
2056 4665 2366 4731 nesellmn
2404 4668 2541 4732 vini
2584 4675 2698 4730 aut
2736 4664 3078 4730 dimidium
3102 4679 3183 4750 95.

381 4755 682 4836 Quatenus
723 4766 850 4829 ista
883 4771 1197 4850 perpetue
1217 4773 1572 4845 serventur,
1617 4763 1811 4829 debet
1852 4763 2152 4851 praefata
2192 4787 2441 4830 summa
2485 4767 2798 4853 pecuniae
2828 4785 2945 4851 per
2976 4764 3182 4830 dictos
3200 4775 3268 4830 40

382 4853 634 4966 dominos
691 4861 774 4926 de
813 4861 1084 4948 collegio
1127 4862 1441 4949 principis
1470 4884 1620 4948 .pro
1665 4865 1895 4928 annuis
1950 4861 2252 4928 censibus
2305 4865 2758 4951 comparandis
2812 4865 3071 4951 exponi,
3118 4873 3183 4928 et

382 4975 436 5018 m
477 4956 586 5026 hoc
625 4961 764 5026 vult
825 4961 1252 5028 conscientias
1303 4962 1593 5047 ipsorum
1649 4960 1890 5026 habere
1945 4972 2265 5048 oneratas,
2317 4973 2389 5028 ut
2438 4972 2713 5028 testatur
2761 4959 2989 5028 ultima
3044 4964 3183 5029 eius

385 5053 662 5126 voluntas.
742 5059 982 5126 Actum
1017 5071 1092 5125 ut
1131 5081 1350 5148 supra.

521 5165 608 5226 14.
676 5159 866 5226 Anno
929 5158 1156 5226 salutis
1217 5158 1538 5224 humanae
1599 5158 1936 5225 millesimo
1997 5161 2509 5249 quingentesimo
2574 5159 2843 5245 decimo,
2910 5162 3186 5248 septima

386 5249 524 5322 Iunii
557 5265 746 5342 (1510
775 5266 832 5325 d.
856 5267 913 5326 7.
942 5264 1145 5344 Juni),
1190 5281 1354 5348 quae
1395 5260 1517 5324 fuit
1556 5261 1722 5325 feria
1764 5271 1951 5326 sexta
1991 5271 2143 5350 post
2180 5261 2415 5326 festum
2454 5259 2591 5326 divi
2623 5260 2965 5345 Bonifacii,
3010 5259 3267 5330 diem45
