4038 6358
737 596 854 660 168
1711 590 1823 639 Der
1855 589 2016 640 Liber
2049 589 2281 641 nationis
2321 590 2611 642 Polonicae

901 779 958 842 8.
1021 771 1189 837 110111
1234 771 1610 860 praedictus
1667 774 1981 861 magister
2023 772 2238 839 senior
2279 771 2652 839 facultatem
2693 773 2936 840 habeat
2992 776 3390 843 convocandi
3443 795 3622 842 ma·

731 877 974 963 gistros
1017 879 1081 937 et
1136 870 1434 939 doctores
1490 874 1782 940 nacionis
1836 874 1906 939 in
1957 870 2299 960 collegium
2355 871 2588 938 beatae
2636 873 2913 960 virginis
2974 875 3220 940 tociens
3276 879 3621 965 quociens

734 997 851 1063 per
907 971 1292 1058 magistrum
1347 993 1542 1037 unum
1585 972 1688 1039 vel
1746 971 1965 1059 plures
2022 971 2105 1038 de
2160 972 2433 1039 nacione
2490 973 2841 1062 requisitus
2896 974 3119 1058 fuerit,
3176 984 3292 1041 aut
3348 978 3408 1042 si
3462 996 3622 1064 pro

733 1075 977 1142 honore
1033 1071 1326 1138 nacionis
1381 1070 1451 1137 id
1506 1071 1649 1138 fieri
1698 1071 1941 1139 viderit
1988 1080 2393 1161 oportunum.
2476 1074 2554 1139 In
2609 1095 2739 1162 qua
2791 1073 3051 1162 quidem
3110 1077 3623 1144 convocacione

651 1186 684 1241 5
740 1178 900 1263 ipse,
943 1170 1121 1238 velut
1158 1180 1224 1236 et
1258 1172 1327 1236 in
1370 1173 1812 1238 universitatis
1855 1170 2457 1256 convocacionibus,
2510 1171 2821 1239 inducere
2875 1173 3069 1240 debet
3121 1184 3316 1263 atque
3369 1177 3620 1263 singu·

734 1274 948 1341 lorum
984 1271 1445 1357 magistrorum
1464 1281 1619 1337 vota
1658 1271 1962 1359 colligere
1991 1281 2059 1337 et
2096 1273 2284 1337 iuxta
2316 1272 2642 1338 saniorem
2670 1282 2736 1338 et
2765 1274 3077 1339 maiorem
3103 1275 3398 1341 nacionis
3437 1297 3616 1362 par-

737 1385 868 1440 tem
909 1374 978 1438 in
1025 1371 1240 1437 causis
1287 1369 1718 1437 concludendi
1757 1371 1998 1438 habeat
2040 1370 2334 1437 similiter
2373 1370 2765 1437 facultatem.

901 1477 959 1540 9.
1029 1471 1193 1538 Item
1242 1470 1577 1556 praefatus
1635 1472 1949 1557 magister
2004 1473 2219 1538 senior
2272 1469 2512 1536 habeat
2564 1470 2938 1538 facultatem
2984 1472 3365 1539 nominandi
3424 1472 3613 1540 duos

735 1573 1070 1656 relatores,
1115 1579 1340 1637 votum
1360 1572 1670 1652 nacionis,
1713 1581 1785 1636 ut
1826 1578 2222 1637 conswetum
2267 1577 2367 1636 est
2404 1569 2548 1636 fieri
2588 1571 2658 1636 in
2699 1571 3282 1639 convocacionibus
3326 1573 3609 1638 univer-

663 1684 724 1740 10
747 1673 980 1755 sitatis,
1042 1671 1280 1737 rectori
1323 1670 1672 1736 referentes
1717 1670 1835 1736 sub
1878 1667 2105 1736 debita
2141 1669 2354 1735 forma
2392 1670 2743 1737 verborum
2787 1673 2974 1737 iuxta
3014 1673 3340 1738 seniorum
3380 1673 3608 1758 magi·

738 1782 1025 1839 strorum
1066 1769 1427 1852 arbitrium,
1468 1771 1761 1835 nacionis
1804 1792 1925 1856 pro
1968 1768 2236 1835 honore.

914 1879 1003 1939 10.
1064 1870 1225 1937 Item
1266 1868 1480 1935 nullus
1521 1871 1983 1956 magistrorum
2027 1868 2301 1934 alterum
2341 1869 2726 1956 magistrum
2768 1869 2852 1938 de
2889 1870 3160 1936 nacione
3196 1835 3319 1958 pro
3347 1871 3616 1936 iniuria.

738 1971 845 2037 vel
889 1969 1021 2036 alia
1061 1991 1444 2056 quacunque
1489 1990 1687 2034 causa
1730 1991 1951 2038 coram
1993 1979 2247 2035 rectore
2287 1978 2400 2034 aut
2437 1967 2651 2034 iudice
2679 1971 3040 2052 conveniat,
3081 1970 3211 2035 nisi
3253 1971 3441 2057 prius
3471 1992 3608 2058 per

740 2073 1092 2158 magistros
1135 2068 1218 2134 de
1258 2069 1531 2134 nacione
1574 2068 1663 2135 ad
1701 2068 1983 2135 iudicem
2023 2068 2220 2134 fuerit
2256 2068 2586 2134 remissus.

660 2184 721 2239 15
913 2176 1005 2237 11.
1067 2169 1230 2234 Item
1275 2169 1488 2234 senior
1530 2178 1595 2231 et
1631 2166 1968 2234 iudiciales
2025 2190 2144 2256 pro
2195 2177 2487 2255 tempore
2544 2169 2893 2233 existentes
2949 2168 3293 2254 providere
3349 2165 3608 2235 debent

735 2270 993 2337 nacioni
1029 2267 1112 2333 de
1147 2267 1306 2333 fisco
1347 2267 1672 2333 communi
1710 2290 1829 2354 pro
1872 2266 2412 2353 subdelegacione
2454 2275 2570 2332 aut
2601 2267 3269 2353 subdelegacionibus,
3312 2291 3444 2357 qua
3485 2268 3606 2334 vel

736 2369 969 2460 quibus
1024 2366 1282 2454 singula
1336 2366 1623 2453 gaudere
1678 2378 1950 2453 possunt
2002 2357 2357 2455 supposita,
2415 2388 2537 2452 pro
2596 2365 2861 2433 Slesicis
2922 2367 3169 2433 scilicet
3220 2369 3289 2432 in
3345 2367 3604 2435 diocesi

734 2470 1079 2551 Misnensi,
1143 2488 1263 2554 pro
1319 2465 1621 2531 Prutenis
1679 2466 1748 2531 in
1808 2465 2054 2533 diocesi
2108 2465 2496 2533 Oamenensi
2552 2463 2658 2532 vel
2715 2466 2848 2532 alia
2908 2468 3073 2554 ipsis
3143 2467 3387 2554 placita
3449 2470 3602 2534 sive

736 2566 1149 2636 nominanda.

655 2681 723 2737 20
917 2673 1010 2735 12.
1066 2665 1232 2731 Item
1269 2664 1636 2752 quicunque
1676 2664 1902 2750 vigore
1956 2663 2326 2730 huiusmodi
2378 2662 2938 2751 subdelegacionis
2996 2666 3278 2755 aliquem
3317 2667 3424 2733 vel
3476 2667 3600 2732 ali·

738 2792 899 2859 quos
940 2768 1009 2831 in
1049 2787 1310 2831 causam
1354 2762 1456 2828 vel
1502 2786 1731 2830 causas
1775 2763 2034 2832 trahere
2079 2761 2371 2847 voluerit,
2427 2762 2640 2831 solvat
2693 2766 2960 2850 tociens,
3017 2768 3324 2854 quociens
3369 2769 3596 2854 ipsum

738 2891 977 2935 novam
1037 2866 1175 2931 sive
1229 2872 1552 2929 recentem
1611 2884 1876 2929 causam
1938 2864 2258 2928 intentare
2316 2863 2678 2950 contigerit,
2745 2863 2907 2931 duos
2961 2863 3048 2952 gl.
3115 2888 3232 2952 pro
3294 2866 3597 2932 nacionis

740 2969 896 3034 fisco
940 2963 1386 3053 applicandos.

910 3072 1007 3133 13.
1064 3065 1227 3129 Item
1270 3073 1713 3149 transgressor
1751 3061 1986 3127 horum
2022 3062 2312 3147 supremi
2362 3061 2466 3127 vel
2519 3061 2724 3128 infimi
2778 3065 3214 3151 cuiuscunque
3267 3066 3325 3130 si
3370 3088 3600 3131 coram

660 3177 727 3234 25
749 3166 1021 3232 nacione
1065 3187 1133 3230 se
1176 3186 1307 3229 non
1362 3162 1842 3249 recognoverit,
1902 3159 2209 3248 impediri
2261 3170 2477 3249 potest
2518 3185 2635 3251 per
2682 3162 3035 3251 quemlibet
3077 3165 3464 3252 magistrum
3506 3163 3597 3230 de

742 3267 1047 3347 nacione,
1090 3284 1171 3327 ne
1212 3261 1298 3327 ad
1351 3261 1593 3348 gradus
1651 3272 2129 3349 promoveatur.
2215 3259 2346 3342 Qui
2391 3263 2447 3326 si
2502 3263 2813 3349 magister
2854 3274 3189 3351 promotus
3230 3265 3452 3330 existit
3506 3275 3594 3347 et,

744 3365 1055 3453 propriae
1093 3362 1373 3427 innitens
1417 3360 1831 3449 prudenciae,
1891 3369 2118 3427 contra
2161 3360 2501 3448 praedicta
2538 3361 2783 3447 fecerit,
2825 3385 2944 3450 per
2986 3364 3326 3430 nacionem
3362 3365 3596 3451 punia—

742 3477 867 3548 tur,
910 3464 1035 3528 nisi
1079 3461 1453 3527 humiliatus
1494 3483 1564 3527 se
1606 3459 2049 3525 emendaverit
2089 3481 2343 3546 semper
2384 3460 2588 3527 salvo.

912 3568 1004 3629 14.
1062 3562 1225 3627 Item
1269 3561 1483 3626 senior
1532 3561 1841 3645 magister
1883 3559 1966 3624 de
2005 3560 2282 3625 nacione
2323 3582 2443 3647 per
2483 3560 2859 3627 mandatum
2899 3564 3171 3628 rectoris
3216 3561 3336 3627 sub
3380 3585 3597 3650 poena

664 3675 734 3731 30
754 3672 1031 3749 quatuor
1073 3682 1446 3747 grossorum
1489 3660 1682 3726 debet
1722 3661 1790 3724 in
1834 3681 2002 3724 anno
2055 3658 2353 3724 adminus
2397 3661 2575 3725 circa
2614 3661 2847 3727 festum
2886 3663 3095 3727 sancti
3138 3661 3314 3728 Galli
3358 3685 3594 3729 convo·

748 3786 898 3829 care
940 3761 1155 3827 omnia
1195 3760 1535 3846 supposita
1574 3761 1867 3826 nacionis
1922 3757 2298 3845 praedictae
2354 3759 2423 3822 in
2474 3758 2688 3825 locum
2740 3770 3205 3849 competentem
3263 3771 3329 3827 et
3375 3762 3596 3827 facere

745 3863 1012 3929 brevem
1062 3869 1130 3925 et
1181 3858 1403 3925 utilem
1459 3859 1876 3926 collacionem
1920 3857 2024 3925 vel
2079 3856 2242 3923 alias
2300 3857 2840 3942 exhortacionem,
2905 3862 3245 3948 supposita
3299 3863 3592 3927 nacionis

746 3972 819 4029 ut
871 3983 941 4027 se
984 3958 1249 4024 honeste
1308 3970 1566 4044 regant,
1627 3956 1840 4023 studio
1899 3956 2390 4044 disciplinarum
2433 3956 2858 4043 adhaereant,
2919 3960 3105 4025 bonis
3163 3970 3227 4025 et
3284 3960 3592 4026 studiosis

749 4084 819 4128 00
863 4060 1213 4139 associent,
1270 4078 1411 4121 cum
1456 4058 1786 4144 magistris
1830 4054 1932 4121 vel
1980 4058 2294 4142 magistro
2334 4055 2416 4121 de
2469 4059 2742 4125 nacione
2798 4059 3095 4125 habitent
3146 4081 3474 4142 excessus,
3538 4061 3596 4126 si

665 4174 731 4229 35
751 4162 862 4249 qui
901 4159 1159 4240 fuerint,
1198 4157 1581 4244 corrigendo
1624 4155 1976 4223 secundum
2016 4153 2193 4243 quod
2233 4155 2517 4222 viderint
2557 4160 2884 4247 expedire.

1154 4626 1200 4676 2.
1238 4625 1383 4677 ΗΕΒ
1413 4624 1629 4675 LIBER
1662 4623 2006 4676 NATIONIS
2043 4625 2461 4679 POLONICAE
2502 4627 2658 4678 VOM
2692 4628 2924 4678 JAHRE
2968 4628 3139 4681 1557.ι

909 4759 987 4824 111
1028 4758 1287 4824 1101111110
1327 4767 1590 4825 sanctae
1634 4766 1698 4822 et
1737 4756 2114 4822 individuae
2155 4759 2484 4842 trinitatis,
2520 4761 2746 4846 patris,
2789 4758 2907 4824 filii
2948 4769 3012 4823 et
3053 4760 3320 4845 spiritus
3360 4759 3594 4841 sancti,
3635 4753 3655 4760 ’

749 4860 853 4925 0111
892 4856 1056 4941 laus,
1103 4857 1308 4924 honor
1348 4868 1411 4922 et
1452 4856 1665 4943 gloria
1708 4858 1777 4921 in
1819 4865 2222 4944 perpetuum.
2299 4858 2524 4923 Amen.

910 4957 1101 5023 Anno
1148 4979 1190 5022 a
1229 4967 1381 5022 nato
1424 4956 1703 5039 Christo,
1763 4955 1869 5022 dei
1910 4955 2043 5023 filio
2085 4957 2436 5043 unigenite,
2488 4957 2900 5046 redemptore
2953 4969 3193 5041 nostro,
3248 4957 3591 5024 millesimo

669 5035 736 5124 40
749 5058 1258 5144 quingentesimo
1310 5058 1844 5144 quinquagesimo
1901 5057 2195 5144 septime,
2250 5057 2358 5124 die
2413 5058 2740 5125 dominica
2782 5058 3077 5141 Cantate,
3131 5058 3296 5124 hora
3347 5058 3593 5125 duode-

908 5275 930 5324 1
973 5270 1056 5324 Im
1097 5271 1347 5344 Original
1382 5272 1645 5330 erhalten.
1717 5274 1838 5342 Vgl.
1873 5273 2148 5333 Urkundl.
2186 5274 2432 5342 Quellen.
2471 5275 2529 5333 S.
2564 5280 2677 5333 735.
