4038 6358
1107 705 1284 756 Vierte
1321 705 1859 769 Statutenredaction,
1894 723 2000 759 von
2043 707 2395 760 1499-1522.
3072 714 3194 778 453

309 880 450 947 hoc
501 883 896 972 deputatum
941 889 1251 952 maiorem
1296 898 1586 975 apponat
1639 889 2091 976 diligenciam,
2162 891 2243 956 de
2297 891 2567 977 singulis
2627 892 3186 980 disputacionibus

312 981 700 1052 ordinariis
745 986 832 1052 ad
876 989 1089 1053 minus
1131 988 1369 1054 habeat
1412 1012 1606 1054 unum
1646 988 1932 1054 medium
1973 1013 2294 1077 grossum.

839 1160 896 1220 9.
937 1172 1058 1233 QUI
1098 1171 1428 1220 MAGISTRI
1471 1174 1844 1222 TENENTUR
1882 1174 2272 1224 DISPUTARE
2312 1175 2710 1224 ORDINARIE.

505 1283 766 1369 Placet,
813 1286 987 1374 quod
1029 1285 1296 1375 quilibet
1337 1289 1648 1375 magister
1698 1288 1806 1353 hic
1857 1290 1926 1353 in
1979 1291 2402 1356 universitate
2444 1300 2777 1378 promotus
2833 1290 3196 1378 disputabit

313 1384 390 1448 in
445 1383 611 1450 loco
655 1396 721 1450 et
760 1385 987 1452 ordine
1029 1388 1164 1452 sui¹
1207 1388 1570 1474 magisterii
1613 1388 1940 1456 ordinarie
1980 1399 2130 1477 post
2191 1392 2674 1476 promocionem
2740 1413 2924 1455 suam
2981 1390 3182 1454 admi-
3241 1401 3311 1455 5.

316 1506 453 1548 nus
503 1482 601 1549 ad
647 1484 871 1551 decem
913 1487 1150 1552 annos²
1194 1487 1314 1552 sub
1358 1510 1570 1574 poena
1609 1489 2006 1574 privacionis
2047 1489 2175 1555 loci
2217 1492 2287 1554 in
2328 1490 2521 1555 scolis
2567 1499 2630 1554 et
2672 1512 2799 1555 non
2858 1489 3193 1555 admissio-

315 1584 432 1647 nis
485 1582 587 1648 ad
629 1584 949 1672 quoslibet
982 1585 1145 1651 alios
1188 1597 1372 1652 actus
1414 1586 1784 1652 facultatem
1828 1598 2306 1664 concernentes.
2390 1589 2601 1671 Quem
2657 1592 2865 1655 eciam
2907 1589 3191 1656 decanus

317 1704 454 1769 pro
533 1692 832 1771 tempore
891 1687 1178 1772 existens
1231 1685 1553 1752 tenebitur
1623 1686 1938 1775 repellere
2008 1688 2091 1754 de
2146 1688 2338 1755 scolis
2392 1711 2512 1776 per
2570 1689 2879 1756 nuncium
2937 1691 3192 1755 univer-

321 1783 582 1848 sitatis.

371 1954 480 2014 10·
529 1967 918 2016 DISPUTANS
964 1970 1339 2019 OBDINARIE
1384 1970 1708 2018 TENETUR
1756 1970 1888 2018 SIBI
1929 1971 2024 2017 DE
2069 1971 2685 2020 RESPONDENTIBUS
2728 1971 3147 2021 PBOVIDERE.
3212 1965 3275 2019 10

513 2081 764 2165 Placet,
809 2083 981 2169 quod
1024 2081 1293 2171 quilibet
1329 2086 1804 2171 magistrorum,
1849 2086 1960 2172 qui
2004 2107 2089 2151 ex
2136 2086 2360 2151 ordine
2401 2087 2501 2150 sui
2542 2088 2898 2173 magisterii
2938 2096 3189 2153 tenetur

324 2179 690 2267 disputare
700 2231 719 2265 ,
803 2183 884 2248 de
925 2185 1463 2271 respondentibus
1511 2185 1634 2249 sibi
1677 2185 2056 2272 provideat,
2143 2181 2441 2252 adminus
2489 2186 2965 2274 principalibus
2986 2235 3006 2270 ,
3068 2188 3186 2252 sub

325 2302 564 2366 poena
606 2305 738 2347 non
780 2285 1289 2370 computacionis
1333 2281 1504 2349 illius
1548 2284 2037 2371 disputacionis.

773 2472 867 2531 11.
912 2482 1195 2543 QUANDO
1237 2484 1382 2533 Non
1420 2481 1653 2532 DEBET
1691 2485 1878 2533 ruem
1919 2485 2340 2534 msru'rAno
2374 2486 2770 2535 onnmARIA.

513 2596 592 2660 In
625 2597 969 2663 annalibus
1011 2599 1192 2682 foris,
1242 2600 1411 2664 infra
1454 2609 1718 2665 octavas
1759 2601 2030 2684 Pascae,
2069 2601 2547 2684 Penthecostes‚
2592 2602 2952 2667 nativitatis
2988 2601 3188 2669 cristi
3209 2611 3270 2667 15

331 2704 400 2758 et
460 2697 666 2761 certis
737 2699 1116 2783 septimanis
1182 2699 1432 2764 dierum
1494 2700 1961 2766 canicularium
2015 2723 2095 2765 ac
2156 2700 2303 2766 aliis
2346 2701 2744 2789 temporibus
2788 2699 2872 2765 ab
2917 2702 3183 2789 antiquo

329 2793 710 2860 observatis
749 2795 889 2862 fieri
933 2820 1063 2863 non
1105 2798 1297 2864 debet
1336 2798 1684 2886 disputatio
1729 2799 2079 2866 ordinaria.

467 2966 569 3027 12.
616 2958 735 3048 [Bl.
783 2968 858 3029 12
873 2960 925 3050 b]
974 2981 1100 3029 sus
1142 2982 1651 3032 DISPUTACIONE
1692 2983 2071 3033 osonum
2113 2985 2258 3032 Non
2300 2984 2581 3032 DEBENT
2623 2984 2810 3032 me
2845 2981 3069 3031 Ac'rus
3138 2999 3145 3006 ·

1457 3084 1600 3130 Anu
1643 3082 2065 3132 sconAs'mci.

510 3194 788 3278 Placuit,
832 3195 1007 3283 quod
1051 3196 1171 3262 sub
1216 3197 1660 3286 disputacione
1703 3192 2035 3265 ordinaria
2075 3199 2292 3289 nullae
2331 3198 2568 3266 debent
2620 3199 2765 3263 fieri
2807 3198 3182 3284 pronuntia·
3200 3205 3268 3261 20

337 3293 588 3377 ciones,
630 3293 935 3362 lectiones
976 3296 1082 3364 vel
1125 3300 1630 3386 resumpcioneS,
1672 3299 1774 3364 vel
1815 3300 2030 3388 quivis
2072 3299 2184 3364 alii
2227 3308 2408 3364 actus
2440 3296 2783 3380 scolastici,
2827 3295 2947 3361 sub
2971 3318 3184 3392 poena

336 3394 408 3457 in
451 3394 927 3461 reformacione
969 3419 1302 3484 expressa,
1346 3420 1511 3485 quae
1555 3407 1653 3463 est
1694 3401 2031 3464 carenciae
2072 3400 2596 3485 acturegenciae3
2639 3417 2847 3483 neque
2886 3394 3016 3461 illis
3055 3395 3186 3460 die-

335 3490 487 3576 bus,
535 3494 769 3581 quibus
811 3496 885 3559 fit
931 3494 1281 3582 disputatio
1325 3496 1655 3563 ordinaria
1696 3501 2176 3585 magistrorum,
2221 3498 2457 3563 debent
2497 3497 2804 3561 lectiones
2849 3505 2962 3561 aut
3002 3517 3182 3560 exer-

338 3594 514 3658 cicia
555 3593 697 3658 fieri
741 3605 853 3658 aut
910 3597 1272 3660 continuari
1327 3596 1925 3681 extraordinariae3
1980 3606 2195 3662 tamen
2253 3596 2721 3684 disputationes
2780 3603 2930 3680 post
2981 3616 3179 3681 pran-

341 3692 527 3758 dium
571 3693 714 3760 fieri
755 3702 1045 3782 possunt.
2238 3778 2243 3791 Ι
3198 3702 3264 3758 25

686 3866 777 3928 13.
834 3877 928 3925 ΒΕ
971 3877 1596 3928 DISPUTATIONIBUS
1638 3879 2271 3929 EXTRAOBDINARIIS
2314 3878 2830 3927 MAGISTRORUM.

511 3993 786 4079 Placuit,
830 3994 1003 4082 quod
1048 3993 1319 4081 quilibet
1362 4004 1695 4082 promotus
1739 3998 1808 4061 in
1839 3997 2222 4083 magistrum
2244 3995 2441 4060 octies
2468 3993 2985 4059 extraordinarie
3009 3992 3183 4058 infra

344 4095 595 4180 primos
639 4093 800 4159 duos
840 4115 1043 4159 annos
1087 4095 1445 4179 magisterii
1505 4094 1801 4182 disputet.
1885 4095 1958 4160 Si
2019 4118 2177 4161 vero
2242 4094 2387 4182 quis
2453 4116 2635 4159 secus
2704 4093 2929 4159 fecerit
2993 4102 3055 4158 et
3114 4093 3184 4156 in

346 4194 579 4279 primis
625 4192 874 4259 duobus
918 4195 1106 4269 annis
1151 4194 1351 4258 octies
1391 4216 1520 4259 non
1562 4194 2029 4284 disputaverit,
2090 4194 2240 4259 talis
2289 4191 2511 4280 triplet
2548 4191 2918 4258 huiusmodi
2960 4188 3179 4280 dispu—

344 4294 675 4377 taciones3
720 4302 783 4358 et
826 4301 1176 4380 antequam
1218 4292 1343 4358 hoc
1383 4293 1626 4377 fecerit,
1669 4317 2075 4383 nequaquam
2121 4293 2206 4359 ad
2250 4293 2586 4359 consilium
2625 4292 2955 4358 facultatis
3016 4293 3178 4356 reci·
3198 4301 3267 4357 30

346 4393 587 4477 piatur.
671 4392 887 4458 Debet
929 4393 1138 4457 eciam
1178 4391 1513 4478 disputare
1557 4392 1917 4479 diligenter,
1961 4393 2264 4459 videlicet
2291 4393 2608 4480 capiendo
2653 4391 2819 4457 duas
2863 4393 3181 4480 quaestio-

346 4513 461 4557 nes
510 4501 575 4556 et
618 4490 744 4558 duo
786 4491 1211 4579 zophismata,
1253 4493 1322 4556 in
1364 4491 1578 4580 aliquo
1619 4493 2032 4575 lectoriorum
2076 4516 2221 4559 cum
2262 4495 2663 4558 intimatione
2718 4490 3003 4579 publica,
3046 4492 3181 4557 fere

348 4590 432 4654 ad
477 4590 641 4656 duas
682 4591 877 4659 horas
921 4591 1353 4660 continuando
1377 4594 1403 4635 3
1475 4602 1539 4657 et
1605 4595 1672 4657 in
1732 4592 1958 4658 habitu
2013 4591 2375 4679 magistrali
2435 4601 2738 4657 consueto
2796 4614 2943 4656 cum
2986 4591 3181 4656 mitra

347 4689 450 4755 vel
492 4689 723 4757 bireto.
807 4693 895 4763 Et
934 4692 1161 4758 volens
1205 4693 1299 4756 sic
1356 4691 1872 4758 extraordinarie
1931 4691 2297 4780 disputare,
2360 4700 2611 4756 tantum
2683 4689 2879 4756 semel
2944 4690 3016 4754 in
3077 4688 3183 4754 die

349 4789 655 4877 disputet,
700 4791 820 4857 sub
863 4814 1074 4879 poena
1111 4813 1244 4857 non
1285 4792 1778 4878 computationis
1836 4790 2205 4858 huiusmodi
2263 4791 2725 4878 disputationis
2779 4798 2912 4855 tam
2966 4788 3263 4876 dispu-35

350 4890 513 4954 tanti
554 4910 749 4975 quam
788 4891 1352 4978 respondentibus.

528 5128 551 5178 1
588 5123 963 5181 Geschrieben
995 5123 1143 5179 steht
1172 5142 1289 5180 εαο.

517 5212 548 5264 2
586 5206 698 5263 Am
730 5209 927 5264 Raude
960 5226 1032 5263 zu
1066 5209 1174 5264 den
1203 5208 1439 5272 Worten
1473 5208 1615 5263 adm.
1651 5209 1733 5262 ad
1761 5208 1817 5261 d.
1851 5224 1931 5261 a.:
1966 5207 2402 5283 Inmutataleunt
2434 5207 2567 5262 haec
2596 5208 2763 5262 verba
2793 5206 3177 5261 subdecanum

349 5293 604 5363 megrim-i
631 5293 864 5348 Ioannis
897 5293 1053 5347 Matz
1091 5292 1519 5347 Ἠιοηιηπίωιειῖο
1552 5310 1698 5347 armo
1735 5296 1881 5360 1521,
1910 5298 1973 5346 ut
1996 5298 2156 5362 patet
2185 5292 2247 5346 in
2279 5290 2564 5347 conclusis.

513 5382 545 5435 3
580 5377 690 5432 Am
725 5377 924 5433 Raude
958 5385 1164 5448 tompus
1200 5385 1280 5433 est
1311 5378 1651 5433 moderatum
1682 5377 1897 5433 decreto
1920 5376 2226 5447 facultatis
2263 5379 2410 5432 1520.
