4038 6358
850 522 970 589 600
1863 520 1964 571 Die
1997 519 2371 571 mediciniuche
2403 519 2655 572 Faculffit.

847 705 933 770 tis
975 725 1300 769 resumere
1345 702 1683 769 licenciam
1767 703 1835 768 in
1878 702 2010 770 alia
2045 704 2496 787 universitate3
2542 712 2606 768 et
2646 701 2821 791 quod
2860 702 3074 769 velitis
3137 703 3203 768 in
3248 703 3381 769 ista
3430 702 3685 769 univer·

848 805 1036 869 sitate
1078 812 1139 868 et
1182 826 1310 868 non
1353 801 1510 868 alibi
1551 804 1844 890 recipere
1884 805 2171 891 insignia
2213 802 2588 886 doctoralia,
2631 825 2753 868 nec
2796 825 2991 890 super-
3032 803 3156 890 hys
3199 801 3283 868 ab
3329 800 3547 892 aliquo
3571 826 3678 868 su-

845 904 1085 991 periori
1128 912 1347 990 petere
1390 901 1946 989 dispensacionem
2006 927 2122 969 seu
2174 927 2215 969 a
2269 904 2632 969 iuramento
2688 901 3192 969 absolucionem.
3274 902 3364 969 Et
3426 903 3689 969 dicatis:

851 1002 997 1090 Ego
1040 1001 1248 1069 iuro.“

762 1179 794 1234 5
987 1175 1082 1238 30.
1138 1185 1532 1236 Pnomsstm
1576 1183 1795 1235 suren
1847 1187 2166 1237 msmims
2214 1166 2340 1258 [8⁸]
2384 1184 2921 1235 noc‘rommsus
2967 1185 3404 1234 summumst
3450 1185 3541 1232 m·

1724 1285 2372 1335 sommium-nnius
2412 1284 2812 1335 snnvmms.

1015 1417 1306 1501 Quilibet
1347 1418 1724 1485 licenciatus
1768 1420 2149 1503 medicinae,
2195 1429 2421 1507 petens
2462 1419 2748 1505 insignia
2791 1417 3167 1495 doctoralia,
3210 1418 3405 1484 debet
3445 1417 3689 1485 decano

846 1529 909 1584 et
953 1518 1323 1584 doctoribus
1370 1518 1451 1583 de
1492 1519 1761 1585 consilio
1800 1519 2129 1585 facultatis
2169 1521 2565 1607 promittere,
2609 1518 2783 1607 quod
2822 1527 3116 1606 tempore
3154 1518 3515 1606 recipiendi
3541 1518 3691 1606 byr—

848 1629 1054 1684 retum
1099 1628 1163 1683 et
1204 1617 1335 1682 alia
1374 1618 1659 1704 insignia
1703 1617 2063 1685 doctoralia
2104 1619 2261 1685 velit
2302 1618 2789 1705 solempnitates
2833 1617 3025 1683 aulae
3066 1640 3187 1683 nec
3229 1640 3359 1685 non
3405 1617 3683 1684 aliorum

770 1729 832 1784 10
854 1728 1108 1784 actuum
1153 1718 1328 1782 circa
1370 1717 1651 1800 easdem,
1697 1720 1887 1783 sicuti
1929 1717 2258 1784 videbitur
2300 1715 2675 1784 doctoribus
2731 1715 2813 1781 de
2875 1715 3143 1782 consilio
3196 1717 3527 1783 facultatis
3564 1740 3695 1782 me·

835 1817 1111 1883 ‘dicinae
1153 1831 1217 1882 et
1258 1840 1387 1881 non
1432 1816 1641 1900 aliter,
1684 1818 2018 1905 expedire.

1013 1990 1110 2052 31.
1169 2002 1288 2061 QUI
1328 2001 1420 2048 ΕΤ
1465 2000 1654 2061 QUOT
1697 2002 2027 2050 DEBEANT
2070 2000 2235 2050 ESSE
2280 1999 2747 2049 PBOMOTORES
2786 1996 3420 2050 Doc'romnonun
3460 2000 3532 2048 m

1329 2100 1681 2149 MEDICINIS
1734 2102 1826 2148 ET
1872 2101 2196 2148 TRADERE
2239 2098 2348 2147 ms
2387 2098 2692 2148 INSIGNIA
2731 2099 3202 2149 DOCTORALIA.

1010 2234 1317 2300 Decanus
1359 2235 1685 2300 facultatis
1729 2235 1902 2301 omni
1942 2243 2238 2320 tempore
2282 2240 2381 2298 est
2422 2230 2805 2318 principalis
2860 2242 3194 2318 promotor
3250 2233 3687 2318 cuiuscunque

767 2342 826 2398 15
851 2332 1232 2399 doctorandi
1291 2336 1359 2399 in
1417 2334 1771 2416 medicina,
1857 2339 2336 2421 compromotor
2387 2353 2545 2397 vero
2603 2330 2840 2419 aliquis
2892 2329 3227 2398 doctorum
3286 2331 3369 2397 de
3410 2330 3687 2397 consilio

841 2432 1166 2498 facultatis
1202 2435 1389 2499 iuxta
1426 2434 1717 2500 ordinem
1761 2435 1943 2516 senii,
1988 2430 2358 2519 incipiendo
2404 2453 2445 2495 a
2488 2431 2699 2518 primo
2746 2433 3000 2497 seniore
3058 2441 3210 2518 post
3263 2431 3586 2498 decanum
3628 2443 3693 2497 et

843 2534 940 2598 sic
978 2532 1284 2620 deinceps
1329 2533 1416 2599 ad
1456 2535 1771 2600 iuniorem
1815 2530 2246 2613 deveniendo,
2314 2538 2542 2617 postea
2596 2529 2677 2595 de
2734 2552 2902 2596 novo
2946 2532 3236 2596 vicissim
3277 2531 3676 2619 incipiendo.

847 2631 1214 2697 Promotori
1256 2642 1472 2698 autem
1513 2631 1862 2720 principali
1905 2630 2243 2699 duodecim
2281 2629 2561 2696 florenos
2615 2640 2679 2695 et
2731 2631 3232 2717 compromotori
3273 2653 3390 2695 sex
3431 2630 3496 2699 fl.
3565 2654 3687 2718 pro

844 2730 1068 2798 labore
1114 2729 1370 2798 habito¹
1414 2742 1478 2797 et
1523 2732 1762 2797 solacio
1807 2732 2065 2797 eorum²
2103 2728 2393 2797 novellus
2437 2727 2664 2796 doctor
2707 2729 2960 2794 solvere
3005 2728 3198 2795 debet
3254 2752 3397 2795 esse
3438 2729 3682 2817 obliga-

759 2837 826 2896 20
844 2837 967 2912 tus,
1011 2839 1074 2895 et
1116 2839 1463 2916 antequam
1503 2831 1626 2898 hoc
1663 2832 1891 2897 fecerit
1930 2839 2043 2897 aut
2085 2851 2308 2895 eorum
2352 2828 2750 2894 voluntatem
2790 2827 2977 2917 plene
3016 2852 3148 2896 non
3191 2828 3563 2913 obtinuerit,
3606 2828 3686 2894 ad

842 2928 1180 2995 consilium
1224 2929 1548 2995 facultatis
1576 2930 1866 2996 medicae
1911 2934 1998 3005 (et
2041 2929 2126 2994 ad
2169 2950 2352 2994 suam
2393 2929 2865 3016 promotionem
2905 2930 3098 3007 non3)
3142 2928 3543 2994 admittatur.
3611 2928 3679 2994 Si

842 3051 999 3094 vero
1041 3028 1258 3116 plures
1301 3028 1685 3096 doctorandi
1722 3031 1963 3095 fuerint
2006 3028 2232 3095 eodem
2275 3037 2587 3116 tempore,
2635 3028 2921 3094 decanus
2963 3039 3299 3117 promotor
3346 3031 3471 3094 erit
3513 3030 3683 3117 prin-

843 3127 1073 3217 cipalis
1118 3150 1243 3217 quo
1287 3128 1374 3194 ad
1416 3128 1705 3215 singulos
1749 3139 1814 3196 et
1858 3152 1898 3195 a
1938 3126 2226 3215 quolibet
2270 3129 2558 3215 ipsorum
2603 3127 2871 3195 habebit
2930 3127 3273 3195 duodecim
3331 3127 3434 3212 fl.;
3521 3149 3685 3194 com·

839 3238 1173 3317 promotor
1216 3239 1450 3311 autem,
1500 3231 1611 3317 qui
1651 3231 1878 3294 unicus
1922 3250 2065 3293 esse
2109 3227 2321 3310 debet,
2365 3228 2637 3313 recipiet
2676 3225 2972 3293 similiter
3015 3227 3100 3293 ab
3135 3250 3527 3317 unoquoque
3568 3250 3678 3294 sex

758 3336 824 3394 25
845 3328 939 3411 fl.3
985 3350 1105 3415 pro
1151 3351 1221 3393 se
1262 3330 1546 3394 retinens
1590 3338 1840 3394 tantum
1885 3349 2033 3411 sex,
2094 3327 2375 3416 reliquos
2428 3325 2709 3392 florenos
2752 3329 2921 3392 inter
2966 3326 3266 3394 doctores
3309 3329 3380 3393 in
3416 3326 3676 3393 medici-

843 3429 946 3493 nis
989 3437 1327 3514 sequentes
1370 3426 2026 3515 proporcionabiliter
2073 3425 2465 3491 distribuere
2502 3435 2817 3510 teneatur,
2881 3425 3006 3492 hoc
3048 3426 3241 3493 modo
3288 3425 3464 3517 quod
3506 3425 3681 3514 quili-

842 3526 955 3592 bet
994 3549 1113 3593 sex
1153 3527 1442 3593 obtineat
1496 3527 1600 3610 fl.3
1660 3536 1724 3592 et
1782 3525 2079 3592 doctores
2129 3522 2190 3613 [8
2205 3521 2256 3612 ¹³]
2307 3532 2599 3590 carentes
2636 3524 2760 3590 hac
2806 3529 2948 3592 vice
2991 3526 3421 3593 emolumento
3468 3526 3681 3593 docto-

843 3638 1130 3692 ratorum
1172 3626 1299 3692 alio
1341 3637 1651 3714 tempore,
1695 3626 1830 3691 deo·
1870 3626 2165 3707 favente,
2230 3624 2652 3690 consimiliter
2707 3627 3120 3714 participent.
3201 3626 3291 3692 Et
3350 3628 3449 3692 sic
3513 3625 3679 3713 quod

846 3724 1139 3792 differtur
1177 3749 1309 3793 non
1353 3726 1612 3792 omnino
1658 3724 2018 3791 suffertur-⁴.

760 3900 830 3958 30
1111 3897 1207 3961 32·
1255 3909 1350 3957 DE
1393 3908 1736 3958 PEOCUMA
1778 3908 1956 3958 Flscl
1998 3908 2365 3959 SOLVENDA
2408 3895 2543 3957 PER
2583 3907 2968 3958 NOVELLUM
3009 3908 3423 3963 Doc'ronma.

1007 4039 1312 4107 Novellus
1367 4040 1595 4108 doctor
1647 4044 1715 4107 in
1774 4041 2111 4108 medicinis
2167 4051 2316 4131 post
2375 4041 2477 4106 sui
2541 4044 3021 4129 promocionem
3084 4046 3302 4109 statim
3353 4052 3468 4109 aut
3518 4044 3681 4111 infra

844 4143 1163 4206 mensem⁶
1205 4162 1324 4228 pro
1369 4141 1525 4206 fisco
1565 4139 1893 4212 facultatis
1938 4142 2192 4208 solvere
2230 4150 2482 4207 tenetur
2517 4152 2795 4230 quatuor
2843 4140 3123 4211 florenos
3164 4146 3230 4209 in
3276 4165 3455 4210 auro.

817 4331 941 4396 ’33-
975 4343 1072 4394 DE
1114 4341 1458 4393 Placemus
1500 4343 1799 4393 ramus
1839 4342 2367 4393 UNIVERSITATIS
2409 4342 2648 4392 DANDA
2689 4344 2824 4393 PER
2866 4344 3249 4395 NOVELLUM
3286 4345 3678 4396 Docwomm.

1008 4475 1257 4543 Doctor
1299 4475 1600 4541 norellus·
1631 4476 1700 4540 in
1741 4474 2080 4542 medicinis
2124 4484 2457 4564 promotus
2501 4475 2683 4542 dabit
2718 4477 2976 4544 famulis
3036 4480 3477 4544 universitatis
3532 4489 3676 4545 tem-

760 4586 1003 4665 35pore
1046 4576 1449 4663 recepcionis
1487 4575 1914 4661 insigniorum
1957 4574 2385 4642 doctoralium
2430 4578 2713 4665 quinque
2755 4576 3053 4661 florenos,
3097 4600 3217 4665 pro
3250 4577 3485 4666 quibus
3532 4578 3674 4645 dicti

1021 4781 1041 4831 1
1085 4775 1203 4829 Fiir
1234 4775 1422 4831 habito
1457 4776 1532 4830 ist
1569 4780 1757 4847 spater
1789 4779 2001 4849 gesetzt
2033 4776 2296 4831 habendo.

1012 4865 1043 4916 2
1080 4859 1363 4914 Hiemach
1398 4860 1471 4914 ist
1505 4864 1692 4930 spiiter
1726 4858 2130 4932 eingeschoben
2165 4860 2331 4914 biduo
2365 4867 2490 4914 anto
2513 4860 2933 4930 promotionm.

1013 4948 1044 5000 3
1081 4943 1189 4998 Die
1223 4944 1746 5016 eingeklammerten
1785 4945 1978 5000 Worte
2012 4944 2137 4997 sind
2176 4942 2614 5014 nachgetragen,
2664 4944 2810 4999 doch
2863 4962 3041 5000 waren
3078 4944 3157 5000 sie
3190 4943 3333 5000 wohl
3368 4963 3474 5002 nur
3504 4944 3665 5003 durch

846 5029 936 5084 ein
969 5027 1249 5086 Versehen
1288 5030 1384 5084 des
1422 5027 1740 5084 Schreibers
1780 5026 2137 5100 ausgefallen.

1015 5118 1046 5168 4
1082 5115 1190 5168 Am
1226 5113 1449 5168 Raude:
1490 5113 1621 5167 Hoc
1652 5114 1900 5167 ultimum
1934 5114 2271 5167 immutamm
2309 5119 2547 5183 tompore
2579 5115 2636 5170 d.
2674 5113 2841 5182 Roth,
2873 5120 2935 5167 ut
2968 5112 3125 5168 alibi.

1017 5202 1047 5252 5
1086 5196 1192 5253 Die
1227 5198 1423 5254 Worte
1458 5205 1556 5253 aut
1586 5199 1749 5272 infra
1785 5215 2012 5254 menam
2047 5197 2171 5252 sind
2207 5199 2392 5270 spater
2424 5195 2640 5269 getilgt.
