4038 6358
1125 630 1295 685 Dritte
1330 634 1860 701 Statuteuredaction,
1896 650 2002 686 von
2044 631 2437 688 nub—1490.
3069 636 3192 702 403

300 818 453 877 tate
490 813 763 880 axeium
798 814 884 877 sit
925 812 1243 880 exclusus.
1327 815 1611 883 Tenetur
1654 818 1858 882 eciam
1897 815 2176 882 facultas
2215 816 2311 881 illi
2351 814 2454 881 vel
2500 815 2647 899 illis,
2691 819 2800 904 qui
2847 819 2942 882 sic
2981 820 3182 904 impe-

298 912 477 976 titur
514 922 645 978 aut
673 913 1093 1000 impetuntur,
1136 913 1513 981 molestatur
1544 925 1656 981 aut
1686 915 2131 999 molestantur,
2155 915 2417 980 realiter
2450 937 2596 981 cum
2630 917 2861 981 effectu
2887 919 3193 982 assistere

306 1021 397 1093 et,
449 1013 517 1077 si
556 1034 731 1099 opus
760 1013 972 1096 fuerit,
1017 1015 1221 1078 eciam
1251 1013 1371 1079 sub
1407 1017 1714 1102 expensis
1744 1014 2073 1080 facultatis
2111 1017 2400 1102 propriis
2448 1014 2722 1079 eundem
2763 1015 2867 1080 vel
2911 1016 3192 1099 eosdem,

305 1111 544 1175 eciam
613 1135 654 1176 a
715 1111 1233 1200 quibuscunque,
1288 1116 1441 1179 totis
1500 1115 1751 1181 viribus
1807 1115 2147 1180 defensare
2203 1124 2298 1198 et,
2357 1124 2666 1201 quantum
2725 1116 2793 1178 in
2850 1138 2925 1180 eo
2981 1116 3195 1199 fuerit,

313 1232 734 1277 assecurare
777 1234 897 1276 nee
935 1234 1062 1277 non
1107 1212 1389 1279 totaliter
1431 1214 1802 1302 exbrigare.
3245 1224 3278 1280 5

1302 1385 1397 1449 16.
1451 1397 1546 1443 DE
1591 1397 1901 1445 ExAmNE
1946 1382 2247 1445 nomm.1

500 1510 681 1576 Item
710 1509 980 1596 quilibet
1007 1511 1465 1596 magistrorum
1496 1511 1580 1578 de
1607 1511 1875 1579 consilio
1897 1512 2244 1596 facultatiS,
2280 1535 2398 1600 per
2426 1510 2741 1578 decanum
2784 1514 2852 1578 in
2895 1515 3192 1581 examine

310 1632 601 1674 morum
640 1612 1013 1695 requisitus),
1057 1619 1309 1676 tenetur
1350 1610 1642 1677 revelare
1685 1634 1989 1677 excessus
2032 1612 2352 1678 notabiles
2393 1618 2461 1676 'et
2500 1612 3002 1677 insufficiencias
3042 1635 3190 1699 pro-

320 1708 844 1793 movendorum,
890 1711 947 1774 si
990 1708 1115 1775 sibi
1158 1720 1474 1795 constant,
1520 1712 1639 1778 sub
1682 1735 1797 1778 suo
1837 1714 2217 1795 iuramento,
2258 1713 2367 1800 qui
2409 1713 2478 1775 in
2521 1712 2959 1777 confusionem
2999 1710 3196 1776 facul-

318 1810 497 1877 tatis
547 1831 825 1894 vergere
869 1819 1151 1896 possent.
2466 1800 2470 1809 ’
3221 1822 3284 1876 10

474 1999 584 2058 17.
650 2009 1070 2059 ευΒεοΒῑΡΤΑ
1112 2010 1277 2059 LEe1
1331 2012 1611 2061 DEBENT
1654 2010 2165 2061 mmeramme
2207 2012 2383 2061 Posi·
2427 2010 2712 2059 ExAEEN
2756 2011 3082 2059 TEMPORE

522 2117 529 2123 ·
1375 2110 1812 2161 Anmssmms
1854 2111 2182 2160 ffsonum.
2345 2092 2348 2095 ’

380 2225 848 2290 Itu-amentum
892 2228 1103 2313 primo
1145 2225 1400 2314 legatur
1439 2227 1521 2292 de
1562 2227 1946 2294 obediencia
1986 2237 2052 2292 et
2091 2228 2468 2292 reverencia
2512 2234 2577 2289 et
2617 2234 2765 2313 post
2804 2225 2966 2291 haec
3007 2225 3164 2291 alia:

513 2374 711 2461 „Ego
762 2375 858 2439 .N.
915 2377 1057 2441 iuro
1117 2376 1305 2441 vobis
1368 2376 1613 2443 decano
1672 2388 1736 2444 et
1789 2380 2026 2443 vestris
2088 2374 2569 2441 successoribus
2642 2377 3087 2442 reverenciam
3141 2384 3205 2441 et

331 2473 795 2539 obedientiam
832 2477 899 2539 in
938 2474 1135 2541 licitis
1182 2487 1246 2542 et
1285 2476 1571 2543 honestis
1590 2527 1609 2560 ‚
1654 2490 1719 2544 et
1760 2500 2025 2543 servare
2068 2486 2308 2541 statuta
2351 2483 2416 2540 et
2459 2475 2804 2541 statuenda
2842 2498 2961 2563 pro
3006 2498 3201 2562 posse
3224 2487 3287 2541 15

334 2583 406 2639 et
447 2595 689 2657 nosse,
736 2583 801 2638 et
842 2597 1197 2662 procurare
1254 2576 1495 2643 bonum
1553 2577 1900 2643 facultatis.
1998 2576 2110 2643 Sic
2164 2597 2267 2641 me
2319 2575 2477 2641 deus
2534 2575 2801 2642 adiuvet
2854 2583 2918 2639 et
2974 2584 3203 2642 sancta

334 2673 453 2738 dei
517 2674 935 2760 ewangelia.“
956 2675 983 2716 ²
2123 2692 2130 2699 '

521 2772 723 2857 „Item
763 2795 883 2860 ego
924 2774 1100 2857 iuro,
1144 2774 1319 2862 quod
1375 2776 1548 2848 infra
1603 2798 1842 2841 annum
1886 2799 1927 2840 a
1967 2776 2097 2840 fine
2140 2775 2492 2857 examinis,
2537 2775 2593 2839 si
2635 2775 2961 2841 admissus
3005 2776 3208 2859 fuero,

340 2873 413 2936 in
463 2874 600 2937 ista
640 2875 1065 2938 universitate
1108 2876 1175 2937 in
1219 2873 1468 2939 artibus
1511 2876 1800 2962 incipere
1843 2875 2069 2958 velim,
2112 2876 2239 2939 nisi
2277 2876 2624 2941 terminum
2670 2897 2711 2938 a
2751 2873 3057 2940 facultate
3099 2876 3210 2941 ob·

343 2974 616 3037 tinuero
656 2971 1077 3058 longiorem.“
2287 3030 2288 3037 ,
3223 2981 3292 3038 20

530 3070 754 3155 „Item,
800 3072 973 3159 quod
1008 3095 1138 3137 non
1171 3072 1368 3138 velim
1398 3073 1687 3160 incipere
1723 3075 1789 3138 in
1821 3072 2098 3155 artibus5
2135 3074 2263 3138 nisi
2307 3073 2508 3158 petito
2553 3072 2779 3139 favore
2821 3096 2862 3137 a
2901 3072 3211 3139 facultate

353 3170 615 3236 arcium
663 3182 728 3235 et
771 3170 1091 3238 obtento.“

526 3271 735 3354 „Item
746 3320 766 3354 ,
811 3273 986 3358 quod
1028 3273 1199 3338 infra
1253 3273 1643 3362 quindenam
1700 3296 1740 3338 a
1798 3274 1925 3337 fine
1981 3274 2304 3338 examinis
2362 3271 2556 3337 velim
2612 3271 2862 3338 solvere
2916 3273 3210 3340 facultati

355 3369 533 3435 duos
574 3369 854 3436 florenos
898 3394 1244 3459 rynenses,
1300 3374 1427 3438 nisi
1483 3397 1523 3437 a
1574 3372 1880 3438 facultate
1938 3371 2276 3438 obtinuero
2333 3392 2557 3438 eorum
2615 3371 3056 3437 dimissionem
3107 3373 3210 3440 vel

354 3467 741 3534 dilationem
781 3470 867 3535 ad
905 3473 1251 3536 terminum
1295 3472 1713 3559 longiorem.“
2815 3559 2824 3563 Δ
3226 3480 3292 3537 25

532 3569 761 3654 „Item,
806 3570 979 3655 quod
1018 3571 1212 3636 velim
1258 3571 1510 3636 solvere
1551 3594 1749 3637 unum
1793 3569 2107 3635 florenum
2152 3591 2271 3656 pro
2316 3568 2471 3632 fisco
2514 3570 3018 3634 universitatis.“

530 3670 761 3754 „Item,
806 3669 980 3757 quod
1020 3661 1390 3735 non'velim
1434 3673 1723 3758 incipere
1767 3671 1894 3734 nisi
1937 3672 2188 3755 signeto
2232 3667 2454 3734 habito
2499 3690 2539 3732 a
2580 3667 2891 3734 decano.“

538 3768 659 3859 [Bl.
710 3765 849 3855 13⁸]
910 3768 1117 3851 „Item
1126 3818 1145 3851 ,
1192 3768 1365 3857 quod
1405 3792 1537 3834 non
1578 3768 1772 3834 velim
1814 3792 1854 3834 a
1895 3767 2523 3834 recommendatione
2577 3766 3064 3834 licenciatorum
3106 3793 3210 3835 me

368 3870 717 3936 absentare
735 3918 753 3951 ,
796 3869 926 3933 nisi
968 3868 1421 3934 rationabilem
1477 3867 1763 3934 habuero
1820 3890 2083 3932 causam
2103 3918 2121 3951 ,
2166 3890 2358 3954 quam
2399 3866 2693 3932 facultati
2737 3891 3102 3955 proponam
3146 3880 3210 3934 et

371 3970 668 4034 favorem
712 3967 1057 4033 absenciae
1096 3966 1421 4033 obtineam
1460 3967 1544 4032 ab
1588 3967 1875 4033 eadem.“
3227 3977 3296 4034 30

539 4103 855 4164 Hiernach
897 4104 977 4162 ist
999 4109 1144 4178 fast
1185 4105 1279 4164 die
1318 4124 1508 4182 qanze
1546 4104 1703 4164 Seite
1744 4107 1866 4162 leer
1900 4106 2215 4181 yelassen;
2257 4111 2439 4161 umen
2480 4103 2662 4162 hei-est
2704 4124 2765 4162 es
2805 4103 3042 4162 weiter:

532 4216 721 4304 „Ego
765 4216 859 4281 .N.
899 4218 1062 4300 iuro,
1107 4217 1281 4306 quod
1323 4240 1442 4303 per
1482 4217 1642 4283 duos
1683 4240 1887 4282 annos
1931 4217 2000 4281 in
2030 4219 2157 4282 ista
2190 4217 2612 4281 universitate
2646 4216 2860 4303 legam
2891 4225 2958 4283 et
2992 4217 3212 4305 dispu-

369 4316 546 4400 tabo,
584 4316 713 4381 nisi
749 4338 1003 4381 mecum
1048 4338 1242 4404 super
1284 4315 1408 4381 hoc
1444 4317 1641 4384 fuerit
1683 4316 2194 4405 dispensanim.“

530 4416 765 4501 „Item,
810 4414 985 4504 quod
1029 4425 1269 4481 statuta
1311 4425 1374 4481 et
1414 4417 1789 4501 statuenda,
1833 4439 1998 4505 quae
2043 4425 2194 4481 sunt
2249 4437 2370 4503 pro
2422 4413 2592 4482 bono
2644 4417 3086 4483 universitatis
3139 4439 3218 4482 ac

364 4515 695 4582 facultatis
740 4518 1008 4599 arcium,
1051 4516 1248 4581 velim
1283 4516 1555 4581 firmiter
1599 4516 2013 4582 observare.“
3229 4525 3296 4580 35

526 4616 733 4701 „Item
742 4666 763 4700 ,
806 4614 979 4701 quod
1021 4616 1217 4680 istum
1261 4615 1541 4701 gradum
1582 4618 1653 4680 in
1692 4614 1871 4681 nulla
1912 4614 2044 4680 alia
2083 4616 2507 4680 universitate
2547 4617 2929 4680 resumam.“

527 4717 737 4801 „Item
753 4764 772 4799 ,
814 4714 986 4803 quod
1029 4713 1274 4780 bonum
1316 4714 1508 4781 huius
1548 4716 1991 4781 universitatis
2050 4724 2115 4780 et
2165 4713 2494 4780 facultatis
2548 4718 2816 4798 arcium,
2872 4713 2960 4780 ad
2998 4738 3214 4803 quem-

369 4838 623 4902 cunque
665 4823 904 4880 statum
947 4813 1290 4900 devenero,
1330 4814 1528 4880 velim
1567 4815 1984 4902 procurare.“
2485 4833 2488 4838 ·

534 4936 653 4995 Die
690 4955 881 5014 qanze
920 4934 1241 4995 Riickseite
1284 4938 1387 4995 des
1434 4938 1671 4995 Blattes
1713 4933 1793 4993 ist
1833 4936 1957 4993 laer
1990 4933 2299 5010 qeblieben.

543 5155 567 5205 1
604 5149 735 5205 Von
760 5147 992 5204 anderer
1014 5148 1186 5205 Hand
1210 5151 1287 5205 ist
1309 5148 1551 5206 schwarz
1579 5147 1951 5222 hinzugefiigt
1973 5149 2055 5203 ad
2072 5147 2438 5218 impedientes,
2470 5148 2523 5203 d.
2560 5146 2596 5202 i.
2631 5150 2823 5219 quoad
2847 5150 3214 5221 impedientes,

369 5235 482 5308 γει
520 5232 885 5374 ῗῧῃωῖιᾞῖ
900 5239 1232 5374 :tlxRandez
1272 5318 1622 5386 bac-,calanus
1644 5317 1875 5373 aua-im
1891 5313 2269 5371 mam-sitacus
2286 5316 2377 5370 hic
2404 5318 2752 5371 mmmm
2783 5319 2957 5372 eccam
2991 5318 3214 5374 iurabit
3327 5374 3332 5382 ,

2743 5404 2880 5473 26*
