<?xml version="1.0" encoding="UTF-8"?>
<!DOCTYPE html PUBLIC "-//W3C//DTD XHTML 1.0 Transitional//EN"
    "http://www.w3.org/TR/xhtml1/DTD/xhtml1-transitional.dtd">
<html xmlns="http://www.w3.org/1999/xhtml" xml:lang="en" lang="en">
 <head>
  <title>
</title>
<meta http-equiv="Content-Type" content="text/html;charset=utf-8" />
  <meta name='ocr-system' content='tesseract 3.04.00' />
  <meta name='ocr-capabilities' content='ocr_page ocr_carea ocr_par ocr_line ocrx_word'/>
</head>
<body>
  <div class='ocr_page' id='page_1' title='image "./diestatutenbche02leipgoog_0474.png"; bbox 0 0 4038 6358; ppageno 0'>
   <div class='ocr_carea' id='block_1_1' title="bbox 878 632 2717 700">
    <p class='ocr_par' dir='ltr' id='par_1_1' title="bbox 878 632 2717 700">
     <span class='ocr_line' id='line_1_1' title="bbox 878 632 2717 700; baseline -0.004 -6"><span class='ocrx_word' id='word_1_1' title='bbox 878 632 999 699; x_wconf 80' lang='grc'><strong>458</strong></span> <span class='ocrx_word' id='word_1_2' title='bbox 1856 635 1955 686; x_wconf 79' lang='lat' dir='ltr'><strong>Dic</strong></span> <span class='ocrx_word' id='word_1_3' title='bbox 1989 636 2430 700; x_wconf 67' lang='lat' dir='ltr'><strong>philosophice-hc</strong></span> <span class='ocrx_word' id='word_1_4' title='bbox 2462 636 2717 688; x_wconf 58' lang='lat' dir='ltr'><strong>Facultat.</strong></span> 
     </span>
    </p>
   </div>
   <div class='ocr_carea' id='block_1_2' title="bbox 790 813 3725 1703">
    <p class='ocr_par' dir='ltr' id='par_1_2' title="bbox 876 813 3725 1206">
     <span class='ocr_line' id='line_1_2' title="bbox 876 813 3723 907; baseline 0.002 -29"><span class='ocrx_word' id='word_1_5' title='bbox 876 813 1207 879; x_wconf 87' lang='lat' dir='ltr'><strong>munitatis</strong></span> <span class='ocrx_word' id='word_1_6' title='bbox 1263 813 1541 881; x_wconf 82' lang='lat' dir='ltr'><strong>alicuius</strong></span> <span class='ocrx_word' id='word_1_7' title='bbox 1596 814 1833 883; x_wconf 82' lang='lat' dir='ltr'><strong>bursae</strong></span> <span class='ocrx_word' id='word_1_8' title='bbox 1890 818 1995 884; x_wconf 89' lang='lat' dir='ltr'><strong>vel</strong></span> <span class='ocrx_word' id='word_1_9' title='bbox 2055 817 2345 906; x_wconf 89' lang='lat' dir='ltr'><strong>collegii,</strong></span> <span class='ocrx_word' id='word_1_10' title='bbox 2388 820 2740 907; x_wconf 82' lang='lat' dir='ltr'>praecipue</span> <span class='ocrx_word' id='word_1_11' title='bbox 2796 820 2855 884; x_wconf 89' lang='lat' dir='ltr'><strong>si</strong></span> <span class='ocrx_word' id='word_1_12' title='bbox 2906 818 3104 884; x_wconf 88' lang='lat' dir='ltr'><strong>fuerit</strong></span> <span class='ocrx_word' id='word_1_13' title='bbox 3153 818 3529 882; x_wconf 80' lang='lat' dir='ltr'><strong>exercicium</strong></span> <span class='ocrx_word' id='word_1_14' title='bbox 3594 841 3723 904; x_wconf 91' lang='lat' dir='ltr'><strong>pro</strong></span> 
     </span>
     <span class='ocr_line' id='line_1_3' title="bbox 877 910 3721 1007; baseline 0.003 -31"><span class='ocrx_word' id='word_1_15' title='bbox 877 910 1089 998; x_wconf 85' lang='lat' dir='ltr'><strong>gradu</strong></span> <span class='ocrx_word' id='word_1_16' title='bbox 1140 911 1637 981; x_wconf 87' lang='lat' dir='ltr'><strong>baccalariatus.</strong></span> <span class='ocrx_word' id='word_1_17' title='bbox 1719 917 1945 983; x_wconf 87' lang='lat' dir='ltr'><strong>Potest</strong></span> <span class='ocrx_word' id='word_1_18' title='bbox 1995 927 2214 984; x_wconf 89' lang='lat' dir='ltr'><strong>tamen</strong></span> <span class='ocrx_word' id='word_1_19' title='bbox 2257 918 2541 984; x_wconf 89' lang='lat' dir='ltr'><strong>decanus</strong></span> <span class='ocrx_word' id='word_1_20' title='bbox 2586 928 2858 1006; x_wconf 84' lang='lat' dir='ltr'><strong>propter</strong></span> <span class='ocrx_word' id='word_1_21' title='bbox 2896 918 3297 1007; x_wconf 80' lang='lat' dir='ltr'><strong>paucitatem</strong></span> <span class='ocrx_word' id='word_1_22' title='bbox 3339 916 3721 1002; x_wconf 83' lang='lat' dir='ltr'><strong>auditorum,</strong></span> 
     </span>
     <span class='ocr_line' id='line_1_4' title="bbox 878 1010 3725 1103; baseline 0.003 -27"><span class='ocrx_word' id='word_1_23' title='bbox 878 1010 1005 1077; x_wconf 90' lang='lat' dir='ltr'><strong>loci</strong></span> <span class='ocrx_word' id='word_1_24' title='bbox 1055 1013 1681 1098; x_wconf 90' lang='lat' dir='ltr'><strong>inconvenienciam,</strong></span> <span class='ocrx_word' id='word_1_25' title='bbox 1724 1017 1932 1102; x_wconf 88' lang='lat' dir='ltr'><strong>frigus</strong></span> <span class='ocrx_word' id='word_1_26' title='bbox 1975 1040 2092 1084; x_wconf 90' lang='lat' dir='ltr'><strong>seu</strong></span> <span class='ocrx_word' id='word_1_27' title='bbox 2130 1017 2328 1084; x_wconf 80' lang='lat' dir='ltr'><strong>aliam</strong></span> <span class='ocrx_word' id='word_1_28' title='bbox 2375 1016 2842 1084; x_wconf 86' lang='lat' dir='ltr'><strong>racionabilem</strong></span> <span class='ocrx_word' id='word_1_29' title='bbox 2888 1040 3156 1083; x_wconf 89' lang='lat' dir='ltr'><strong>causam</strong></span> <span class='ocrx_word' id='word_1_30' title='bbox 3194 1015 3563 1103; x_wconf 84' lang='lat' dir='ltr'><strong>dispensare</strong></span> <span class='ocrx_word' id='word_1_31' title='bbox 3583 1069 3604 1101; x_wconf 92' lang='lat'><em>‚</em></span> <span class='ocrx_word' id='word_1_32' title='bbox 3650 1030 3725 1084; x_wconf 89' lang='lat' dir='ltr'><strong>ut</strong></span> 
     </span>
     <span class='ocr_line' id='line_1_5' title="bbox 880 1111 3721 1206; baseline 0.003 -30"><span class='ocrx_word' id='word_1_33' title='bbox 880 1112 1025 1199; x_wconf 87' lang='lat' dir='ltr'><strong>quis</strong></span> <span class='ocrx_word' id='word_1_34' title='bbox 1065 1112 1134 1176; x_wconf 92' lang='lat' dir='ltr'><strong>in</strong></span> <span class='ocrx_word' id='word_1_35' title='bbox 1175 1111 1586 1180; x_wconf 81' lang='lat' dir='ltr'><strong>habitacione</strong></span> <span class='ocrx_word' id='word_1_36' title='bbox 1630 1139 1747 1180; x_wconf 92' lang='lat' dir='ltr'><strong>sua</strong></span> <span class='ocrx_word' id='word_1_37' title='bbox 1789 1117 2125 1205; x_wconf 84' lang='lat' dir='ltr'><strong>disputare</strong></span> <span class='ocrx_word' id='word_1_38' title='bbox 2167 1118 2397 1185; x_wconf 86' lang='lat' dir='ltr'><strong>valeat.</strong></span> <span class='ocrx_word' id='word_1_39' title='bbox 2483 1117 2556 1184; x_wconf 85' lang='lat' dir='ltr'><strong>Si</strong></span> <span class='ocrx_word' id='word_1_40' title='bbox 2602 1140 2758 1184; x_wconf 87' lang='lat' dir='ltr'><strong>vero</strong></span> <span class='ocrx_word' id='word_1_41' title='bbox 2819 1117 3053 1206; x_wconf 88' lang='lat' dir='ltr'><strong>aliquis</strong></span> <span class='ocrx_word' id='word_1_42' title='bbox 3097 1117 3545 1203; x_wconf 86' lang='lat' dir='ltr'><strong>magistrorum</strong></span> <span class='ocrx_word' id='word_1_43' title='bbox 3583 1141 3721 1184; x_wconf 85' lang='lat' dir='ltr'><strong>non</strong></span> 
     </span>
    </p>

    <p class='ocr_par' dir='ltr' id='par_1_3' title="bbox 790 1210 3720 1703">
     <span class='ocr_line' id='line_1_6' title="bbox 790 1210 3720 1306; baseline 0.003 -31"><span class='ocrx_word' id='word_1_44' title='bbox 790 1219 825 1274; x_wconf 83' lang='lat'>5</span> <span class='ocrx_word' id='word_1_45' title='bbox 876 1211 1049 1276; x_wconf 89' lang='lat' dir='ltr'><strong>omni</strong></span> <span class='ocrx_word' id='word_1_46' title='bbox 1091 1210 1197 1277; x_wconf 90' lang='lat' dir='ltr'><strong>die</strong></span> <span class='ocrx_word' id='word_1_47' title='bbox 1238 1211 1620 1300; x_wconf 91' lang='lat' dir='ltr'><strong>disputabili</strong></span> <span class='ocrx_word' id='word_1_48' title='bbox 1668 1226 2005 1301; x_wconf 87' lang='lat' dir='ltr'><strong>exerceat,</strong></span> <span class='ocrx_word' id='word_1_49' title='bbox 2049 1218 2222 1306; x_wconf 90' lang='lat' dir='ltr'><strong>quod</strong></span> <span class='ocrx_word' id='word_1_50' title='bbox 2262 1219 2633 1284; x_wconf 80' lang='lat' dir='ltr'><strong>visitatores</strong></span> <span class='ocrx_word' id='word_1_51' title='bbox 2686 1241 2807 1305; x_wconf 91' lang='lat' dir='ltr'><strong>pro</strong></span> <span class='ocrx_word' id='word_1_52' title='bbox 2859 1229 3152 1305; x_wconf 88' lang='lat' dir='ltr'><strong>tempore</strong></span> <span class='ocrx_word' id='word_1_53' title='bbox 3205 1216 3548 1282; x_wconf 82' lang='lat' dir='ltr'><strong>existentes</strong></span> <span class='ocrx_word' id='word_1_54' title='bbox 3603 1217 3720 1283; x_wconf 90' lang='lat' dir='ltr'><strong>de·</strong></span> 
     </span>
     <span class='ocr_line' id='line_1_7' title="bbox 880 1312 3718 1400; baseline 0.002 -25"><span class='ocrx_word' id='word_1_55' title='bbox 880 1312 1192 1377; x_wconf 89' lang='lat' dir='ltr'><strong>nunciare</strong></span> <span class='ocrx_word' id='word_1_56' title='bbox 1249 1322 1547 1378; x_wconf 90' lang='lat' dir='ltr'><strong>tenentur</strong></span> <span class='ocrx_word' id='word_1_57' title='bbox 1608 1313 1852 1381; x_wconf 88' lang='lat' dir='ltr'><strong>decano</strong></span> <span class='ocrx_word' id='word_1_58' title='bbox 1909 1317 2266 1400; x_wconf 88' lang='lat' dir='ltr'><strong>facultatis,</strong></span> <span class='ocrx_word' id='word_1_59' title='bbox 2328 1326 2396 1384; x_wconf 90' lang='grc'><strong>61</strong></span> <span class='ocrx_word' id='word_1_60' title='bbox 2446 1319 2724 1383; x_wconf 89' lang='lat' dir='ltr'><strong>monitus</strong></span> <span class='ocrx_word' id='word_1_61' title='bbox 2792 1340 2865 1383; x_wconf 86' lang='lat' dir='ltr'><strong>se</strong></span> <span class='ocrx_word' id='word_1_62' title='bbox 2935 1339 3065 1383; x_wconf 89' lang='lat' dir='ltr'><strong>non</strong></span> <span class='ocrx_word' id='word_1_63' title='bbox 3120 1314 3587 1398; x_wconf 81' lang='lat' dir='ltr'><strong>emendaverit,</strong></span> <span class='ocrx_word' id='word_1_64' title='bbox 3650 1317 3718 1382; x_wconf 87' lang='lat' dir='ltr'><strong>in</strong></span> 
     </span>
     <span class='ocr_line' id='line_1_8' title="bbox 882 1409 3720 1504; baseline 0.003 -30"><span class='ocrx_word' id='word_1_65' title='bbox 882 1409 1103 1498; x_wconf 88' lang='lat' dir='ltr'><strong>aliqua</strong></span> <span class='ocrx_word' id='word_1_66' title='bbox 1147 1414 1455 1498; x_wconf 87' lang='lat' dir='ltr'><strong>porcione</strong></span> <span class='ocrx_word' id='word_1_67' title='bbox 1496 1422 1724 1501; x_wconf 88' lang='lat' dir='ltr'><strong>pastus</strong></span> <span class='ocrx_word' id='word_1_68' title='bbox 1767 1418 2092 1503; x_wconf 83' lang='lat' dir='ltr'><strong>puniatur.</strong></span> <span class='ocrx_word' id='word_1_69' title='bbox 2181 1416 2252 1483; x_wconf 87' lang='lat' dir='ltr'><strong>Si</strong></span> <span class='ocrx_word' id='word_1_70' title='bbox 2308 1427 2522 1483; x_wconf 91' lang='lat' dir='ltr'><strong>autem</strong></span> <span class='ocrx_word' id='word_1_71' title='bbox 2572 1416 2842 1484; x_wconf 87' lang='lat' dir='ltr'><strong>multum</strong></span> <span class='ocrx_word' id='word_1_72' title='bbox 2893 1417 3232 1504; x_wconf 88' lang='lat' dir='ltr'><strong>negligens</strong></span> <span class='ocrx_word' id='word_1_73' title='bbox 3289 1415 3481 1480; x_wconf 88' lang='lat' dir='ltr'><strong>fuerit</strong></span> <span class='ocrx_word' id='word_1_74' title='bbox 3496 1465 3512 1498; x_wconf 93' lang='lat'><strong>,</strong></span> <span class='ocrx_word' id='word_1_75' title='bbox 3560 1426 3720 1482; x_wconf 88' lang='lat' dir='ltr'><strong>tunc</strong></span> 
     </span>
     <span class='ocr_line' id='line_1_9' title="bbox 880 1510 3717 1606; baseline 0.002 -31"><span class='ocrx_word' id='word_1_76' title='bbox 880 1510 1068 1576; x_wconf 89' lang='lat' dir='ltr'><strong>iuxta</strong></span> <span class='ocrx_word' id='word_1_77' title='bbox 1112 1534 1386 1599; x_wconf 88' lang='lat' dir='ltr'><strong>poenam</strong></span> <span class='ocrx_word' id='word_1_78' title='bbox 1428 1514 1495 1577; x_wconf 89' lang='lat' dir='ltr'><strong>in</strong></span> <span class='ocrx_word' id='word_1_79' title='bbox 1538 1515 1893 1581; x_wconf 89' lang='lat' dir='ltr'><strong>novissima</strong></span> <span class='ocrx_word' id='word_1_80' title='bbox 1931 1516 2399 1584; x_wconf 89' lang='lat' dir='ltr'><strong>reformacione</strong></span> <span class='ocrx_word' id='word_1_81' title='bbox 2440 1537 2842 1605; x_wconf 80' lang='lat' dir='ltr'><strong>expressam,</strong></span> <span class='ocrx_word' id='word_1_82' title='bbox 2885 1539 3052 1606; x_wconf 89' lang='lat' dir='ltr'><strong>quae</strong></span> <span class='ocrx_word' id='word_1_83' title='bbox 3094 1523 3195 1582; x_wconf 89' lang='lat' dir='ltr'><strong>est</strong></span> <span class='ocrx_word' id='word_1_84' title='bbox 3230 1516 3524 1580; x_wconf 84' lang='lat' dir='ltr'><strong>carencia</strong></span> <span class='ocrx_word' id='word_1_85' title='bbox 3543 1527 3717 1582; x_wconf 84' lang='lat' dir='ltr'><strong>actu-</strong></span> 
     </span>
     <span class='ocr_line' id='line_1_10' title="bbox 885 1611 2331 1703; baseline 0.006 -29"><span class='ocrx_word' id='word_1_86' title='bbox 885 1612 1226 1697; x_wconf 89' lang='lat' dir='ltr'><strong>regenciae</strong></span> <span class='ocrx_word' id='word_1_87' title='bbox 1270 1611 1356 1678; x_wconf 92' lang='lat' dir='ltr'><strong>ad</strong></span> <span class='ocrx_word' id='word_1_88' title='bbox 1398 1622 1643 1680; x_wconf 87' lang='lat' dir='ltr'><strong>certum</strong></span> <span class='ocrx_word' id='word_1_89' title='bbox 1685 1625 1959 1702; x_wconf 90' lang='lat' dir='ltr'><strong>tempus,</strong></span> <span class='ocrx_word' id='word_1_90' title='bbox 2001 1618 2331 1703; x_wconf 80' lang='lat' dir='ltr'><strong>puniatur.</strong></span> 
     </span>
    </p>
   </div>
   <div class='ocr_carea' id='block_1_3' title="bbox 797 1832 3713 2001">
    <p class='ocr_par' dir='ltr' id='par_1_4' title="bbox 797 1832 3713 2001">
     <span class='ocr_line' id='line_1_11' title="bbox 797 1832 3713 1900; baseline 0.002 -11"><span class='ocrx_word' id='word_1_91' title='bbox 797 1835 859 1890; x_wconf 81' lang='lat'><strong>10</strong></span> <span class='ocrx_word' id='word_1_92' title='bbox 900 1832 955 1891; x_wconf 86' lang='lat'><strong>5.</strong></span> <span class='ocrx_word' id='word_1_93' title='bbox 996 1845 1521 1895; x_wconf 70' lang='lat' dir='ltr'><strong>RESUMPTIONES</strong></span> <span class='ocrx_word' id='word_1_94' title='bbox 1566 1847 1906 1898; x_wconf 76' lang='lat' dir='ltr'>PUBLICAE</span> <span class='ocrx_word' id='word_1_95' title='bbox 1949 1850 2138 1900; x_wconf 74' lang='lat' dir='ltr'>FIERI</span> <span class='ocrx_word' id='word_1_96' title='bbox 2187 1850 2333 1899; x_wconf 80' lang='lat' dir='ltr'><strong>NON</strong></span> <span class='ocrx_word' id='word_1_97' title='bbox 2387 1852 2669 1900; x_wconf 71' lang='lat' dir='ltr'>DEBENT</span> <span class='ocrx_word' id='word_1_98' title='bbox 2726 1850 2854 1900; x_wconf 79' lang='lat' dir='ltr'><strong>SUB</strong></span> <span class='ocrx_word' id='word_1_99' title='bbox 2898 1849 3106 1899; x_wconf 74' lang='lat' dir='ltr'><strong>nolus</strong></span> <span class='ocrx_word' id='word_1_100' title='bbox 3147 1848 3539 1897; x_wconf 79' lang='lat' dir='ltr'><strong>DEPUTATIS</strong></span> <span class='ocrx_word' id='word_1_101' title='bbox 3574 1848 3713 1896; x_wconf 79' lang='lat' dir='ltr'><strong>PRO</strong></span> 
     </span>
     <span class='ocr_line' id='line_1_12' title="bbox 1157 1923 3437 2001; baseline 0 -7"><span class='ocrx_word' id='word_1_102' title='bbox 1157 1946 1619 1996; x_wconf 82' lang='lat' dir='ltr'>LECTIONIBUS</span> <span class='ocrx_word' id='word_1_103' title='bbox 1661 1947 1756 1996; x_wconf 84' lang='grc' dir='ltr'><strong>ΕΤ</strong></span> <span class='ocrx_word' id='word_1_104' title='bbox 1793 1949 2181 1998; x_wconf 78' lang='lat' dir='ltr'>EXEBCICIIS</span> <span class='ocrx_word' id='word_1_105' title='bbox 2221 1952 2311 1998; x_wconf 85' lang='grc' dir='ltr'><strong>ΕΤ</strong></span> <span class='ocrx_word' id='word_1_106' title='bbox 2357 1952 2452 2000; x_wconf 81' lang='grc' dir='ltr'><strong>ΒΕ</strong></span> <span class='ocrx_word' id='word_1_107' title='bbox 2495 1923 2727 2000; x_wconf 63' lang='lat' dir='ltr'><strong>Pomm</strong></span> <span class='ocrx_word' id='word_1_108' title='bbox 2771 1947 3437 2001; x_wconf 69' lang='lat' dir='ltr'><strong>CONTRAFAcmmls.</strong></span> 
     </span>
    </p>
   </div>
   <div class='ocr_carea' id='block_1_4' title="bbox 792 2094 3715 3381">
    <p class='ocr_par' dir='ltr' id='par_1_5' title="bbox 879 2094 3715 2387">
     <span class='ocr_line' id='line_1_13' title="bbox 1041 2094 3715 2186; baseline 0 -25"><span class='ocrx_word' id='word_1_109' title='bbox 1041 2094 1547 2183; x_wconf 90' lang='lat' dir='ltr'><strong>Resumpciones</strong></span> <span class='ocrx_word' id='word_1_110' title='bbox 1602 2097 1904 2185; x_wconf 89' lang='lat' dir='ltr'><strong>publicae</strong></span> <span class='ocrx_word' id='word_1_111' title='bbox 1945 2098 2070 2174; x_wconf 77' lang='lat' dir='ltr'><strong>sub</strong></span> <span class='ocrx_word' id='word_1_112' title='bbox 2114 2101 2397 2165; x_wconf 88' lang='lat' dir='ltr'><strong>serotina</strong></span> <span class='ocrx_word' id='word_1_113' title='bbox 2439 2110 2502 2166; x_wconf 87' lang='lat' dir='ltr'><strong>et</strong></span> <span class='ocrx_word' id='word_1_114' title='bbox 2557 2100 2908 2166; x_wconf 87' lang='lat' dir='ltr'><strong>ordinariis</strong></span> <span class='ocrx_word' id='word_1_115' title='bbox 2968 2094 3542 2186; x_wconf 85' lang='lat' dir='ltr'><strong>disputationibus,</strong></span> <span class='ocrx_word' id='word_1_116' title='bbox 3588 2095 3715 2161; x_wconf 88' lang='lat' dir='ltr'><strong>sub</strong></span> 
     </span>
     <span class='ocr_line' id='line_1_14' title="bbox 882 2191 3710 2287; baseline 0.001 -30"><span class='ocrx_word' id='word_1_117' title='bbox 882 2191 1061 2258; x_wconf 91' lang='lat' dir='ltr'><strong>horis</strong></span> <span class='ocrx_word' id='word_1_118' title='bbox 1116 2194 1458 2262; x_wconf 88' lang='lat' dir='ltr'><strong>lectionum</strong></span> <span class='ocrx_word' id='word_1_119' title='bbox 1510 2206 1574 2261; x_wconf 90' lang='lat' dir='ltr'><strong>et</strong></span> <span class='ocrx_word' id='word_1_120' title='bbox 1624 2199 2094 2263; x_wconf 83' lang='lat' dir='ltr'><strong>exerciciorum</strong></span> <span class='ocrx_word' id='word_1_121' title='bbox 2152 2197 2328 2266; x_wconf 91' lang='lat' dir='ltr'><strong>nullo</strong></span> <span class='ocrx_word' id='word_1_122' title='bbox 2372 2199 2563 2265; x_wconf 88' lang='lat' dir='ltr'><strong>modo</strong></span> <span class='ocrx_word' id='word_1_123' title='bbox 2619 2199 2780 2265; x_wconf 89' lang='lat' dir='ltr'><strong>fiant</strong></span> <span class='ocrx_word' id='word_1_124' title='bbox 2833 2220 3041 2287; x_wconf 89' lang='lat' dir='ltr'><strong>neque</strong></span> <span class='ocrx_word' id='word_1_125' title='bbox 3095 2196 3518 2263; x_wconf 82' lang='lat' dir='ltr'><strong>admittantur</strong></span> <span class='ocrx_word' id='word_1_126' title='bbox 3533 2244 3550 2278; x_wconf 88' lang='lat'><strong>,</strong></span> <span class='ocrx_word' id='word_1_127' title='bbox 3598 2195 3710 2260; x_wconf 86' lang='lat' dir='ltr'><strong>sed</strong></span> 
     </span>
     <span class='ocr_line' id='line_1_15' title="bbox 879 2292 3709 2387; baseline 0.001 -31"><span class='ocrx_word' id='word_1_128' title='bbox 879 2293 1021 2357; x_wconf 88' lang='lat' dir='ltr'><strong>istis</strong></span> <span class='ocrx_word' id='word_1_129' title='bbox 1061 2292 1257 2378; x_wconf 89' lang='lat' dir='ltr'><strong>horis,</strong></span> <span class='ocrx_word' id='word_1_130' title='bbox 1300 2318 1421 2382; x_wconf 88' lang='lat' dir='ltr'><strong>pro</strong></span> <span class='ocrx_word' id='word_1_131' title='bbox 1465 2294 1833 2362; x_wconf 89' lang='lat' dir='ltr'><strong>huiusmodi</strong></span> <span class='ocrx_word' id='word_1_132' title='bbox 1875 2295 2154 2383; x_wconf 89' lang='lat' dir='ltr'><strong>publicis</strong></span> <span class='ocrx_word' id='word_1_133' title='bbox 2197 2299 2745 2387; x_wconf 85' lang='lat' dir='ltr'><strong>resumptionibus</strong></span> <span class='ocrx_word' id='word_1_134' title='bbox 2786 2298 3147 2386; x_wconf 87' lang='lat' dir='ltr'><strong>deputatis,</strong></span> <span class='ocrx_word' id='word_1_135' title='bbox 3191 2305 3455 2385; x_wconf 86' lang='lat' dir='ltr'><strong>quarta,</strong></span> <span class='ocrx_word' id='word_1_136' title='bbox 3496 2295 3709 2381; x_wconf 85' lang='lat' dir='ltr'><strong>quinta</strong></span> 
     </span>
    </p>

    <p class='ocr_par' dir='ltr' id='par_1_6' title="bbox 800 2393 3712 2883">
     <span class='ocr_line' id='line_1_16' title="bbox 800 2393 3707 2485; baseline 0.001 -30"><span class='ocrx_word' id='word_1_137' title='bbox 800 2401 859 2458; x_wconf 83' lang='lat'><strong>15</strong></span> <span class='ocrx_word' id='word_1_138' title='bbox 880 2400 943 2455; x_wconf 90' lang='lat' dir='ltr'><strong>et</strong></span> <span class='ocrx_word' id='word_1_139' title='bbox 972 2403 1158 2457; x_wconf 82' lang='lat' dir='ltr'><strong>sexta</strong></span> <span class='ocrx_word' id='word_1_140' title='bbox 1187 2417 1378 2460; x_wconf 89' lang='lat' dir='ltr'><strong>mane</strong></span> <span class='ocrx_word' id='word_1_141' title='bbox 1422 2397 1490 2461; x_wconf 90' lang='lat' dir='ltr'><strong>in</strong></span> <span class='ocrx_word' id='word_1_142' title='bbox 1533 2405 1799 2479; x_wconf 88' lang='lat' dir='ltr'><strong>aestate,</strong></span> <span class='ocrx_word' id='word_1_143' title='bbox 1843 2397 1910 2461; x_wconf 89' lang='lat' dir='ltr'><strong>in</strong></span> <span class='ocrx_word' id='word_1_144' title='bbox 1954 2394 2188 2483; x_wconf 86' lang='lat' dir='ltr'><strong>hyeme</strong></span> <span class='ocrx_word' id='word_1_145' title='bbox 2231 2420 2420 2463; x_wconf 89' lang='lat' dir='ltr'><strong>mane</strong></span> <span class='ocrx_word' id='word_1_146' title='bbox 2464 2400 2710 2485; x_wconf 91' lang='lat' dir='ltr'><strong>quinta,</strong></span> <span class='ocrx_word' id='word_1_147' title='bbox 2755 2409 2943 2464; x_wconf 88' lang='lat' dir='ltr'><strong>sexta</strong></span> <span class='ocrx_word' id='word_1_148' title='bbox 2985 2407 3048 2462; x_wconf 88' lang='lat' dir='ltr'><strong>et</strong></span> <span class='ocrx_word' id='word_1_149' title='bbox 3091 2396 3407 2483; x_wconf 79' lang='lat' dir='ltr'><strong>septima3</strong></span> <span class='ocrx_word' id='word_1_150' title='bbox 3453 2393 3531 2459; x_wconf 90' lang='lat' dir='ltr'><strong>de</strong></span> <span class='ocrx_word' id='word_1_151' title='bbox 3569 2417 3707 2461; x_wconf 86' lang='lat' dir='ltr'><strong>sero</strong></span> 
     </span>
     <span class='ocr_line' id='line_1_17' title="bbox 877 2493 3710 2585; baseline 0 -29"><span class='ocrx_word' id='word_1_152' title='bbox 877 2502 1094 2557; x_wconf 89' lang='lat' dir='ltr'><strong>autem</strong></span> <span class='ocrx_word' id='word_1_153' title='bbox 1135 2505 1371 2581; x_wconf 89' lang='lat' dir='ltr'><strong>quarta</strong></span> <span class='ocrx_word' id='word_1_154' title='bbox 1411 2493 1574 2561; x_wconf 91' lang='lat' dir='ltr'><strong>hora</strong></span> <span class='ocrx_word' id='word_1_155' title='bbox 1616 2505 1750 2561; x_wconf 88' lang='lat' dir='ltr'><strong>tam</strong></span> <span class='ocrx_word' id='word_1_156' title='bbox 1788 2498 1857 2561; x_wconf 89' lang='lat' dir='ltr'><strong>in</strong></span> <span class='ocrx_word' id='word_1_157' title='bbox 1900 2506 2147 2562; x_wconf 86' lang='lat' dir='ltr'><strong>aestate</strong></span> <span class='ocrx_word' id='word_1_158' title='bbox 2191 2519 2385 2584; x_wconf 90' lang='lat' dir='ltr'><strong>quam</strong></span> <span class='ocrx_word' id='word_1_159' title='bbox 2426 2500 2495 2563; x_wconf 93' lang='lat' dir='ltr'><strong>in</strong></span> <span class='ocrx_word' id='word_1_160' title='bbox 2537 2498 2785 2585; x_wconf 89' lang='lat' dir='ltr'><strong>hyeme.</strong></span> <span class='ocrx_word' id='word_1_161' title='bbox 2868 2496 2961 2562; x_wconf 91' lang='lat' dir='ltr'><strong>Et</strong></span> <span class='ocrx_word' id='word_1_162' title='bbox 3002 2495 3289 2561; x_wconf 89' lang='lat' dir='ltr'><strong>decanus</strong></span> <span class='ocrx_word' id='word_1_163' title='bbox 3350 2493 3603 2559; x_wconf 85' lang='lat' dir='ltr'><strong>realiter</strong></span> <span class='ocrx_word' id='word_1_164' title='bbox 3650 2503 3710 2558; x_wconf 89' lang='lat' dir='ltr'><strong>et</strong></span> 
     </span>
     <span class='ocr_line' id='line_1_18' title="bbox 876 2591 3709 2684; baseline 0.001 -30"><span class='ocrx_word' id='word_1_165' title='bbox 876 2613 1016 2655; x_wconf 89' lang='lat' dir='ltr'><strong>cum</strong></span> <span class='ocrx_word' id='word_1_166' title='bbox 1062 2593 1296 2659; x_wconf 86' lang='lat' dir='ltr'><strong>effectu</strong></span> <span class='ocrx_word' id='word_1_167' title='bbox 1334 2597 1563 2682; x_wconf 91' lang='lat' dir='ltr'><strong>puniat</strong></span> <span class='ocrx_word' id='word_1_168' title='bbox 1606 2596 2197 2679; x_wconf 87' lang='lat' dir='ltr'><strong>contrafacientem,</strong></span> <span class='ocrx_word' id='word_1_169' title='bbox 2240 2619 2323 2662; x_wconf 89' lang='lat' dir='ltr'><strong>ne</strong></span> <span class='ocrx_word' id='word_1_170' title='bbox 2366 2596 2647 2663; x_wconf 88' lang='lat' dir='ltr'><strong>scolares</strong></span> <span class='ocrx_word' id='word_1_171' title='bbox 2690 2595 3041 2679; x_wconf 89' lang='lat' dir='ltr'><strong>facultatis,</strong></span> <span class='ocrx_word' id='word_1_172' title='bbox 3086 2618 3205 2684; x_wconf 92' lang='lat' dir='ltr'><strong>pro</strong></span> <span class='ocrx_word' id='word_1_173' title='bbox 3249 2593 3469 2682; x_wconf 87' lang='lat' dir='ltr'><strong>aliquo</strong></span> <span class='ocrx_word' id='word_1_174' title='bbox 3510 2591 3709 2679; x_wconf 88' lang='lat' dir='ltr'><strong>gradu</strong></span> 
     </span>
     <span class='ocr_line' id='line_1_19' title="bbox 883 2690 3712 2780; baseline 0.001 -26"><span class='ocrx_word' id='word_1_175' title='bbox 883 2690 1298 2778; x_wconf 87' lang='lat' dir='ltr'><strong>complentes,</strong></span> <span class='ocrx_word' id='word_1_176' title='bbox 1328 2716 1369 2759; x_wconf 88' lang='lat' dir='ltr'><strong>a</strong></span> <span class='ocrx_word' id='word_1_177' title='bbox 1398 2694 1743 2761; x_wconf 89' lang='lat' dir='ltr'><strong>lectionum</strong></span> <span class='ocrx_word' id='word_1_178' title='bbox 1773 2705 1838 2760; x_wconf 89' lang='lat' dir='ltr'><strong>et</strong></span> <span class='ocrx_word' id='word_1_179' title='bbox 1868 2697 2331 2761; x_wconf 87' lang='lat' dir='ltr'><strong>exerciciorum</strong></span> <span class='ocrx_word' id='word_1_180' title='bbox 2376 2696 2706 2763; x_wconf 80' lang='lat' dir='ltr'><strong>auditione</strong></span> <span class='ocrx_word' id='word_1_181' title='bbox 2742 2694 3177 2761; x_wconf 88' lang='lat' dir='ltr'><strong>retrahantur.</strong></span> <span class='ocrx_word' id='word_1_182' title='bbox 3261 2694 3352 2758; x_wconf 89' lang='lat' dir='ltr'><strong>Et</strong></span> <span class='ocrx_word' id='word_1_183' title='bbox 3393 2695 3476 2757; x_wconf 87' lang='lat' dir='ltr'><strong>sit</strong></span> <span class='ocrx_word' id='word_1_184' title='bbox 3515 2713 3712 2780; x_wconf 87' lang='lat' dir='ltr'><strong>poena</strong></span> 
     </span>
     <span class='ocr_line' id='line_1_20' title="bbox 883 2793 3711 2883; baseline 0.001 -29"><span class='ocrx_word' id='word_1_185' title='bbox 883 2793 1221 2857; x_wconf 87' lang='lat' dir='ltr'><strong>carenciae</strong></span> <span class='ocrx_word' id='word_1_186' title='bbox 1264 2797 1757 2880; x_wconf 85' lang='lat' dir='ltr'><strong>aeturegenciae</strong></span> <span class='ocrx_word' id='word_1_187' title='bbox 1795 2794 1901 2860; x_wconf 88' lang='lat' dir='ltr'><strong>vel</strong></span> <span class='ocrx_word' id='word_1_188' title='bbox 1951 2797 2391 2883; x_wconf 88' lang='lat' dir='ltr'><strong>suspensionis</strong></span> <span class='ocrx_word' id='word_1_189' title='bbox 2434 2796 2517 2862; x_wconf 88' lang='lat' dir='ltr'><strong>ab</strong></span> <span class='ocrx_word' id='word_1_190' title='bbox 2562 2795 2820 2862; x_wconf 87' lang='lat' dir='ltr'><strong>actibus</strong></span> <span class='ocrx_word' id='word_1_191' title='bbox 2863 2794 3223 2861; x_wconf 84' lang='lat' dir='ltr'><strong>scolasticis</strong></span> <span class='ocrx_word' id='word_1_192' title='bbox 3264 2815 3516 2858; x_wconf 88' lang='lat' dir='ltr'><strong>necnon</strong></span> <span class='ocrx_word' id='word_1_193' title='bbox 3555 2814 3711 2857; x_wconf 89' lang='lat' dir='ltr'><strong>emo·</strong></span> 
     </span>
    </p>

    <p class='ocr_par' dir='ltr' id='par_1_7' title="bbox 792 2888 3711 3381">
     <span class='ocr_line' id='line_1_21' title="bbox 792 2888 3710 2982; baseline 0.001 -29"><span class='ocrx_word' id='word_1_194' title='bbox 792 2888 1160 2956; x_wconf 84' lang='lat' dir='ltr'><strong>201imentis</strong></span> <span class='ocrx_word' id='word_1_195' title='bbox 1201 2893 1546 2959; x_wconf 86' lang='lat' dir='ltr'><strong>facultatis.</strong></span> <span class='ocrx_word' id='word_1_196' title='bbox 1631 2894 1719 2959; x_wconf 92' lang='lat' dir='ltr'><strong>Et</strong></span> <span class='ocrx_word' id='word_1_197' title='bbox 1763 2896 1820 2959; x_wconf 88' lang='lat' dir='ltr'><strong>si</strong></span> <span class='ocrx_word' id='word_1_198' title='bbox 1863 2893 2101 2982; x_wconf 90' lang='lat' dir='ltr'><strong>aliquis</strong></span> <span class='ocrx_word' id='word_1_199' title='bbox 2142 2897 2607 2982; x_wconf 87' lang='lat' dir='ltr'><strong>magistrorum</strong></span> <span class='ocrx_word' id='word_1_200' title='bbox 2646 2894 3014 2961; x_wconf 88' lang='lat' dir='ltr'><strong>huiusmodi</strong></span> <span class='ocrx_word' id='word_1_201' title='bbox 3057 2911 3359 2981; x_wconf 88' lang='lat' dir='ltr'><strong>poenam,</strong></span> <span class='ocrx_word' id='word_1_202' title='bbox 3401 2891 3571 2980; x_wconf 90' lang='lat' dir='ltr'><strong>quod</strong></span> <span class='ocrx_word' id='word_1_203' title='bbox 3608 2890 3710 2955; x_wconf 87' lang='lat' dir='ltr'><strong>ab·</strong></span> 
     </span>
     <span class='ocr_line' id='line_1_22' title="bbox 881 2990 3711 3081; baseline 0 -28"><span class='ocrx_word' id='word_1_204' title='bbox 881 2990 998 3076; x_wconf 87' lang='lat' dir='ltr'><strong>sit,</strong></span> <span class='ocrx_word' id='word_1_205' title='bbox 1040 3012 1171 3055; x_wconf 90' lang='lat' dir='ltr'><strong>non</strong></span> <span class='ocrx_word' id='word_1_206' title='bbox 1224 2994 1550 3058; x_wconf 85' lang='lat' dir='ltr'><strong>curaverit</strong></span> <span class='ocrx_word' id='word_1_207' title='bbox 1602 3016 1722 3059; x_wconf 89' lang='lat' dir='ltr'><strong>nec</strong></span> <span class='ocrx_word' id='word_1_208' title='bbox 1776 3013 1847 3058; x_wconf 88' lang='lat' dir='ltr'><strong>se</strong></span> <span class='ocrx_word' id='word_1_209' title='bbox 1903 2993 2273 3060; x_wconf 90' lang='lat' dir='ltr'><strong>huiusmodi</strong></span> <span class='ocrx_word' id='word_1_210' title='bbox 2331 3002 2572 3061; x_wconf 88' lang='lat' dir='ltr'><strong>statuto</strong></span> <span class='ocrx_word' id='word_1_211' title='bbox 2633 2992 3214 3081; x_wconf 85' lang='lat' dir='ltr'><strong>obtemperaverit,</strong></span> <span class='ocrx_word' id='word_1_212' title='bbox 3260 3014 3382 3079; x_wconf 88' lang='lat' dir='ltr'><strong>pro</strong></span> <span class='ocrx_word' id='word_1_213' title='bbox 3426 2992 3711 3076; x_wconf 85' lang='lat' dir='ltr'><strong>ingressu</strong></span> 
     </span>
     <span class='ocr_line' id='line_1_23' title="bbox 879 3088 3709 3184; baseline 0 -32"><span class='ocrx_word' id='word_1_214' title='bbox 879 3088 1132 3154; x_wconf 86' lang='lat' dir='ltr'><strong>consilii</strong></span> <span class='ocrx_word' id='word_1_215' title='bbox 1184 3089 1512 3156; x_wconf 84' lang='lat' dir='ltr'><strong>facultatis</strong></span> <span class='ocrx_word' id='word_1_216' title='bbox 1570 3101 1883 3182; x_wconf 87' lang='lat' dir='ltr'><strong>perpetuo</strong></span> <span class='ocrx_word' id='word_1_217' title='bbox 1942 3094 2028 3158; x_wconf 88' lang='lat' dir='ltr'><strong>sit</strong></span> <span class='ocrx_word' id='word_1_218' title='bbox 2082 3116 2161 3159; x_wconf 89' lang='lat' dir='ltr'><strong>ac</strong></span> <span class='ocrx_word' id='word_1_219' title='bbox 2218 3104 2555 3184; x_wconf 88' lang='lat' dir='ltr'><strong>reputetur</strong></span> <span class='ocrx_word' id='word_1_220' title='bbox 2607 3092 2901 3177; x_wconf 88' lang='lat' dir='ltr'><strong>inabilis,</strong></span> <span class='ocrx_word' id='word_1_221' title='bbox 2962 3103 3030 3160; x_wconf 90' lang='lat' dir='ltr'><strong>et</strong></span> <span class='ocrx_word' id='word_1_222' title='bbox 3081 3114 3273 3158; x_wconf 89' lang='lat' dir='ltr'><strong>nemo</strong></span> <span class='ocrx_word' id='word_1_223' title='bbox 3337 3091 3425 3157; x_wconf 92' lang='lat' dir='ltr'><strong>ad</strong></span> <span class='ocrx_word' id='word_1_224' title='bbox 3467 3088 3709 3179; x_wconf 89' lang='lat' dir='ltr'><strong>publice</strong></span> 
     </span>
     <span class='ocr_line' id='line_1_24' title="bbox 875 3190 3703 3282; baseline 0 -29"><span class='ocrx_word' id='word_1_225' title='bbox 875 3190 1328 3257; x_wconf 91' lang='lat' dir='ltr'><strong>resumendum</strong></span> <span class='ocrx_word' id='word_1_226' title='bbox 1351 3191 1731 3258; x_wconf 88' lang='lat' dir='ltr'><strong>admittatur</strong></span> <span class='ocrx_word' id='word_1_227' title='bbox 1772 3194 1839 3258; x_wconf 91' lang='lat' dir='ltr'><strong>in</strong></span> <span class='ocrx_word' id='word_1_228' title='bbox 1886 3216 2268 3282; x_wconf 88' lang='lat' dir='ltr'><strong>quacunque</strong></span> <span class='ocrx_word' id='word_1_229' title='bbox 2311 3194 2639 3277; x_wconf 86' lang='lat' dir='ltr'><strong>facultate,</strong></span> <span class='ocrx_word' id='word_1_230' title='bbox 2682 3195 2809 3260; x_wconf 89' lang='lat' dir='ltr'><strong>nisi</strong></span> <span class='ocrx_word' id='word_1_231' title='bbox 2852 3196 2921 3260; x_wconf 90' lang='lat' dir='ltr'><strong>in</strong></span> <span class='ocrx_word' id='word_1_232' title='bbox 2965 3193 3195 3260; x_wconf 90' lang='lat' dir='ltr'><strong>eadem</strong></span> <span class='ocrx_word' id='word_1_233' title='bbox 3235 3194 3319 3259; x_wconf 86' lang='lat' dir='ltr'><strong>sit</strong></span> <span class='ocrx_word' id='word_1_234' title='bbox 3365 3200 3703 3280; x_wconf 88' lang='lat' dir='ltr'><strong>promotus,</strong></span> 
     </span>
     <span class='ocr_line' id='line_1_25' title="bbox 877 3287 2844 3381; baseline 0.004 -28"><span class='ocrx_word' id='word_1_235' title='bbox 877 3287 1050 3377; x_wconf 88' lang='lat' dir='ltr'><strong>quod</strong></span> <span class='ocrx_word' id='word_1_236' title='bbox 1071 3290 1427 3377; x_wconf 82' lang='lat' dir='ltr'><strong>‘legittimis</strong></span> <span class='ocrx_word' id='word_1_237' title='bbox 1472 3292 1877 3360; x_wconf 88' lang='lat' dir='ltr'><strong>documentis</strong></span> <span class='ocrx_word' id='word_1_238' title='bbox 1921 3302 1984 3358; x_wconf 90' lang='grc'><strong>61</strong></span> <span class='ocrx_word' id='word_1_239' title='bbox 2026 3292 2524 3381; x_wconf 89' lang='lat' dir='ltr'><strong>probationibus</strong></span> <span class='ocrx_word' id='word_1_240' title='bbox 2566 3293 2844 3360; x_wconf 90' lang='lat' dir='ltr'><strong>docebit.</strong></span> 
     </span>
    </p>
   </div>
   <div class='ocr_carea' id='block_1_5' title="bbox 788 3496 3565 3561">
    <p class='ocr_par' dir='ltr' id='par_1_8' title="bbox 788 3496 3565 3561">
     <span class='ocr_line' id='line_1_26' title="bbox 788 3496 3565 3561; baseline 0.001 -9"><span class='ocrx_word' id='word_1_241' title='bbox 788 3496 854 3552; x_wconf 83' lang='grc'><strong>25</strong></span> <span class='ocrx_word' id='word_1_242' title='bbox 1035 3496 1092 3558; x_wconf 84' lang='grc'><strong>6.</strong></span> <span class='ocrx_word' id='word_1_243' title='bbox 1147 3508 1801 3559; x_wconf 77' lang='lat' dir='ltr'>PRONUNTIATIONES</span> <span class='ocrx_word' id='word_1_244' title='bbox 1848 3510 2188 3559; x_wconf 83' lang='lat' dir='ltr'>PUBLICAE</span> <span class='ocrx_word' id='word_1_245' title='bbox 2230 3512 2796 3561; x_wconf 74' lang='lat' dir='ltr'><strong>INDOEFERENTER</strong></span> <span class='ocrx_word' id='word_1_246' title='bbox 2838 3512 3029 3561; x_wconf 83' lang='lat' dir='ltr'><strong>FIERI</strong></span> <span class='ocrx_word' id='word_1_247' title='bbox 3068 3511 3216 3560; x_wconf 71' lang='lat' dir='ltr'><strong>NON</strong></span> <span class='ocrx_word' id='word_1_248' title='bbox 3257 3509 3565 3558; x_wconf 75' lang='lat' dir='ltr'><strong>DEBENT.</strong></span> 
     </span>
    </p>
   </div>
   <div class='ocr_carea' id='block_1_6' title="bbox 788 3655 3717 4349">
    <p class='ocr_par' dir='ltr' id='par_1_9' title="bbox 872 3655 3713 3949">
     <span class='ocr_line' id='line_1_27' title="bbox 1045 3655 3711 3749; baseline 0.001 -28"><span class='ocrx_word' id='word_1_249' title='bbox 1045 3656 1192 3721; x_wconf 90' lang='lat' dir='ltr'><strong>Non</strong></span> <span class='ocrx_word' id='word_1_250' title='bbox 1248 3655 1487 3723; x_wconf 90' lang='lat' dir='ltr'><strong>debent</strong></span> <span class='ocrx_word' id='word_1_251' title='bbox 1540 3659 1682 3724; x_wconf 85' lang='lat' dir='ltr'><strong>fieri</strong></span> <span class='ocrx_word' id='word_1_252' title='bbox 1735 3660 2305 3749; x_wconf 89' lang='lat' dir='ltr'><strong>pronuntiaciones</strong></span> <span class='ocrx_word' id='word_1_253' title='bbox 2359 3659 2662 3747; x_wconf 87' lang='lat' dir='ltr'><strong>publicae</strong></span> <span class='ocrx_word' id='word_1_254' title='bbox 2720 3660 2898 3727; x_wconf 91' lang='lat' dir='ltr'><strong>horis</strong></span> <span class='ocrx_word' id='word_1_255' title='bbox 2967 3683 3090 3749; x_wconf 88' lang='lat' dir='ltr'><strong>pro</strong></span> <span class='ocrx_word' id='word_1_256' title='bbox 3144 3658 3711 3749; x_wconf 87' lang='lat' dir='ltr'><strong>disputacionibus,</strong></span> 
     </span>
     <span class='ocr_line' id='line_1_28' title="bbox 872 3755 3711 3848; baseline 0.001 -29"><span class='ocrx_word' id='word_1_257' title='bbox 872 3755 1255 3822; x_wconf 87' lang='lat' dir='ltr'><strong>lectionibus</strong></span> <span class='ocrx_word' id='word_1_258' title='bbox 1311 3768 1372 3823; x_wconf 93' lang='lat' dir='ltr'><strong>et</strong></span> <span class='ocrx_word' id='word_1_259' title='bbox 1430 3761 1769 3826; x_wconf 84' lang='lat' dir='ltr'><strong>exerciciis</strong></span> <span class='ocrx_word' id='word_1_260' title='bbox 1826 3759 2169 3848; x_wconf 87' lang='lat' dir='ltr'><strong>deputatis.</strong></span> <span class='ocrx_word' id='word_1_261' title='bbox 2256 3756 2347 3824; x_wconf 91' lang='lat' dir='ltr'><strong>Et</strong></span> <span class='ocrx_word' id='word_1_262' title='bbox 2407 3758 2645 3826; x_wconf 90' lang='lat' dir='ltr'><strong>debent</strong></span> <span class='ocrx_word' id='word_1_263' title='bbox 2698 3762 3011 3827; x_wconf 88' lang='lat' dir='ltr'><strong>materiae</strong></span> <span class='ocrx_word' id='word_1_264' title='bbox 3067 3762 3436 3826; x_wconf 87' lang='lat' dir='ltr'><strong>autenticae</strong></span> <span class='ocrx_word' id='word_1_265' title='bbox 3492 3781 3711 3847; x_wconf 88' lang='lat' dir='ltr'><strong>appro-</strong></span> 
     </span>
     <span class='ocr_line' id='line_1_29' title="bbox 877 3852 3713 3949; baseline 0.002 -32"><span class='ocrx_word' id='word_1_266' title='bbox 877 3852 1175 3920; x_wconf 90' lang='lat' dir='ltr'><strong>batorum</strong></span> <span class='ocrx_word' id='word_1_267' title='bbox 1221 3879 1336 3922; x_wconf 91' lang='lat' dir='ltr'><strong>seu</strong></span> <span class='ocrx_word' id='word_1_268' title='bbox 1375 3858 1767 3924; x_wconf 88' lang='lat' dir='ltr'><strong>famosorum</strong></span> <span class='ocrx_word' id='word_1_269' title='bbox 1809 3861 2269 3944; x_wconf 87' lang='lat' dir='ltr'><strong>magistrorum</strong></span> <span class='ocrx_word' id='word_1_270' title='bbox 2316 3862 2765 3948; x_wconf 89' lang='lat' dir='ltr'><strong>pronunciari,</strong></span> <span class='ocrx_word' id='word_1_271' title='bbox 2812 3884 2981 3948; x_wconf 90' lang='lat' dir='ltr'><strong>quae</strong></span> <span class='ocrx_word' id='word_1_272' title='bbox 3019 3861 3201 3949; x_wconf 88' lang='lat' dir='ltr'><strong>prius</strong></span> <span class='ocrx_word' id='word_1_273' title='bbox 3244 3883 3364 3949; x_wconf 90' lang='lat' dir='ltr'><strong>per</strong></span> <span class='ocrx_word' id='word_1_274' title='bbox 3410 3859 3713 3924; x_wconf 88' lang='lat' dir='ltr'><strong>decanum</strong></span> 
     </span>
    </p>

    <p class='ocr_par' dir='ltr' id='par_1_10' title="bbox 791 3952 3714 4048">
     <span class='ocr_line' id='line_1_30' title="bbox 791 3952 3714 4048; baseline 0.002 -30"><span class='ocrx_word' id='word_1_275' title='bbox 791 3952 811 3975; x_wconf 80' lang='lat'>’</span> <span class='ocrx_word' id='word_1_276' title='bbox 869 3954 1199 4020; x_wconf 87' lang='lat' dir='ltr'><strong>facultatis</strong></span> <span class='ocrx_word' id='word_1_277' title='bbox 1241 3959 1485 4025; x_wconf 86' lang='lat' dir='ltr'><strong>arcium</strong></span> <span class='ocrx_word' id='word_1_278' title='bbox 1533 3970 1596 4024; x_wconf 91' lang='lat' dir='ltr'><strong>et</strong></span> <span class='ocrx_word' id='word_1_279' title='bbox 1636 3983 1785 4024; x_wconf 93' lang='lat' dir='ltr'><strong>suos</strong></span> <span class='ocrx_word' id='word_1_280' title='bbox 1823 3961 2130 4041; x_wconf 90' lang='lat' dir='ltr'><strong>seniores,</strong></span> <span class='ocrx_word' id='word_1_281' title='bbox 2175 3968 2522 4045; x_wconf 88' lang='lat' dir='ltr'><strong>antequam</strong></span> <span class='ocrx_word' id='word_1_282' title='bbox 2565 3960 2824 4045; x_wconf 89' lang='lat' dir='ltr'><strong>publice</strong></span> <span class='ocrx_word' id='word_1_283' title='bbox 2865 3961 3393 4048; x_wconf 88' lang='lat' dir='ltr'><strong>pronuncientur,</strong></span> <span class='ocrx_word' id='word_1_284' title='bbox 3438 3959 3714 4045; x_wconf 84' lang='lat' dir='ltr'><strong>conspici</strong></span> 
     </span>
    </p>

    <p class='ocr_par' dir='ltr' id='par_1_11' title="bbox 788 4053 3717 4349">
     <span class='ocr_line' id='line_1_31' title="bbox 788 4053 3717 4147; baseline 0.002 -30"><span class='ocrx_word' id='word_1_285' title='bbox 788 4062 857 4118; x_wconf 78' lang='grc'><strong>30</strong></span> <span class='ocrx_word' id='word_1_286' title='bbox 878 4053 1147 4137; x_wconf 88' lang='lat' dir='ltr'><strong>debent,</strong></span> <span class='ocrx_word' id='word_1_287' title='bbox 1191 4059 1544 4145; x_wconf 82' lang='lat' dir='ltr'><strong>praecipue</strong></span> <span class='ocrx_word' id='word_1_288' title='bbox 1588 4061 1644 4124; x_wconf 90' lang='lat' dir='ltr'><strong>si</strong></span> <span class='ocrx_word' id='word_1_289' title='bbox 1686 4058 1838 4124; x_wconf 89' lang='lat' dir='ltr'><strong>talis</strong></span> <span class='ocrx_word' id='word_1_290' title='bbox 1884 4056 2052 4146; x_wconf 75' lang='lat'>[15¹³]</span> <span class='ocrx_word' id='word_1_291' title='bbox 2099 4059 2535 4144; x_wconf 90' lang='lat' dir='ltr'><strong>pronuncians</strong></span> <span class='ocrx_word' id='word_1_292' title='bbox 2576 4082 2695 4146; x_wconf 91' lang='lat' dir='ltr'><strong>per</strong></span> <span class='ocrx_word' id='word_1_293' title='bbox 2742 4058 3057 4125; x_wconf 89' lang='lat' dir='ltr'><strong>decanum</strong></span> <span class='ocrx_word' id='word_1_294' title='bbox 3108 4060 3304 4125; x_wconf 89' lang='lat' dir='ltr'><strong>fuerit</strong></span> <span class='ocrx_word' id='word_1_295' title='bbox 3360 4060 3717 4147; x_wconf 82' lang='lat' dir='ltr'><strong>requisitus.</strong></span> 
     </span>
     <span class='ocr_line' id='line_1_32' title="bbox 871 4151 3714 4247; baseline 0.002 -30"><span class='ocrx_word' id='word_1_296' title='bbox 871 4151 1055 4218; x_wconf 91' lang='lat' dir='ltr'><strong>Idem</strong></span> <span class='ocrx_word' id='word_1_297' title='bbox 1083 4154 1462 4243; x_wconf 88' lang='lat' dir='ltr'><strong>intelligitur</strong></span> <span class='ocrx_word' id='word_1_298' title='bbox 1497 4156 1577 4224; x_wconf 90' lang='lat' dir='ltr'><strong>de</strong></span> <span class='ocrx_word' id='word_1_299' title='bbox 1620 4162 1893 4225; x_wconf 88' lang='lat' dir='ltr'><strong>materia</strong></span> <span class='ocrx_word' id='word_1_300' title='bbox 1932 4159 2151 4247; x_wconf 91' lang='lat' dir='ltr'><strong>aliqua</strong></span> <span class='ocrx_word' id='word_1_301' title='bbox 2191 4181 2362 4223; x_wconf 90' lang='lat' dir='ltr'><strong>nova</strong></span> <span class='ocrx_word' id='word_1_302' title='bbox 2401 4159 2721 4246; x_wconf 90' lang='lat' dir='ltr'><strong>impressa</strong></span> <span class='ocrx_word' id='word_1_303' title='bbox 2761 4159 3149 4225; x_wconf 89' lang='lat' dir='ltr'><strong>resumenda</strong></span> <span class='ocrx_word' id='word_1_304' title='bbox 3192 4158 3298 4224; x_wconf 90' lang='lat' dir='ltr'><strong>vel</strong></span> <span class='ocrx_word' id='word_1_305' title='bbox 3336 4156 3714 4239; x_wconf 78' lang='lat' dir='ltr'><strong>exercenda,</strong></span> 
     </span>
     <span class='ocr_line' id='line_1_33' title="bbox 875 4255 3237 4349; baseline 0.003 -30"><span class='ocrx_word' id='word_1_306' title='bbox 875 4255 929 4319; x_wconf 91' lang='lat' dir='ltr'><strong>si</strong></span> <span class='ocrx_word' id='word_1_307' title='bbox 973 4276 1306 4321; x_wconf 86' lang='lat' dir='ltr'><strong>resumens</strong></span> <span class='ocrx_word' id='word_1_308' title='bbox 1349 4257 1453 4322; x_wconf 88' lang='lat' dir='ltr'><strong>vel</strong></span> <span class='ocrx_word' id='word_1_309' title='bbox 1493 4280 1807 4325; x_wconf 87' lang='lat' dir='ltr'><strong>exercens</strong></span> <span class='ocrx_word' id='word_1_310' title='bbox 1852 4282 1969 4346; x_wconf 90' lang='lat' dir='ltr'><strong>per</strong></span> <span class='ocrx_word' id='word_1_311' title='bbox 2013 4259 2329 4324; x_wconf 90' lang='lat' dir='ltr'><strong>decanum</strong></span> <span class='ocrx_word' id='word_1_312' title='bbox 2372 4258 2569 4323; x_wconf 87' lang='lat' dir='ltr'><strong>fuerit</strong></span> <span class='ocrx_word' id='word_1_313' title='bbox 2610 4258 2826 4326; x_wconf 90' lang='lat' dir='ltr'><strong>debite</strong></span> <span class='ocrx_word' id='word_1_314' title='bbox 2866 4259 3237 4349; x_wconf 89' lang='lat' dir='ltr'><strong>requisitus.</strong></span> 
     </span>
    </p>
   </div>
   <div class='ocr_carea' id='block_1_7' title="bbox 1752 4526 2848 4594">
    <p class='ocr_par' dir='ltr' id='par_1_12' title="bbox 1752 4526 2848 4594">
     <span class='ocr_line' id='line_1_34' title="bbox 1752 4526 2848 4594; baseline -0.002 -3"><span class='ocrx_word' id='word_1_315' title='bbox 1752 4526 1839 4591; x_wconf 88' lang='lat' dir='ltr'><strong>X.</strong></span> <span class='ocrx_word' id='word_1_316' title='bbox 1901 4543 2395 4594; x_wconf 62' lang='lat' dir='ltr'><strong>carm-unum</strong></span> <span class='ocrx_word' id='word_1_317' title='bbox 2436 4543 2848 4592; x_wconf 71' lang='grc'><strong>1166111611.</strong></span> 
     </span>
    </p>
   </div>
   <div class='ocr_carea' id='block_1_8' title="bbox 871 4673 3715 4764">
    <p class='ocr_par' dir='ltr' id='par_1_13' title="bbox 871 4673 3715 4764">
     <span class='ocr_line' id='line_1_35' title="bbox 871 4673 3715 4764; baseline -0.002 -19"><span class='ocrx_word' id='word_1_318' title='bbox 871 4679 987 4745; x_wconf 86' lang='grc' dir='ltr'><strong>Ι)6</strong></span> <span class='ocrx_word' id='word_1_319' title='bbox 1037 4678 1754 4764; x_wconf 90' lang='lat' dir='ltr'><strong>resumptionibus</strong></span> <span class='ocrx_word' id='word_1_320' title='bbox 1798 4674 2160 4764; x_wconf 90' lang='lat' dir='ltr'><strong>publicis</strong></span> <span class='ocrx_word' id='word_1_321' title='bbox 2207 4699 2350 4763; x_wconf 91' lang='lat' dir='ltr'><strong>per</strong></span> <span class='ocrx_word' id='word_1_322' title='bbox 2393 4673 2890 4742; x_wconf 86' lang='lat' dir='ltr'><strong>facultatem</strong></span> <span class='ocrx_word' id='word_1_323' title='bbox 2935 4677 3240 4742; x_wconf 88' lang='lat' dir='ltr'><strong>arcium</strong></span> <span class='ocrx_word' id='word_1_324' title='bbox 3284 4675 3715 4763; x_wconf 87' lang='lat' dir='ltr'><strong>deputatis.</strong></span> 
     </span>
    </p>
   </div>
   <div class='ocr_carea' id='block_1_9' title="bbox 788 4866 3252 4931">
    <p class='ocr_par' dir='ltr' id='par_1_14' title="bbox 788 4866 3252 4931">
     <span class='ocr_line' id='line_1_36' title="bbox 788 4866 3252 4931; baseline -0.002 -3"><span class='ocrx_word' id='word_1_325' title='bbox 788 4872 855 4928; x_wconf 85' lang='grc'><strong>35</strong></span> <span class='ocrx_word' id='word_1_326' title='bbox 1368 4866 1418 4925; x_wconf 92' lang='grc'><strong>1.</strong></span> <span class='ocrx_word' id='word_1_327' title='bbox 1463 4877 1557 4931; x_wconf 78' lang='lat' dir='ltr'><strong>DE</strong></span> <span class='ocrx_word' id='word_1_328' title='bbox 1600 4876 1908 4925; x_wconf 60' lang='lat' dir='ltr'><strong>mamma</strong></span> <span class='ocrx_word' id='word_1_329' title='bbox 1951 4876 2371 4925; x_wconf 74' lang='lat' dir='ltr'>RESUMENDA</span> <span class='ocrx_word' id='word_1_330' title='bbox 2413 4876 2504 4924; x_wconf 74' lang='grc' dir='ltr'><strong>ΕΤ</strong></span> <span class='ocrx_word' id='word_1_331' title='bbox 2551 4876 2878 4925; x_wconf 74' lang='lat' dir='ltr'><strong>TEMPORE:</strong></span> <span class='ocrx_word' id='word_1_332' title='bbox 2920 4876 3252 4925; x_wconf 65' lang='lat' dir='ltr'><strong>nmmum.</strong></span> 
     </span>
    </p>
   </div>
   <div class='ocr_carea' id='block_1_10' title="bbox 871 5005 3719 5393">
    <p class='ocr_par' dir='ltr' id='par_1_15' title="bbox 871 5005 3719 5393">
     <span class='ocr_line' id='line_1_37' title="bbox 1038 5005 3719 5097; baseline -0.002 -20"><span class='ocrx_word' id='word_1_333' title='bbox 1038 5011 1313 5092; x_wconf 88' lang='lat' dir='ltr'><strong>Placuit,</strong></span> <span class='ocrx_word' id='word_1_334' title='bbox 1354 5007 1529 5097; x_wconf 91' lang='lat' dir='ltr'><strong>quod</strong></span> <span class='ocrx_word' id='word_1_335' title='bbox 1566 5007 1841 5075; x_wconf 86' lang='lat' dir='ltr'><strong>facultas</strong></span> <span class='ocrx_word' id='word_1_336' title='bbox 1883 5008 2132 5077; x_wconf 87' lang='lat' dir='ltr'><strong>arcium</strong></span> <span class='ocrx_word' id='word_1_337' title='bbox 2172 5005 2462 5094; x_wconf 89' lang='lat' dir='ltr'><strong>qualibet</strong></span> <span class='ocrx_word' id='word_1_338' title='bbox 2503 5008 2867 5073; x_wconf 88' lang='lat' dir='ltr'><strong>mutacione</strong></span> <span class='ocrx_word' id='word_1_339' title='bbox 2906 5017 3184 5096; x_wconf 84' lang='lat' dir='ltr'><strong>quatuor</strong></span> <span class='ocrx_word' id='word_1_340' title='bbox 3226 5009 3600 5095; x_wconf 83' lang='lat' dir='ltr'><strong>magistros,</strong></span> <span class='ocrx_word' id='word_1_341' title='bbox 3643 5005 3719 5071; x_wconf 88' lang='lat' dir='ltr'><strong>ad</strong></span> 
     </span>
     <span class='ocr_line' id='line_1_38' title="bbox 871 5105 3711 5203; baseline -0.003 -23"><span class='ocrx_word' id='word_1_342' title='bbox 871 5112 1133 5203; x_wconf 89' lang='lat' dir='ltr'><strong>publice</strong></span> <span class='ocrx_word' id='word_1_343' title='bbox 1189 5109 1648 5176; x_wconf 87' lang='lat' dir='ltr'><strong>resumendum</strong></span> <span class='ocrx_word' id='word_1_344' title='bbox 1705 5107 1911 5173; x_wconf 89' lang='lat' dir='ltr'><strong>abiles</strong></span> <span class='ocrx_word' id='word_1_345' title='bbox 1969 5116 2035 5172; x_wconf 89' lang='lat' dir='ltr'><strong>et</strong></span> <span class='ocrx_word' id='word_1_346' title='bbox 2089 5106 2413 5192; x_wconf 90' lang='lat' dir='ltr'><strong>ydoneos,</strong></span> <span class='ocrx_word' id='word_1_347' title='bbox 2471 5105 2636 5172; x_wconf 90' lang='lat' dir='ltr'><strong>duos</strong></span> <span class='ocrx_word' id='word_1_348' title='bbox 2690 5106 2772 5174; x_wconf 91' lang='lat' dir='ltr'><strong>de</strong></span> <span class='ocrx_word' id='word_1_349' title='bbox 2837 5105 3107 5174; x_wconf 90' lang='lat' dir='ltr'><strong>consilio</strong></span> <span class='ocrx_word' id='word_1_350' title='bbox 3162 5117 3228 5173; x_wconf 89' lang='lat' dir='ltr'><strong>et</strong></span> <span class='ocrx_word' id='word_1_351' title='bbox 3285 5107 3450 5175; x_wconf 88' lang='lat' dir='ltr'><strong>duos</strong></span> <span class='ocrx_word' id='word_1_352' title='bbox 3510 5117 3711 5188; x_wconf 83' lang='lat' dir='ltr'><strong>extra,</strong></span> 
     </span>
     <span class='ocr_line' id='line_1_39' title="bbox 875 5205 3713 5299; baseline -0.003 -21"><span class='ocrx_word' id='word_1_353' title='bbox 875 5213 1142 5299; x_wconf 84' lang='lat' dir='ltr'><strong>deputet</strong></span> <span class='ocrx_word' id='word_1_354' title='bbox 1162 5257 1181 5292; x_wconf 93' lang='lat'><strong>,</strong></span> <span class='ocrx_word' id='word_1_355' title='bbox 1261 5230 1535 5294; x_wconf 87' lang='lat' dir='ltr'><strong>quorum</strong></span> <span class='ocrx_word' id='word_1_356' title='bbox 1613 5231 1779 5274; x_wconf 90' lang='lat' dir='ltr'><strong>unus</strong></span> <span class='ocrx_word' id='word_1_357' title='bbox 1848 5208 1917 5270; x_wconf 90' lang='lat' dir='ltr'><strong>in</strong></span> <span class='ocrx_word' id='word_1_358' title='bbox 1988 5207 2420 5292; x_wconf 89' lang='lat' dir='ltr'><strong>grammatica</strong></span> <span class='ocrx_word' id='word_1_359' title='bbox 2488 5205 2826 5272; x_wconf 90' lang='lat' dir='ltr'><strong>Donatum</strong></span> <span class='ocrx_word' id='word_1_360' title='bbox 2898 5216 2961 5271; x_wconf 90' lang='lat' dir='ltr'><strong>et</strong></span> <span class='ocrx_word' id='word_1_361' title='bbox 3045 5205 3399 5273; x_wconf 87' lang='lat' dir='ltr'><strong>secundam</strong></span> <span class='ocrx_word' id='word_1_362' title='bbox 3467 5214 3713 5293; x_wconf 87' lang='lat' dir='ltr'><strong>partem</strong></span> 
     </span>
     <span class='ocr_line' id='line_1_40' title="bbox 873 5304 3719 5393; baseline -0.003 -15"><span class='ocrx_word' id='word_1_363' title='bbox 873 5307 1260 5378; x_wconf 84' lang='lat' dir='ltr'><strong>Allexandri</strong></span> <span class='ocrx_word' id='word_1_364' title='bbox 1299 5306 1676 5374; x_wconf 85' lang='lat' dir='ltr'><strong>textualiter</strong></span> <span class='ocrx_word' id='word_1_365' title='bbox 1717 5307 1789 5371; x_wconf 91' lang='lat' dir='ltr'><strong>in</strong></span> <span class='ocrx_word' id='word_1_366' title='bbox 1827 5328 1957 5371; x_wconf 87' lang='lat' dir='ltr'><strong>una</strong></span> <span class='ocrx_word' id='word_1_367' title='bbox 1997 5306 2363 5372; x_wconf 90' lang='lat' dir='ltr'><strong>mutacione</strong></span> <span class='ocrx_word' id='word_1_368' title='bbox 2409 5304 2709 5373; x_wconf 87' lang='lat' dir='ltr'><strong>aestivali</strong></span> <span class='ocrx_word' id='word_1_369' title='bbox 2748 5315 3069 5390; x_wconf 85' lang='lat' dir='ltr'><strong>resumat,</strong></span> <span class='ocrx_word' id='word_1_370' title='bbox 3114 5308 3183 5372; x_wconf 88' lang='lat' dir='ltr'><strong>in</strong></span> <span class='ocrx_word' id='word_1_371' title='bbox 3242 5305 3535 5393; x_wconf 81' lang='lat' dir='ltr'><strong>hyemali</strong></span> <span class='ocrx_word' id='word_1_372' title='bbox 3574 5326 3719 5370; x_wconf 88' lang='lat' dir='ltr'><strong>vero</strong></span> 
     </span>
    </p>
   </div>
  </div>
 </body>
</html>
