4038 6358
828 629 909 695 50
1784 619 1885 674 Dio
1920 622 2159 673 Statuten
2194 633 2316 672 vom
2351 618 2518 672 Jahre
2563 620 2690 670 1410

1107 813 1166 875 3.
1226 825 1322 872 ns:
1363 821 1869 871 rusmcscromr
1915 820 2330 872 susci-iosus
2374 817 2718 868 merolus
2759 818 2851 865 ET
2893 815 3367 865 mmmom.

989 940 1200 1004 Facta
1252 938 1563 1005 electione
1614 939 1887 1003 rectoris
1940 960 2105 1003 unus
2164 937 2244 1002 de
2297 934 2684 1001 electoribus
2728 933 3041 1020 quinque,
3098 933 3168 996 in
3210 954 3400 1020 quem
3442 953 3664 997 omnes

826 1038 1369 1106 concordaverint
1404 1036 1510 1103 vel
1550 1038 1758 1103 maior
1800 1058 1957 1123 pars
2001 1035 2248 1118 saltem,
2291 1033 2654 1100 nominabit
2695 1031 2971 1097 electum
3012 1040 3074 1096 et
3114 1030 3475 1119 publicabit
3512 1053 3657 1097 eum

824 1139 1250 1204 universitati.
1335 1137 1424 1202 Et
1467 1138 1523 1201 si
1566 1136 1804 1202 electus
1846 1137 1917 1200 in
1959 1135 2472 1221 congregacione
2510 1155 2642 1198 non
2683 1131 2893 1214 fuerit,
2939 1130 3022 1197 ab
3051 1129 3439 1196 electoribus
3474 1152 3667 1218 quae-

769 1249 803 1303 5
826 1246 1009 1303 ratur
1050 1246 1116 1303 et
1157 1234 1389 1301 electio
1427 1236 1509 1301 de
1552 1257 1622 1300 se
1662 1234 1839 1300 facta
1883 1234 2009 1300 sibi
2050 1234 2454 1321 exprimatur
2495 1242 2559 1298 et
2602 1253 2952 1297 consensus
2992 1231 3202 1317 ipsius
3249 1230 3528 1318 desuper
3564 1251 3663 1295 re-

829 1339 1137 1426 quiratur.
1195 1335 1457 1401 Electus
1479 1345 1713 1418 autem,
1742 1334 1916 1401 facta
1946 1333 2073 1399 sibi
2093 1333 2209 1399 tali
2230 1334 2665 1415 intimaciom,
2692 1353 2821 1396 non
2845 1330 3185 1424 excusabit
3207 1351 3278 1395 se
3311 1329 3430 1395 sub
3460 1352 3671 1418 poena

822 1438 1017 1503 trium
1063 1431 1219 1523 [4¹²]
1265 1456 1633 1500 marcarum
1674 1435 1822 1520 puri
1873 1435 2144 1520 argenti.
2227 1432 2489 1500 Electus
2532 1432 2768 1507 eciam,
2825 1431 2952 1495 nisi
2994 1430 3176 1516 prius
3220 1429 3415 1495 fuerit
3454 1439 3670 1494 rector

828 1559 945 1603 suo
1004 1535 1261 1601 nomine
1307 1543 1464 1609 (non
1519 1533 1603 1599 ab
1663 1532 1790 1599 alio
1844 1532 2290 1617 substitutus),
2349 1531 2771 1598 renuncciare
2826 1552 2957 1595 non
2999 1530 3209 1616 possit
3246 1528 3544 1595 electioni
3587 1528 3670 1593 de

828 1658 899 1701 se
939 1634 1179 1717 factae,
1237 1635 1443 1698 eciam
1494 1631 1729 1699 nullius
1788 1631 2118 1720 privilegii
2158 1630 2262 1697 vel
2304 1631 2727 1699 immunitatis
2770 1639 3147 1715 praetextu,
3209 1628 3324 1694 sed
3366 1638 3516 1694 ante
3559 1650 3664 1694 oc-

749 1745 815 1801 10
833 1757 1053 1801 casum
1108 1731 1264 1798 solis
1318 1731 1640 1797 tenebitur
1699 1741 2042 1818 acceptare
2091 1731 2211 1797 sub
2255 1752 2467 1818 poena
2501 1729 2942 1816 praescripta,
3002 1730 3130 1793 nisi
3169 1728 3335 1793 forte
3377 1729 3676 1793 raciona-

831 1834 1028 1901 bilem
1080 1832 1574 1897 excusacionem
1631 1830 1895 1896 habeat:
1959 1851 2129 1918 quae
2190 1831 2246 1894 si
2308 1852 2426 1916 per
2480 1839 2797 1895 rectorem
2849 1828 3182 1913 antiquum
3236 1848 3383 1891 cum
3436 1828 3670 1893 maiori

831 1942 1020 2022 parte
1076 1929 1593 1997 consiliariorum
1645 1931 1840 1995 suerit
1895 1928 2293 2016 approbata,
2349 1937 2505 1995 tunc
2555 1948 2777 1993 coram
2816 1928 2979 2012 ipsis
3028 1926 3267 1991 electus
3308 1925 3390 1991 de
3432 1949 3674 1993 causae

828 2034 1103 2099 veritate
1144 2032 1362 2096 iurare
1402 2036 1710 2094 teneatur.
1796 2028 1987 2110 Quod
2030 2030 2086 2093 si
2126 2050 2256 2093 non
2296 2028 2555 2111 fecerit,
2596 2029 2680 2092 sit
2718 2035 3034 2114 perpetuo
3076 2028 3374 2113 privatus
3413 2029 3675 2092 univer-

835 2132 1047 2198 sitatis
1103 2129 1371 2195 comodo
1430 2138 1495 2195 et
1546 2127 1823 2211 honore,
1874 2149 1996 2192 nec
2048 2128 2300 2193 restitui
2354 2128 2593 2214 possit,
2647 2127 2775 2191 nisi
2818 2126 3060 2191 dictam
3102 2147 3380 2212 poenam
3424 2125 3673 2212 persol-

756 2242 823 2297 15
835 2241 977 2314 vat,
1019 2251 1213 2318 quam
1255 2237 1517 2293 nostrae
1558 2227 1967 2293 universitati
2007 2227 2306 2295 volumus
2350 2225 2692 2313 applicari.

996 2328 1087 2394 Et
1142 2327 1315 2393 idem
1374 2324 1861 2412 intelligendum
1919 2337 2017 2393 est
2073 2326 2154 2392 de
2214 2324 2441 2392 eodem
2481 2324 2586 2391 vel
2629 2325 2756 2391 alio
2769 2375 2787 2409 ,
2844 2326 2953 2411 qui
2996 2326 3140 2410 ipso
3189 2324 3295 2388 die
3335 2323 3673 2389 electionis

828 2429 934 2497 vel
987 2447 1366 2514 quocunque
1415 2425 1542 2491 alio
1600 2427 1892 2514 sequenti
1935 2427 2335 2491 recusaverit
2374 2433 2732 2490 rectoratus
2774 2423 3057 2490 officium
3101 2435 3458 2510 acceptare.
3548 2423 3673 2489 Re-

831 2530 1171 2595 cusacione
1216 2534 1432 2591 autem
1473 2526 1650 2592 facta
1664 2575 1682 2610 ,
1733 2536 1951 2591 rector
2002 2527 2305 2613 antiquus
2346 2525 2840 2591 universitatem
2879 2523 3080 2588 faciat
3118 2526 3510 2609 congregari
3556 2546 3680 2610 pro

830 2628 961 2693 alio
1003 2635 1256 2693 rectore
1299 2625 1616 2713 eligendo.

749 2823 816 2879 20
902 2874 907 2880 .
1174 2816 1236 2875 4.
1293 2827 1387 2875 ΒΕ
1434 2823 2124 2875 ΒΕΟΟΜΜΕΝΒΑΟῙΟΝΕ
2165 2825 2256 2872 ΕΤ
2301 2824 2523 2874 ΒΕΒΠὸ
2566 2822 2700 2874 SIBI
2743 2818 3332 2872 PRAESENTANDIS.

995 2959 1232 3025 Rector
1295 2957 1534 3023 electus
1609 2968 1953 3045 postquam
2024 2958 2463 3043 acceptaverit
2532 2958 2607 3022 of
2622 2953 2683 3043 [5
2699 2953 2750 3044 ⁸]
2767 2956 2985 3023 ficium
3044 2966 3431 3040 rectoratus,
3511 2957 3683 3023 infra

836 3058 1203 3147 quindecim
1257 3057 1396 3121 dies
1452 3059 1751 3142 proxime
1810 3065 2147 3145 sequentes
2198 3055 2415 3144 aliquo
2469 3056 2575 3122 die
2627 3056 2862 3121 festivo
2915 3079 2984 3122 se
3027 3056 3226 3121 faciat
3266 3052 3708 3123 universitati*

834 3157 1377 3240 recommendari,
1433 3167 1495 3221 et
1534 3165 1688 3222 tunc
1728 3155 2025 3223 tradatur
2070 3155 2194 3222 sibi
2237 3179 2357 3244 per
2401 3165 2717 3223 rectorem
2762 3159 3097 3243 antiquum
3145 3154 3428 3242 sigillum
3472 3166 3683 3223 recto-

836 3271 1018 3324 ratus
1076 3279 1220 3322 cum
1273 3258 1531 3322 statutis
1576 3257 2021 3323 universitatis
2036 3308 2054 3342 ,
2132 3256 2350 3344 ibique
2412 3257 2613 3322 faciat
2667 3267 2880 3322 rector
2934 3255 3192 3344 publice
3241 3256 3673 3323 iuramentum

755 3367 821 3422 25
840 3357 1247 3423 universitati
1261 3406 1279 3440 ,
1340 3355 1512 3444 quod
1563 3355 1644 3421 de
1694 3358 1974 3444 receptis
2031 3357 2323 3446 pecuniis
2386 3358 2747 3443 ceterisque
2802 3355 3022 3439 rebus,
3099 3377 3263 3442 quae
3315 3364 3682 3421 rectoratus

843 3465 1233 3521 concernunt
1276 3456 1555 3521 officium
1569 3504 1587 3538 ,
1644 3457 1843 3521 faciat
1904 3456 2282 3522 fidelitatem
2338 3477 2521 3520 suam
2557 3455 2627 3519 in
2673 3455 2966 3522 omnibus
3011 3453 3360 3521 secundum
3402 3456 3678 3521 formam

837 3557 1104 3622 inferius
1147 3564 1522 3620 annotatam
1564 3556 1634 3619 in
1674 3555 1936 3621 rubrica
1975 3555 2124 3641 „Ad
2167 3555 2323 3644 quid
2363 3563 2656 3620 teneatur
2698 3563 2911 3620 rector
2950 3555 3420 3620 universitati.“

1623 3746 1681 3804 5.
1744 3757 1840 3804 DE
1882 3754 2290 3806 IURAMENTO
2335 3754 2506 3804 Novl
2544 3753 2902 3804 merolus.

1002 3889 1438 3954 Iuramentum
1480 3890 1631 3954 novi
1671 3889 1974 3971 rectoris,
2018 3886 2276 3975 quando
2318 3885 2881 3952 recommendatus
2924 3895 3056 3952 est:

757 3999 827 4057 30
1004 3989 1268 4073 „Primo
1312 3988 1609 4054 iurabitis
1622 4036 1641 4070 ‚
1690 3987 1864 4074 quod
1907 3988 2049 4052 sitis
2089 3985 2452 4051 membrum
2493 3987 2932 4052 universitatis
2974 3988 3161 4052 istius
3203 3996 3268 4053 et
3310 3987 3484 4074 quod
3525 3989 3672 4054 sitis

844 4089 1149 4171 clericuS,
1208 4110 1339 4153 non
1391 4089 1803 4173 coniugatus,
1857 4109 1977 4153 nec
2031 4085 2394 4173 professus,
2452 4095 2514 4152 et
2570 4086 2744 4174 quod
2804 4109 2926 4174 pro
2981 4109 3173 4175 posse
3235 4087 3677 4174 procurabitis

848 4211 1013 4274 quae
1055 4188 1381 4274 pertinent
1423 4187 1506 4254 ad
1546 4186 1783 4252 bonum
1829 4195 2066 4250 statum
2104 4185 2304 4250 studii
2347 4195 2412 4251 et
2455 4187 2900 4254 universitatis
2913 4236 2931 4270 ,
2990 4188 3083 4251 ita
3124 4196 3338 4251 tamen
3380 4186 3557 4272 quod
3600 4209 3688 4254 ex

846 4287 976 4353 levi
1031 4287 1442 4372 ignorancia‚
1496 4307 1660 4373 quae
1714 4307 1842 4349 non
1895 4286 1980 4350 sit
2033 4308 2115 4350 ex
2166 4284 2456 4369 malicia,
2510 4288 2865 4373 periurium
2906 4308 3036 4352 non
3078 4286 3443 4352 incurratis.
3527 4283 3695 4353 Item

850 4385 1149 4456 iurabitis
1205 4393 1449 4451 statuta
1503 4385 1682 4450 facta
1735 4393 1799 4449 et
1846 4383 2178 4468 facienda,
2237 4406 2404 4471 quae
2464 4407 2583 4472 per
2637 4387 3125 4452 universitatem
3180 4397 3329 4451 sunt
3383 4396 3447 4452 et
3506 4397 3701 4453 erunt

766 4496 834 4553 35
852 4485 1246 4574 approbata,
1300 4485 1572 4550 firmiter
1629 4484 1981 4549 observare
2037 4493 2102 4547 et
2152 4483 2366 4549 facere
2418 4483 2504 4549 ab
2555 4485 2853 4551 omnibus
2908 4486 3248 4553 observari
3308 4481 3374 4573 [5
3389 4482 3444 4574 ¹²]
3501 4495 3567 4552 et
3618 4508 3704 4552 ea

852 4595 1270 4652 manutenere
1310 4594 1375 4649 et
1419 4583 1773 4650 defensare.
1851 4583 2019 4649 Item
2061 4583 2381 4666 iurabitis,
2424 4583 2597 4671 quod
2639 4583 2886 4651 nullum
2927 4584 3295 4652 inscribetis
3351 4585 3439 4650 ad
3476 4587 3708 4652 matri·-

854 4685 1066 4752 culam
1107 4685 1587 4767 universitatis,
1636 4684 1762 4748 nisi
1805 4684 1993 4770 prius
2028 4682 2378 4749 secundum
2419 4692 2728 4754 stamtmn
2767 4685 3212 4752 universitatis
3257 4685 3485 4751 fecerit
3526 4687 3704 4752 iura-

851 4795 1155 4850 mentum.
1253 4783 1415 4850 Item
1469 4781 1795 4866 iurabitis‚
1859 4781 2034 4871 quod
2087 4805 2291 4870 usque
2344 4783 2431 4848 ad
2484 4783 2677 4850 finem
2730 4785 2934 4854 vestri
2988 4786 3327 4872 regiminis
3383 4787 3706 4873 pecunias

855 4884 1322 4966 universitatis,
1373 4885 1427 4948 si
1467 4904 1632 4969 quae
1676 4883 1760 4947 ad
1804 4891 2059 4947 vestras
2099 4905 2327 4948 manus
2371 4887 2804 4969 pervenerint,
2845 4884 3122 4954 fideliter
3163 4907 3284 4972 pro
3308 4887 3710 4951 universita-

772 4993 841 5050 40
856 4986 940 5049 tis
996 4982 1279 5048 utilitate
1333 4981 1793 5067 dispensabitis
1847 4990 1911 5047 et
1962 4980 2290 5046 residuum
2306 5031 2325 5065 ‚
2380 4985 2436 5048 si
2474 4983 2633 5068 quid
2674 4985 2902 5069 fuerit,
2961 4985 3449 5066 conservabitis.
3532 4986 3701 5052 Item

862 5080 1185 5164 iurabitis‚
1230 5080 1402 5168 quod
1441 5091 1592 5167 post
1627 5082 1821 5147 finem
1860 5083 2064 5145 vestri
2105 5081 2439 5166 regiminis
2483 5105 2602 5170 per
2643 5105 2929 5149 mensem
2969 5087 3293 5171 integrum
3334 5087 3401 5149 in
3441 5085 3700 5173 Lipczk

867 5179 1283 5246 remanebitis
1327 5189 1389 5244 et
1430 5182 1601 5267 quod
1641 5181 1854 5246 velitis
1899 5191 2074 5245 stare
2116 5182 2261 5264 iuri,
2316 5182 2371 5246 si
2413 5193 2638 5248 contra
2680 5205 2800 5248 vos
2843 5183 3092 5272 aliquid
3131 5184 3457 5252 obiectum
3485 5184 3705 5270 fuerit,

872 5290 935 5350 et
993 5301 1192 5370 super
1245 5279 1473 5366 poenis
1531 5279 1855 5347 solvendis
1905 5290 2125 5346 vestro
2168 5279 2381 5346 velitis
2428 5281 2693 5347 obedire
2732 5285 3108 5349 successori.
3190 5282 3264 5349 Si
3319 5294 3536 5351 autem
3583 5307 3710 5353 vos
