4038 6358
1475 661 1576 711 Die
1613 663 1831 712 almaton
1871 660 2125 710 statuten.
3112 650 3233 713 555

365 850 845 937 quaestionem
883 854 1227 936 proponat,
1269 853 1332 909 et
1374 842 1537 910 alter
1575 845 1885 909 terminos
1929 841 2315 929 exponendo
2357 844 2612 926 arguat,
2658 837 2745 904 ad
2790 843 3010 920 partes
3048 835 3230 900 cuius

364 949 564 1016 alius
631 948 711 1015 de
775 946 1132 1014 iunioribus
1199 944 1534 1031 magistris
1596 944 1985 1033 respondeat
2046 942 2262 1032 aliquo
2306 941 2498 1009 modo
2544 941 2911 1029 oppositum
2954 933 3232 1003 tenendo

357 1048 478 1114 illi
527 1050 866 1135 magistre,
905 1047 1014 1137 qui
1059 1047 1243 1134 prius
1284 1044 1372 1110 ad
1411 1043 1682 1110 eandem
1742 1047 2185 1131 quaestionem
2245 1041 2595 1129 respondit
2681 1040 2828 1121 Qui,
2886 1045 3232 1125 postquam

357 1171 762 1236 proponens
803 1156 1032 1212 contra
1072 1149 1209 1212 eius
1254 1146 1429 1212 dicta
1470 1146 1867 1233 opposuerit,
1911 1145 1992 1209 de
2036 1143 2454 1231 responsione
2506 1141 2591 1205 ad
2648 1146 3032 1226 argumenta
3086 1132 3232 1199 sub·

357 1258 688 1335 portatus
743 1247 1078 1313 habeatur.
1158 1247 1319 1312 Item
1378 1243 1835 1311 conducendus
1890 1254 1988 1309 est
2056 1241 2500 1309 licenciandus
2519 1291 2537 1324 ‚
2622 1235 3093 1325 vesperiandus
3164 1242 3229 1297 et
3283 1240 3316 1295 5

360 1345 710 1413 aulandus
754 1345 840 1411 ad
882 1346 1025 1414 loca
1067 1346 1322 1412 illorum
1372 1358 1631 1412 actuum
1672 1354 1736 1409 et
1783 1343 1868 1411 ab
1911 1342 2064 1410 inde
2121 1341 2526 1411 reducendus
2585 1348 2684 1405 est
2722 1360 2842 1429 per
2888 1335 3236 1423 magistros

362 1457 442 1513 et
489 1445 902 1515 baccalarios
943 1448 1013 1512 in
1055 1449 1306 1534 cappis.

1038 1651 1136 1713 19.
1175 1666 1268 1715 ΒΕ
1312 1664 1640 1713 ‘murone
1685 1665 2171 1715 VESPERIARUM
2216 1666 2305 1711 m·
2349 1664 2596 1713 AULAE.

562 1797 726 1865 Cum
775 1797 961 1863 multi
1002 1798 1326 1865 licenciati
1369 1801 1627 1882 tuerint,
1672 1801 1919 1888 primus
1958 1799 2223 1865 habebit
2268 1801 2515 1886 primos
2557 1808 2689 1862 tres
2730 1818 2985 1861 menses
3031 1816 3072 1859 a
3110 1793 3235 1858 fine

367 1898 562 1962 Iunii
607 1895 1013 1984 incipiendo,
1079 1898 1399 1964 secundus
1446 1909 1720 1986 quatuor
1777 1909 1842 1964 et
1885 1901 2122 1965 tercius
2182 1900 2460 1987 quinque
2508 1906 2571 1962 et
2610 1899 2706 1962 sic
2747 1904 3230 1979 consequenter,
3262 1899 3320 1954 10

374 1998 698 2061 continue
760 2018 889 2061 uno
957 2020 1178 2063 mense
1241 1995 1625 2085 supa-[13⁸]
1646 1998 1886 2064 addito.
1972 1998 2064 2063 Et
2106 2000 2489 2085 quicumque
2542 1997 2713 2061 infra
2753 2018 2937 2061 suum
2980 2002 3236 2079 tempus

367 2120 519 2160 non
565 2097 972 2182 processerit,
1016 2098 1072 2161 si
1115 2120 1387 2184 sequens
1431 2121 1575 2162 eum
1617 2099 2049 2185 praevenerit,
2093 2097 2322 2185 perdet
2363 2097 2570 2162 locum
2617 2119 2823 2163 suum.
2906 2095 3067 2159 Item
3111 2103 3235 2157 sta-

365 2204 595 2259 tutum
637 2202 765 2275 est,
826 2195 1030 2281 quod,
1103 2198 1160 2261 si
1201 2198 1269 2262 in
1312 2196 1585 2262 licencia
1625 2206 1873 2263 tantum
1915 2220 2080 2262 unus
2122 2198 2333 2277 fuerit,
2406 2197 2588 2262 dabit
2631 2195 3001 2261 licencianti
3041 2214 3235 2257 unam

370 2316 790 2380 sexagenum
831 2316 1146 2360 novorum
1185 2319 1593 2383 grossorum3
1637 2298 1691 2361 si
1733 2307 1865 2362 tres
1925 2298 2185 2380 fuerint,
2243 2297 2492 2361 dabunt
2528 2296 2692 2360 duas
2736 2314 3122 2379 sexagenaS,
3167 2299 3232 2355 et

373 2397 484 2460 sic
528 2402 993 2479 consequenter
1038 2395 1445 2461 ascendendo
1490 2419 1636 2460 cum
1675 2397 1943 2461 fertone.
2032 2397 2188 2461 Item
2244 2419 2616 2483 proponens
2668 2395 3104 2480 quaestionem
3163 2391 3231 2454 in
3258 2400 3318 2453 15

301 2530 312 2539 ·
371 2494 710 2580 vesperiis
748 2491 1016 2558 habebit
1071 2494 1355 2560 mediam
1410 2517 1804 2581 sexagenam
1827 2545 1843 2578 ,
1933 2498 2083 2561 item
2148 2518 2427 2582 arguens
2480 2497 2547 2560 in
2601 2494 2917 2581 vesper-iis
2969 2488 3239 2557 habebit

375 2593 758 2683 quindecim
801 2614 1066 2678 grossos
1104 2616 1328 2675 novos,
1367 2596 1517 2659 item
1565 2617 1934 2681 proponens
1973 2597 2414 2683 quaestionem
2454 2596 2525 2659 in
2568 2593 2717 2659 aula
2743 2591 3012 2657 habebit
3038 2612 3233 2655 unum

373 2694 704 2760 florenum
763 2692 1237 2778 ungaricalem‚
1305 2695 1458 2758 item
1516 2694 1917 2780 respondens
1974 2696 2252 2760 sedecim
2306 2714 2599 2780 grossos,
2663 2695 2814 2757 item
2873 2690 3234 2756 contrarius

377 2793 813 2880 propositae¹
856 2792 1215 2878 quaestioni
1259 2792 1527 2858 habebit
1550 2809 1609 2876 φ(
1641 2800 1712 2861 18
1757 2804 1821 2859 et
1860 2818 2013 2860 suus
2059 2794 2457 2882 respondens
2501 2791 2767 2858 habebit
2816 2799 2888 2858 14
2934 2806 3017 2873 95.
3068 2789 3232 2853 Item

378 2891 665 2979 quilibet
710 2891 795 2956 ad
834 2893 1276 2975 magisterium
1320 2893 1387 2957 in
1445 2892 1771 2977 theologia
1830 2903 2163 2981 promotus
2224 2904 2479 2959 tenetur
2542 2895 2610 2956 in
2662 2892 2878 2977 prima
2933 2911 3054 2954 sua
3101 2886 3225 2951 lec·
3249 2894 3317 2950 20

378 2993 578 3057 cione
620 3001 771 3077 post
808 2991 1288 3076 promocionem
1331 2992 1412 3057 (16
1455 3003 1789 3080 resumpta
1829 3016 2021 3057 unam
2078 2994 2159 3058 de
2216 2991 2738 3082 quaestionibus,
2796 2994 2864 3054 in
2915 2987 3064 3055 aula
3118 3008 3237 3051 sua

378 3092 711 3172 tractatis,
754 3089 1125 3176 disputare3
1170 3098 1235 3154 et
1277 3102 1618 3178 antequam
1663 3092 2033 3158 huiusmodi
2077 3092 2591 3181 disputacionem
2634 3087 3073 3176 compleverit,
3116 3107 3236 3149 nec

381 3213 512 3277 pro
569 3200 718 3255 actu
769 3200 1036 3275 regente
1087 3212 1296 3277 neque
1351 3190 1436 3255 ad
1493 3192 1829 3258 consilium
1879 3193 2210 3258 facultatis
2269 3192 2661 3258 admittatur.
2746 3190 2910 3254 Item
2963 3191 3029 3251 in
3087 3208 3237 3250 con-

385 3291 788 3376 gregacione
831 3288 1025 3377 plena
1060 3287 1233 3377 [13¹²]
1279 3300 1584 3355 statutum
1620 3292 1743 3357 fuit
1787 3302 1851 3357 et
1892 3293 2265 3358 conclusum
2310 3288 2732 3364 concorditer,
2773 3286 2949 3352 nullo
2982 3293 3233 3349 contra·

383 3389 667 3470 dicente,
710 3387 883 3473 quod
925 3387 1141 3453 nullus
1200 3391 1513 3474 magister
1568 3392 1635 3454 in
1691 3390 2014 3477 theologia
2084 3391 2277 3457 debet
2334 3402 2446 3456 aut
2500 3397 2743 3475 potest,
2800 3384 3063 3450 debebit
3118 3390 3315 3447 aut25

384 3488 634 3575 poterit
669 3486 1005 3573 disputare
1048 3487 1129 3551 (16
1174 3488 1462 3575 quolibet
1503 3490 1570 3553 in
1613 3488 1863 3554 artibus
1885 3491 1946 3574 ²,
2010 3492 2149 3554 sive
2210 3490 2333 3555 hoc
2386 3489 2580 3554 fuerit
2637 3510 2755 3573 per
2800 3484 3231 3550 voluntariam

385 3587 792 3654 oblacionem
834 3609 950 3651 seu
989 3590 1584 3672 praesentacionem
1650 3590 1788 3653 sive
1851 3611 1971 3676 per
2031 3589 2419 3654 eleccionem
2478 3586 2804 3652 facultatis
2861 3584 3109 3649 arcium
3140 3580 3236 3644 -de

382 3688 584 3768 fact0,
630 3687 768 3750 sive
810 3685 1040 3771 quavis
1066 3687 1090 3728 ³
1131 3685 1260 3751 alia
1299 3688 1410 3751 via
1452 3688 1644 3753 modo
1667 3689 1722 3768 ⁴,
1794 3687 1913 3753 sub
1972 3686 2190 3754 debito
2247 3688 2543 3775 praestiti
2600 3685 2946 3750 iuramenti
3003 3691 3067 3746 et
3118 3679 3237 3744 sub

383 3808 603 3873 poena
662 3783 883 3850 decem
941 3807 1310 3850 marcarum
1374 3786 1518 3851 auri
1574 3788 1754 3873 puri,
1839 3786 2375 3852 irremissibiliter
2437 3783 2890 3851 solvendarum
2944 3779 3238 3846 facultati

382 3884 793 3969 theologicae
837 3882 923 3947 ad
962 3885 1459 3971 requisicionem
1497 3886 2126 3973 uniuscuiuscunque
2170 3887 2465 3971 magistri
2515 3885 2597 3949 de
2637 3882 2944 3948 facultate
2986 3878 3230 3945 theolo-
3253 3886 3321 3942 30

382 3986 557 4071 gica.
599 3983 836 4049 Amen.

1531 4156 1632 4216 20.
1677 4170 1771 4216 m:
1811 4169 2111 4217 nmmo.

558 4281 872 4346 Decanus
912 4279 1246 4346 facultatis
1287 4281 1556 4348 habebit
1598 4285 1878 4369 primum
1916 4282 2129 4349 locum
2176 4285 2243 4349 in
2286 4282 2583 4348 omnibus
2624 4282 2874 4348 actibus
2920 4293 3050 4347 tam
3092 4280 3231 4344 uni·

383 4381 719 4446 versitatis
763 4401 958 4467 quam
998 4378 1344 4446 facultatis.

1030 4584 1131 4645 21.
1172 4596 1265 4645 m:
1311 4598 1511 4646 samo
1559 4598 2063 4646 mffls'rnomm
2099 4563 2593 4648 componun&
3254 4586 3320 4640 35

558 4710 848 4792 Quilibet
889 4713 1199 4798 magister
1235 4713 1304 4776 in
1347 4710 1673 4797 theologia
1716 4712 1982 4778 alterius
2028 4715 2466 4780 universitatis
2495 4715 2801 4801 deinceps
2845 4712 2931 4778 ad
2968 4710 3233 4777 faculta-

384 4822 518 4877 tem
564 4809 994 4876 assumendus
1038 4808 1231 4877 debet
1275 4810 1514 4876 habere
1559 4813 1807 4878 senium
1852 4835 2037 4877 suum
2083 4835 2124 4878 a
2165 4823 2454 4900 tempore
2513 4814 2919 4900 accepcionis
2963 4833 3087 4896 quo
3131 4810 3215 4874 ad

566 5081 584 5131 1
625 5074 999 5132 Geschriebeu
1034 5074 1181 5131 steht
1214 5075 1524 5130 contrarios
1551 5077 1851 5146 propositi.

559 5163 590 5213 2
624 5159 732 5214 Am
770 5159 967 5214 Raude
1000 5157 1351 5232 (unrichtig):
1389 5160 1661 5230 Magister
1695 5162 1754 5214 in
1790 5160 2066 5231 theoloyia
2100 5182 2209 5217 non
2242 5163 2554 5236 disputabit
2585 5162 2644 5216 in
2672 5158 3091 5234 philosophicis.

557 5249 586 5295 3
626 5241 999 5299 Geschrieben
1033 5242 1182 5299 steht
1214 5245 1477 5315 quamvis.
1677 5239 1680 5244 ⁸

555 5332 587 5381 4
619 5326 737 5382 Vor
769 5329 933 5382 modo
966 5344 1117 5382 muas
1147 5346 1243 5384 seu
1275 5328 1408 5384 oder
1440 5347 1509 5383 ac
1542 5326 1884 5400 ausgefallen
1920 5327 2053 5383 sein.
