4038 6358
864 588 986 655 416
1845 584 1947 642 Die
1988 584 2428 656 philosophische
2467 584 2720 641 Faculffit.

2022 778 2119 841 20.
2169 793 2289 857 Vgl.
2327 793 2448 853 VII,
2488 792 2537 844 8.

1026 905 1192 970 Item
1233 904 1502 992 quilibet
1543 904 2117 971 baccalariorum
2096 931 2166 971 m
2219 905 2469 972 artibus
2517 914 2773 970 tenetur
2814 903 3148 989 disputare
3191 902 3261 966 in
3305 900 3536 966 ordine
3585 923 3724 965 suo.

865 1004 956 1070 Et
998 1005 1055 1069 si
1095 1005 1162 1068 in
1206 1003 1454 1070 artibus
1496 1028 1625 1071 non
1665 1005 2000 1100 studuerit,
2045 1028 2248 1094 aeque
2287 1008 2356 1070 in
2394 1003 2620 1071 ordine
2663 1025 2779 1073 suo
2819 1011 3074 1068 tenetur
3117 1000 3467 1088 disputare,
3509 999 3725 1065 donec

866 1104 1196 1170 biennium
1251 1126 1433 1169 suum
1486 1087 1936 1192 compleverit,
2002 1104 2121 1171 sub
2178 1127 2390 1192 poena
2449 1104 2669 1173 decem
2730 1124 3101 1189 grossorum
3162 1100 3412 1166 decano
3464 1098 3725 1189 persol-

780 1214 814 1268 5
864 1202 1237 1269 vendorum.·

1027 1358 1305 1416 Hienach
1362 1378 1478 1417 von
1534 1360 1798 1418 ander-er
1836 1361 2036 1418 Hand
2047 1381 2065 1416 .·
2144 1355 2310 1421 Item
2371 1354 2453 1419 de
2506 1376 2709 1420 coena
2766 1351 3092 1418 servanda
3146 1360 3214 1416 et
3267 1348 3598 1415 latinitate
3655 1350 3720 1413 in

865 1453 1081 1520 bursis
1123 1474 1362 1539 quaere
1401 1452 1558 1518 folio
1602 1455 1874 1541 septimo
1933 1453 2024 1532 (d.
2068 1455 2111 1519 i.
2153 1454 2251 1519 Bl.
2290 1456 2420 1533 9¹³).
2436 1457 2456 1496 ¹

1036 1789 1156 1855 XI.
1212 1796 1358 1853 Nun
1380 1797 1592 1871 solyen
1632 1790 2205 1869 Zusatzbeschliisse,
2251 1795 2346 1854 die
2385 1795 2676 1854 zum’iclzst
2715 1792 3031 1853 stehenden
3071 1809 3188 1849 von
3230 1791 3343 1848 der
3382 1789 3579 1848 Hand
3620 1789 3720 1847 des

869 1894 1229 1970 Lampertus
1271 1912 1387 1952 von
1430 1895 1559 1952 dem
1599 1893 1797 1968 Hoeff
1826 1895 1897 1951 de
1946 1891 2130 1966 Goch,
2173 1896 2281 1954 der
2322 1896 2525 1959 1476·
2566 1893 2779 1951 Decem
2822 1911 2989 1950 war.-

786 2066 850 2121 10
873 2062 930 2121 1.
976 2051 1099 2143 [Bl.
1136 2051 1281 2141 20⁸]
1348 2056 1721 2122 s'rA'ru'rmi
1762 2071 2010 2121 novum
2045 2072 2140 2121 nn
2181 2073 2443 2122 maome
2486 2074 2559 2121 m
2601 2070 3026 2123 Exxmmus
3067 2066 3581 2133 PRACTIGANDO,
3625 2066 3716 2115 Ex

1886 2173 2214 2233 AN'QOs
2256 2173 2683 2222 muovA‘rnx.

1030 2288 1221 2354 Anno
1264 2286 1506 2354 domini
1545 2285 1884 2354 millesimo
1925 2288 2560 2377 quadringentesimo
2599 2289 3079 2375 septuagesimo
3123 2294 3312 2351 sexto
3355 2285 3461 2349 die
3485 2282 3713 2347 Martis

865 2388 1177 2453 vicesima
1218 2409 1391 2452 nona
1429 2388 1669 2451 mensis
1715 2384 2018 2452 Octobris
2064 2385 2257 2475 (1476
2300 2394 2355 2452 d.
2399 2392 2499 2453 29.
2549 2387 2851 2475 October),
2913 2408 3080 2474 quae
3136 2386 3259 2450 fuit
3311 2383 3519 2449 altera
3579 2381 3713 2447 dies

861 2499 1009 2575 post
1044 2487 1279 2552 festum
1327 2484 1628 2573 Symonis
1681 2494 1744 2549 et
1783 2482 1985 2552 Iudae
2047 2485 2518 2574 apostolorum,
2570 2487 2746 2552 facta
2797 2486 2993 2574 plena
3049 2485 3524 2551 convocacione
3580 2504 3711 2546 ma·

785 2598 847 2652 15
866 2589 1216 2674 gistrorum
1262 2584 1344 2650 de
1386 2584 1656 2650 consilio
1709 2585 2035 2651 facultatis
2088 2588 2334 2651 arcium
2391 2587 2513 2653 sub
2571 2608 2782 2674 poena
2852 2586 3125 2674 periurii
3141 2635 3161 2669 ,
3223 2593 3538 2650 statutum
3592 2582 3709 2646 fuit

857 2696 922 2752 et
960 2695 1059 2751 est
1100 2707 1219 2772 per
1259 2686 1463 2751 totam
1507 2682 1883 2749 facultatem
1907 2686 2342 2751 concorditer:
2391 2687 2735 2770 Quoniam,
2782 2686 3052 2752 docente
3094 2685 3532 2771 experiencia,
3575 2683 3706 2747 fre·

864 2808 1067 2874 quens
1090 2796 1157 2852 et
1177 2785 1416 2850 nimia²
1450 2784 1762 2849 effrenata
1794 2786 1865 2850 'in
1901 2785 2150 2851 artibus
2192 2796 2637 2873 promotorum
2680 2785 2993 2852 admissio
3036 2785 3350 2851 hactenus
3395 2782 3704 2850 maculam

864 2897 927 2952 et
953 2888 1377 2973 ignominiam
1398 2907 1530 2950 non
1553 2883 1879 2951 modicam
1920 2888 2333 2952 universitati
2378 2898 2442 2951 et
2476 2887 2771 2952 facultati
2814 2887 3068 2951 arcium
3105 2887 3506 2970 irrogarunt,
3543 2881 3703 2971 quod

867 3008 986 3073 per
1029 2985 1309 3073 amplius
1350 2984 1595 3070 absque
1636 2984 2112 3051 intermissione
2155 2988 2222 3050 in
2267 2985 2795 3074 temptaminibus
2839 2994 2904 3050 et
2943 2982 3375 3068 examinibus,
3420 2996 3554 3049 tam
3593 3004 3703 3069 pro

782 3095 853 3151 20
868 3085 1082 3172 gradu
1121 3086 1482 3173 magisterii
1522 3107 1718 3172 quam
1755 3108 1874 3172 pro
1915 3085 2127 3171 gradu
2168 3084 2664 3168 baccalariatuS,
2704 3087 2885 3171 rigor
2928 3106 3047 3172 per
3088 3083 3701 3164 vicecancellarium‚

861 3186 1177 3252 decanum
1236 3197 1299 3252 et
1351 3188 1829 3251 examinatores
1886 3194 2183 3251 teneatur
2226 3200 2290 3251 et
2331 3189 2760 3274 practicetur,
2803 3184 3101 3272 quodque
3143 3184 3224 3249 de
3268 3184 3395 3250 hoc
3448 3186 3702 3271 antiqua

861 3294 1102 3352 statuta
1155 3296 1346 3372 atque
1391 3283 1694 3350 conclusa
1751 3287 2130 3351 execucioni
2188 3286 2658 3366 demandentur
2710 3284 3299 3372 inviolabiliterque
3357 3293 3699 3365 serventur,

864 3410 1008 3453 cum
1052 3408 1130 3452 ea
1166 3395 1389 3452 tamen
1433 3385 1871 3468 restriccione,
1916 3385 2119 3473 quod,
2165 3388 2728 3474 quocienscunque
2769 3387 2838 3450 in
2879 3386 3166 3450 futurum
3211 3387 3699 3466 examinatores,

865 3497 1001 3551 tam
1043 3508 1165 3572 pro
1210 3485 1586 3571 magisterio
1630 3506 1824 3573 quam
1865 3506 1983 3570 pro
2023 3482 2493 3569 baccalariatu,
2539 3485 2705 3571 eligi*
2737 3486 3099 3571 contigerit,
3138 3483 3698 3550 vicecancellarius

777 3596 845 3652 25
865 3609 985 3674 pro
1024 3597 1315 3673 tempore
1355 3585 1697 3672 deputatus
1717 3634 1736 3668 ,
1783 3585 1838 3648 si
1878 3585 2192 3670 magister
2233 3597 2296 3650 et
2340 3583 2420 3651 de
2463 3585 2770 3651 facultate
2831 3586 3079 3649 arcium
3139 3592 3404 3649 nostrae
3463 3586 3700 3649 univer-

865 3687 1077 3754 sitatis
1119 3695 1219 3750 est
1260 3694 1325 3749 et
1367 3687 1742 3749 examinare
1781 3682 2088 3766 voluerit,
2133 3707 2212 3748 ac
2268 3689 2746 3750 examinatores
2800 3683 3074 3771 singuli,
3134 3706 3254 3771 per
3311 3695 3556 3751 sortem
3603 3695 3700 3748 aut

867 3785 1032 3851 alias
1074 3787 1261 3850 iuxta
1302 3782 1627 3850 facultatis
1671 3785 1918 3849 arcium
1962 3783 2491 3849 consuetudinem
2535 3783 2660 3849 sibi
2711 3783 3159 3869 condeputati,
3204 3806 3333 3871 quo
3381 3783 3470 3849 ad
3513 3795 3699 3871 temp·

865 3895 1084 3950 tamen
1140 3893 1204 3949 et
1260 3905 1535 3950 examen
1587 3882 2179 3970 magistrandorum
2193 3932 2213 3967 ,
2269 3895 2334 3949 et
2390 3884 2673 3949 decanus
2725 3905 2846 3969 pro
2900 3893 3192 3970 tempore
3233 3885 3528 3949 existens
3570 3905 3696 3948 cum

862 3982 1135 4071 singulis
1161 3981 1735 4065 examinatoribus,
1779 3982 1972 4064 modo
2016 3983 2378 4069 praemisso
2423 3982 2549 4048 sibi
2592 4005 2712 4070 pro
2753 3993 3042 4070 tempore
3086 3981 3561 4069 condeputatis,
3590 4005 3698 4071 quo

779 4093 849 4150 30
866 4083 953 4149 ad
1009 4105 1285 4150 examen
1354 4081 2043 4164 baccalariandorum,
2099 4084 2196 4148 ita
2244 4082 2416 4170 quod
2479 4084 2608 4170 ipsi
2668 4092 2734 4147 et
2786 4080 3055 4169 quilibet
3109 4103 3335 4147 eorum
3401 4105 3694 4165 seorsum,

865 4182 1438 4250 vicecancellarius
1495 4189 1560 4246 et
1616 4181 2097 4246 examinatores
2154 4181 2392 4267 singuli
2445 4205 2566 4269 pro
2619 4183 2910 4268 utrisque
2963 4179 3282 4267 gradibus
3346 4182 3594 4250 decano
3644 4192 3698 4246 et

868 4282 1150 4348 decanus
1212 4282 1453 4348 seniori
1497 4280 1583 4345 de
1621 4279 1888 4345 consilio
1941 4280 2266 4346 facultatis
2322 4283 2568 4347 arcium
2624 4283 2692 4345 in
2745 4282 3126 4367 praesencia
3175 4283 3460 4348 omnium
3514 4283 3693 4368 magi-

870 4392 1147 4447 strorum
1187 4382 1269 4447 de
1312 4380 1581 4447 consilio
1624 4379 1950 4446 facultatis
1994 4383 2241 4452 arcium
2281 4394 2436 4446 tunc
2494 4382 2941 4467 praesenciam
2956 4430 2976 4465 ,
3038 4382 3232 4448 tactis
3286 4382 3694 4471 corporaliter

871 4483 1303 4548 sacrosanctis
1349 4481 1711 4567 scripturis,
1755 4480 1874 4545 sub
1918 4480 2043 4546 hac
2083 4481 2294 4547 forma
2334 4482 2584 4546 iurent:

784 4592 852 4649 35
1034 4580 1223 4668 „Ego
1264 4582 1359 4647 .N.
1400 4582 1544 4647 iuro
1558 4629 1577 4664 ,
1622 4580 1803 4668 quod'
1836 4581 2099 4646 inantea
2142 4581 2221 4646 de
2260 4579 2580 4660 faciendis
2625 4603 2742 4667 per
2785 4603 2888 4645 me
2931 4603 3057 4672 quo
3110 4581 3197 4646 ad
3249 4581 3692 4648 admissionem

868 4682 974 4748 vel
1015 4683 1443 4747 reieccionem
1503 4682 1909 4768 temptamini
1964 4679 2068 4746 vel
2110 4682 2399 4746 examini
2441 4702 2612 4745 nunc
2655 4703 2725 4746 se
2775 4680 3298 4747 submittencium
3309 4731 3328 4765 ,
3374 4705 3566 4770 quem
3606 4677 3692 4746 vel

862 4805 1024 4869 quos
1082 4797 1207 4869 ego
1267 4780 1608 4846 admittere
1654 4779 1760 4845 vel
1816 4781 2062 4846 reicere
2102 4780 2297 4846 velim
2315 4829 2335 4864 ,
2399 4780 2623 4868 quales
2685 4783 2892 4847 eciam
2950 4782 3082 4869 ipsi
3139 4782 3339 4847 michi
3393 4781 3500 4848 vel
3552 4781 3692 4850 meis

1022 5021 1045 5072 1
1084 5016 1309 5072 Sodann
1356 5009 1431 5069 ist
1481 5013 1585 5069 auf
1625 5015 1734 5070 den
1780 5015 1985 5070 Zusatz
2036 5014 2266 5072 Β1.22ε
2318 5013 2496 5086 (s.u.)
2541 5012 2908 5083 hingewiesen
2959 5014 3062 5068 mit
3103 5014 3211 5068 den
3247 5014 3509 5072 Worten:
3573 5014 3693 5069 Post

862 5104 972 5156 dm
991 5100 1158 5172 folia
1195 5100 1544 5154 inveniuntur
1574 5107 1797 5170 statuta,
1841 5118 1982 5170 quae
2013 5101 2189 5154 eciam
2222 5105 2349 5162 eunt
2389 5096 2734 5169 publicanda
2770 5104 2822 5153 et
2852 5097 3080 5168 kyenaa
3114 5100 3176 5153 in
3213 5099 3454 5164 Ιεοςίοπο
3485 5105 3690 5154 stanco-

862 5204 985 5242 rum
1008 5203 1116 5257 per
1145 5187 1420 5240 decanum.

1019 5275 1051 5326 2
1087 5269 1248 5326 Etwa
1278 5269 1481 5324 nimis!
