4038 6358
1461 623 1561 673 Die
1597 622 1814 672 anesten
1844 621 2102 673 Statuten.
3091 617 3211 683 553

325 801 545 890 quod
597 803 810 871 senior
853 814 1150 872 teneatur
1189 805 1318 871 sibi
1361 807 1591 873 cedere
1647 808 1713 872 in
1752 806 2167 896 praemissis3
2254 807 2403 871 item
2471 804 2646 895 quod
2700 801 2971 890 quilibet
3027 798 3209 881 ordo,

325 902 830 993 incorporatus
874 905 977 971 vel
1019 907 1534 994 incorporandus
1574 908 1980 973 universitati
2024 919 2088 972 et
2125 905 2419 972 facultati
2473 903 2904 990 theologicae,
2963 900 3213 966 ordinet

325 1000 428 1067 ad
482 1006 716 1070 minus
762 1004 944 1088 duos,
987 1006 1099 1092 qui
1143 1006 1405 1072 visitent
1449 1017 1515 1072 et
1554 1008 1824 1074 audiant
1865 1005 2182 1073 lecciones
2238 1005 2691 1091 magistrorum
2745 1001 3104 1089 legencium
3144 1000 3212 1062 in

322 1098 640 1169 lectorio
681 1103 1125 1191 theologorum
1170 1105 1423 1193 collegii
1465 1108 1751 1174 maioris.

1131 1316 1223 1376 14.
1265 1327 1360 1374 DE
1405 1327 1885 1376 rnonovmmo
1931 1320 2027 1374 AD
2070 1327 2466 1377 monacum.
3263 1308 3295 1362 5

533 1455 781 1521 Volens
824 1460 1196 1544 promoveri
1240 1460 1326 1525 ad
1365 1460 1721 1544 licenciam,
1768 1462 1967 1526 finitis
2012 1462 2355 1526 sentenciis
2421 1482 2537 1546 per
2595 1456 2757 1521 duos
2804 1477 3008 1519 annos
3077 1452 3203 1517 dis-

331 1557 754 1641 putaciones
799 1567 863 1620 et
902 1556 1222 1623 lecciones
1266 1563 1724 1645 magistrorum
1769 1561 2113 1646 diligenter
2156 1560 2451 1625 visitabit
2494 1568 2560 1623 et
2601 1554 2889 1646 quolibet
2917 1577 3083 1618 anno
3126 1550 3212 1616 ad

333 1655 587 1719 minus
633 1655 831 1720 semel
873 1658 1329 1744 respondebit3
1375 1672 1626 1726 tenetur
1668 1663 1872 1727 eciam
1921 1661 2218 1727 doctores
2264 1659 2606 1744 diligenter
2663 1653 2997 1743 perlegere
3040 1662 3103 1717 et
3146 1673 3215 1715 se

329 1754 432 1820 ad
485 1755 836 1821 licenciam
883 1756 1266 1844 disponere,
1333 1761 1386 1824 si
1432 1759 1517 1824 ad
1561 1782 1703 1825 eam
1745 1759 2029 1825 voluerit
2090 1759 2478 1846 promoveri.
2562 1757 2726 1821 Item
2788 1753 3010 1819 volens
3063 1773 3209 1839 pro-

333 1857 620 1920 moveri
664 1854 749 1919 ad
786 1854 1123 1922 licenciam
1163 1871 1310 1944 post
1357 1859 1855 1946 complecionem
1911 1859 2390 1947 praedictorum
2456 1866 2635 1943 petat
2693 1853 2819 1920 sibi
2871 1853 3011 1918 fieri
3065 1874 3208 1916 cona
3231 1860 3296 1913 10

333 1956 829 2041 gregacionem
896 1959 1181 2021 omnium
1248 1960 1710 2045 magistrorum
1776 1962 2144 2046 regencium
2216 1957 2299 2023 ad
2367 1955 2755 2021 audiendum
2822 1953 3206 2040 peticionem

341 2078 557 2119 suam
594 2078 787 2141 super
827 2054 959 2120 illo.
1016 2054 1164 2136 Qua
1195 2058 1366 2122 facta
1410 2068 1472 2122 et
1517 2061 1835 2145 peticione
1877 2083 1997 2123 sua
2039 2060 2394 2146 proposita,
2439 2055 2731 2141 magistri
2760 2049 3212 2117 deliberabunt

335 2156 412 2220 in
467 2155 788 2220 absencia
825 2157 1121 2241 magistri
1171 2159 1271 2223 sui
1301 2160 1337 2239 ¹,
1383 2168 1447 2223 et
1491 2160 1547 2223 si
1589 2181 1808 2224 omnes
1852 2169 2151 2245 regentes
2194 2158 2275 2222 de
2324 2154 2696 2241 ydoneitate
2741 2148 2910 2238 [10²³]
2965 2174 3083 2215 sua
3123 2148 3208 2213 ad

333 2253 484 2319 hoc
534 2256 996 2336 consenserint,
1042 2254 1448 2341 admittatur3
1496 2267 1559 2323 et
1601 2260 1895 2344 magistri
1942 2258 2233 2325 scribant
2272 2281 2390 2344 pro
2435 2279 2509 2321 co
2558 2250 2942 2331 cancelariO,
2988 2259 3205 2337 peten-

337 2365 488 2435 tes,
579 2363 650 2418 ut
718 2353 888 2419 illius
936 2357 1418 2444 promocionem
1477 2359 1585 2422 uni
1643 2360 2099 2443 magistrorum
2160 2357 2239 2422 de
2300 2355 2602 2421 facultate
2651 2360 2800 2417 actu
2837 2350 3204 2434 regcncium
3232 2358 3291 2412 15

339 2455 756 2535 committat,
821 2476 1015 2539 quam
1075 2458 1588 2523 commissionem
1640 2457 2123 2546 promovendus
2186 2455 2510 2550 tenebitur
2569 2450 2853 2541 propriis
2899 2449 3206 2535 expensis

341 2562 717 2639 exportare
737 2553 779 2617 ².

908 2744 999 2804 15.
1054 2757 1148 2803 DE
1191 2757 1595 2805 mmmmm
1639 2758 2087 2808 messenum
2126 2760 2199 2807 m
2242 2757 2665 2807 ‘rna-omem.

533 2889 996 2954 Praesentatus
1042 2890 1127 2956 ad
1171 2891 1513 2957 licenciam
1536 2941 1552 2971 ,
1625 2902 1971 2980 postquam
2015 2892 2339 2958 admissus
2381 2893 2594 2973 fuerit,
2638 2892 2855 2956 statim
2899 2890 3067 2955 iuret
3109 2912 3204 2955 se·

344 2989 643 3055 cundum
685 2989 982 3073 formam,
1028 3013 1195 3077 quae
1236 2992 1555 3078 sequitur:
1739 3050 1750 3057 ,
3226 2998 3292 3053 20

528 3105 713 3192 „Ego
737 3105 835 3170 .N.
880 3107 1023 3172 iuro
1066 3106 1513 3173 obedienciam
1556 3118 1820 3173 sanctae
1858 3109 2192 3175 Romanae
2237 3109 2568 3189 ecclesiae,
2605 3107 3043 3171 reverenciam
3073 3129 3205 3171 ma-

350 3207 718 3290 gistrorum
762 3207 828 3269 in
860 3207 1188 3295 theologia
1232 3227 1516 3288 servare,
1563 3219 1626 3273 et
1669 3231 2024 3295 procurare
2068 3232 2295 3296 pacem
2345 3209 2512 3272 inter
2554 3208 2900 3292 magistros
2964 3204 3204 3269 secula·

347 3328 462 3370 res
509 3314 574 3370 et
613 3304 971 3391 religiosos,
1014 3307 1353 3373 licenciam
1396 3330 1524 3371 non
1567 3330 1912 3388 resumere,
1957 3331 2077 3373 nec
2125 3310 2189 3372 in
2230 3308 2356 3372 alia
2416 3308 2836 3371 universitate
2892 3306 3203 3369 birretum

349 3406 690 3492 recipere,
778 3407 1059 3493 quinque
1127 3406 1405 3472 florenos
1474 3406 1558 3470 ad
1617 3405 1846 3471 fiscum
1900 3407 2226 3471 facultatis
2282 3408 2454 3470 infra
2497 3405 2884 3493 quindenam
2931 3404 3201 3483 solvere,

347 3504 533 3569 infra
576 3526 815 3568 annum
853 3503 1192 3570 licenciam
1232 3507 1525 3592 recipere
1565 3516 1629 3570 et
1671 3515 1822 3592 post
1857 3505 2194 3570 licenciam
2244 3515 2570 3592 receptam
2613 3505 2784 3568 infra
2827 3526 3062 3567 annum
3104 3505 3191 3566 in·
3220 3511 3287 3566 25

350 3602 642 3668 mediate
681 3612 1046 3691 sequentem
1090 3606 1383 3692 recipere
1424 3606 1708 3690 insignia
1750 3629 1869 3691 pro
1927 3606 2304 3690 magisterio
2361 3606 2429 3668 in
2496 3602 2861 3690 theologia,
2953 3603 3076 3666 nisi
3137 3603 3205 3666 in

350 3713 634 3790 utroque
673 3700 776 3766 vel
819 3702 1022 3768 altero
1065 3725 1286 3768 eorum
1332 3727 1451 3791 pro
1498 3701 1788 3769 ulteriori
1831 3702 2151 3769 dilacione
2196 3726 2314 3791 per
2355 3703 2725 3768 facultatem
2768 3724 3016 3767 mecum
3072 3703 3203 3765 fue·

349 3805 442 3866 rit
487 3800 950 3887 dispensatum,
985 3801 1242 3890 aliaque
1283 3813 1526 3869 statuta
1565 3814 1628 3868 et
1674 3803 2033 3883 statuenda,
2079 3826 2243 3891 quae
2284 3813 2435 3868 sunt
2487 3824 2606 3889 pro
2652 3801 2893 3867 honore
2936 3800 3202 3865 faculta-

350 3902 441 3966 tis
490 3900 885 3987 praedictae,
928 3924 1223 3967 servare:
1268 3904 1421 3968 item
1463 3902 1544 3967 de
1600 3898 1696 3989 [11
1722 3900 1772 3990 ²²]
1831 3913 2121 3989 tempore
2177 3901 2535 3989 recipiendi
2588 3900 2903 3966 birretum
2968 3903 3202 3980 facere,

352 4002 528 4065 sicut
566 3998 894 4065 videbitur
931 4003 1261 4087 magistris
1303 4001 1646 4088 expedire3
1693 4004 1847 4067 item
1889 4012 2063 4067 stare
2107 4001 2444 4067 dictamini
2495 4000 2822 4066 facultatis
2881 4001 2950 4063 in
3000 3998 3196 4063 licitis
3217 4009 3285 4064 30

353 4110 418 4164 et
465 4098 770 4164 honestis.
857 4100 967 4165 Sic
1011 4122 1114 4165 me
1153 4100 1311 4166 deus
1359 4101 1623 4165 adiuvet
1668 4111 1731 4167 et
1773 4111 1998 4166 sancta
2043 4100 2148 4165 dei
2193 4100 2610 4187 ewangelia.“

830 4305 926 4367 16.
967 4318 1063 4365 DE
1101 4317 1302 4367 nono
1343 4319 1792 4368 messenum
1834 4319 2146 4381 Amomm
2192 4320 2263 4366 m
2308 4316 2728 4365 Tnnonocm.

523 4447 992 4515 Commissione
1028 4473 1070 4515 a
1112 4450 1477 4516 cancelario
1519 4451 1870 4538 impetrata
1913 4462 1976 4517 et
2017 4451 2299 4533 obtenta,
2344 4452 2671 4536 magister,
2704 4451 2805 4513 cui
2826 4451 3194 4516 commissio

352 4548 528 4612 facta
571 4557 701 4630 est,
787 4549 1077 4634 assignet
1115 4550 1520 4616 licenciando
1561 4550 1794 4616 horam
1837 4575 2259 4639 vesperarum
2303 4551 2573 4616 alicuius
2615 4557 2830 4613 certae
2882 4548 3045 4632 diei,
3110 4548 3198 4614 ad

531 4802 549 4852 1
595 4795 670 4852 So
706 4796 854 4852 steht
887 4794 1134 4852 deutlich
1167 4795 1541 4868 geschrieben.
1618 4798 1877 4854 Gemeint
1913 4798 1987 4853 ist
2019 4799 2116 4853 der
2152 4799 2444 4854 Promotor
2476 4797 2575 4852 der
2609 4794 3029 4852 Licentianden.

524 4887 554 4935 2
593 4880 699 4935 Am
734 4881 929 4937 Raude
961 4899 1071 4936 von
1110 4885 1355 4951 spaterer
1387 4880 1570 4950 Hand,
1610 4881 1735 4937 sehr
1768 4882 2125 4938 undeutlich:
2183 4892 2243 4936 ut
2292 4883 2351 4935 in
2407 4882 2649 4951 antiquis
2706 4898 2914 4950 quoque
2962 4880 3190 4934 habetur

351 4967 433 5019 sic
467 4973 559 5019 est.
630 4965 737 5019 Die
773 4966 998 5036 Lesung
1031 4966 1105 5020 ist
1133 4964 1289 5020 nicht
1322 4965 1502 5020 sicher
1536 4982 1738 5037 genug,
1775 4984 1866 5019 um
1902 4966 2111 5020 darauf
2141 4966 2396 5021 Schliisse
2437 4964 2613 5018 bauen
2643 4981 2714 5017 zu
2735 4963 2972 5017 konnen.
3027 4963 3195 5018 Sonst

352 5052 560 5103 miisstc
594 5065 722 5103 man
756 5048 1095 5118 vermnthen,
1131 5050 1261 5104 dass
1298 5066 1494 5104 unsere
1531 5048 1824 5104 Abschrift
1853 5051 2261 5118 Aenderungen
2295 5067 2366 5103 an
2404 5050 2526 5104 dem
2564 5047 2850 5118 Originale
2886 5065 3209 5118 vot-genom-

351 5149 474 5187 men
513 5131 674 5198 habe,
709 5150 820 5187 was
857 5132 1000 5188 doch
1038 5150 1140 5188 aus
1172 5133 1350 5189 vielen
1402 5132 1667 5189 Griinden
1709 5133 1864 5188 nicht
1912 5133 2198 5205 glaublich
2248 5133 2334 5187 ist.
2406 5132 2563 5189 Noch
2612 5130 3204 5186 unwahrscheinlicher

352 5216 424 5271 ist
454 5217 546 5271 die
581 5216 899 5286 Annahme,
968 5217 1057 5272 die
1099 5216 1476 5288 theologische
1514 5217 1776 5272 Facultiit
1809 5216 1953 5273 habe
1989 5237 2088 5273 vor
2124 5219 2310 5273 diesen
2352 5217 2612 5272 Statuten
2646 5215 2847 5271 bereits
2880 5217 3004 5272 eine
3033 5219 3204 5276 altere

352 5299 660 5357 Bedaction
695 5301 965 5358 besessen.
1035 5301 1144 5357 Die
1179 5301 1494 5357 Randnotiz
1531 5301 1746 5357 scheint
1780 5319 1889 5357 von
1925 5302 1985 5359 C.
2022 5303 2235 5359 Borner
2272 5300 2658 5357 hcrzuriihren.
