4038 6358
1169 619 1363 668 basiet-t
1395 619 1492 669 aut
1517 617 1982 695 Herzog-Georgo
2014 621 2389 670 Reformation.
3121 619 3197 680 41

605 799 758 881 cha,
796 821 1034 884 graece
1055 803 1076 844 ¹
1115 799 1440 888 latineque
1483 809 1548 866 et
1597 801 2023 888 undecunque
2064 801 2292 866 doctus
2306 850 2323 882 ,
2368 809 2501 864 tam
2550 799 2707 865 scite
2754 807 2819 862 et
2870 797 3200 882 eleganter

608 898 966 981 transtulit,
1007 909 1080 966 ut
1117 900 1418 967 Barbare
1457 922 1647 966 nemo
1697 903 1782 967 sit
1821 903 2033 966 minus
2077 899 2399 967 barbarus
2415 950 2434 984 ,
2490 919 2678 964 nemo
2722 898 2791 960 in
2831 896 2955 961 hac
2998 904 3197 962 mate-

603 999 708 1062 ria
742 998 1085 1064 facundior
1123 1009 1188 1065 et
1230 1022 1470 1088 graeco
1517 997 1813 1086 (gravior
1829 1001 1894 1088 ‘?)
1941 1001 2300 1067 Themistio
2342 1000 2559 1066 latine.

503 1113 743 1181 Hora
783 1117 1062 1201 prima.
1143 1115 1310 1182 Cum
1353 1117 1493 1182 sine
1535 1116 1876 1184 dialectica
1915 1119 2280 1204 topicorum
2302 1125 2367 1182 et
2401 1114 2922 1202 syllogismorum
2965 1110 3203 1197 peritia

611 1222 964 1296 oratorum,
1007 1215 1540 1303 philosophorum
1602 1226 1665 1282 et
1715 1216 2317 1283 iurisconsultorum
2358 1214 2831 1302 disputationes
2874 1207 3198 1291 vacillent,
3248 1218 3282 1273 5

613 1314 684 1376 in
737 1323 1002 1378 aestat
1019 1337 1054 1379 e
1109 1315 1404 1402 legentur
1457 1313 1611 1381 libri
1665 1317 2097 1403 posteriorum
2160 1316 2633 1401 analyticorum
2697 1308 3067 1375 Aristotelis
3130 1308 3201 1372 in

609 1409 948 1478 tralatione
987 1411 1462 1502 Archyropyli,
1507 1415 1587 1480 in
1626 1414 1914 1502 hyeme
1956 1407 2237 1503 quatuor
2277 1413 2429 1479 libri
2464 1415 2848 1501 topicorum.

512 1525 814 1590 Eadem
872 1527 1088 1593 hora.
1177 1531 1278 1596 Ne
1325 1532 1648 1596 maiorum
1703 1531 1969 1616 ingenia
2021 1538 2513 1618 praetereantur
2551 1529 2679 1612 (9),
2738 1527 2818 1591 in
2878 1530 3203 1590 aestate

615 1625 902 1712 legentur
957 1625 1112 1692 libri
1166 1628 1536 1696 Aristotelis
1591 1629 1672 1694 de
1725 1652 1922 1696 sensu
1965 1639 2031 1695 et
2070 1639 2328 1695 sensato
2344 1678 2362 1711 ,
2418 1628 2499 1694 de
2537 1625 2853 1693 memoria
2902 1633 2967 1690 et
3006 1623 3197 1688 remi-

609 1725 918 1790 niscentia
930 1775 952 1809 ,
1020 1727 1102 1793 de
1163 1751 1390 1794 somno
1459 1737 1526 1794 et
1585 1729 1848 1816 vigilia,
1918 1728 2000 1794 de
2059 1727 2461 1815 longitudine
2522 1736 2586 1792 et
2637 1725 2959 1790 brevitate
3001 1724 3195 1805 vitae,
3221 1730 3285 1785 10

606 1823 684 1887 in
724 1823 770 1888 h
795 1826 996 1912 yber
1010 1848 1104 1891 no
1147 1849 1306 1892 vero
1345 1828 1472 1914 ipsi
1511 1825 1666 1892 libri
1705 1827 2079 1894 Aristotelis
2123 1827 2206 1892 de
2228 1828 2645 1914 generatione
2677 1833 2741 1889 et
2768 1824 3200 1910 corruptione,

607 1925 956 2012 interprete
995 1923 1360 2012 Augustino
1401 1926 1642 2016 Nypho
1655 1975 1674 2010 ,
1727 1937 1792 1993 et
1832 1926 1913 1992 B.
1954 1926 2245 1992 Thomas
2289 1925 2370 1992 de
2422 1933 2569 1990 ente
2622 1933 2687 1990 et
2736 1922 3031 1988 essencia
3046 1969 3066 2004 ,
3118 1941 3203 1985 ne

606 2022 810 2090 facilis
849 2022 940 2089 ad
979 2025 1496 2114 metaphysicam
1537 2025 1752 2092 aditus
1789 2027 1976 2093 desit.

521 2137 817 2205 Eadem
859 2140 1074 2206 hora.
1141 2141 1308 2210 Cum
1347 2151 1568 2209 orator
1609 2151 1920 2209 nascatur
1945 2142 1972 2184 ²
2013 2151 2081 2208 et
2118 2149 2355 2206 natura
2394 2139 2566 2206 illius
2610 2146 2753 2204 arte
2798 2135 3194 2224 perficiatur,

599 2237 890 2324 legentur
932 2241 1260 2307 oratoriae
1279 2242 1361 2308 F.
1381 2240 1768 2323 Quintiliani
1807 2242 2271 2324 institutiones,
2313 2240 2453 2304 acri
2494 2237 2735 2304 iudicio
2764 2246 2829 2300 et
2856 2235 3197 2322 ingeniosa
3220 2242 3281 2298 15

599 2337 946 2403 verborum
997 2341 1400 2426 parsimonia
1455 2341 1870 2408 elucubratae
1883 2389 1902 2424 ,
1969 2339 2205 2429 quibus
2252 2339 2537 2406 futurum
2592 2345 2918 2403 oratorem
2968 2332 3054 2399 ab
3100 2334 3195 2398 in-

599 2433 840 2501 fantiae
880 2437 1286 2524 incunabulis
1331 2439 1418 2504 ad
1459 2439 1754 2506 ultimum
1805 2441 2127 2505 currentis
2181 2437 2527 2503 facundiae
2565 2435 2897 2520 fastigium
2940 2441 3006 2498 et
3046 2430 3202 2498 boni

602 2535 727 2600 viri
775 2536 1030 2623 apicem
1073 2535 1314 2602 excolit
1353 2547 1418 2604 et
1460 2537 1696 2604 evehit.

525 2647 744 2715 Hora
786 2651 1166 2716 secunda.
1207 2651 1418 2718 Porro
1461 2675 1606 2719 cum
1646 2642 1903 2720 animae
1959 2662 2027 2718 et
2077 2653 2243 2720 coeli
2292 2649 2757 2739 contemplatio
2814 2647 2899 2713 sit
2952 2665 3202 2710 summa

601 2749 698 2812 sui
739 2750 950 2836 ipsius
995 2751 1278 2836 cognitio
1323 2761 1388 2816 et
1433 2755 1788 2841 sapientia,
1843 2762 1916 2818 ut
1968 2752 2161 2818 Plato
2209 2753 2277 2817 in
2318 2749 2664 2817 Alcibiade
2712 2747 2944 2821 refert,
3000 2766 3085 2809 ne
3128 2751 3193 2807 et
3210 2750 3281 2806 20

603 2845 790 2912 huius
839 2855 1142 2936 expertes
1161 2849 1188 2892 ⁸
1229 2850 1598 2917 scholastici
1641 2851 2018 2934 reddantur,
2062 2853 2143 2918 in
2184 2873 2273 2916 ae
2286 2861 2357 2916 st
2370 2874 2411 2917 a
2424 2860 2501 2916 te
2542 2849 2843 2935 legantur
2884 2853 3018 2909 tres
3044 2841 3195 2906 Ari-

603 2948 848 3012 stotelis
903 2947 1056 3012 libri
1111 2948 1194 3014 de
1243 2951 1488 3033 anima,
1541 2951 1896 3038 interprete
1932 2949 2395 3039 Archyropylo
2410 2999 2429 3033 ,
2477 2949 2519 3014 h
2531 2972 2578 3036 y
2593 2948 2637 3014 b
2661 2970 2696 3013 e
2710 2969 2803 3012 rn
2820 2968 2858 3010 o
2902 2939 3199 3008 semestri

595 3045 980 3113 Aristoteles
1033 3047 1114 3113 de
1155 3047 1336 3114 coelo
1381 3061 1445 3115 et
1487 3049 1728 3116 mundo
1773 3052 1842 3116 in
1881 3051 2208 3118 relacione
2248 3049 2597 3136 Augustini
2638 3045 2842 3134 Niphi
2884 3042 3199 3108 Suessani

602 3154 665 3211 et
697 3147 1012 3214 Averrois
1055 3145 1138 3213 de
1180 3147 1557 3215 substancia
1598 3150 1802 3217 orbis.

527 3260 634 3325 Ea
649 3261 692 3328 d
705 3284 818 3329 em
863 3262 1006 3331 hor
1019 3286 1080 3329 a.
1165 3264 1330 3331 Cum
1367 3264 1558 3333 Plato
1611 3267 2105 3335 mathematicae
2156 3266 2423 3352 ignaros
2470 3264 2555 3331 ab
2598 3261 2973 3330 academiae
3012 3259 3197 3325 aditu
3214 3266 3283 3323 2⁵

601 3360 923 3448 abegerit,
964 3385 1048 3429 ne
1092 3362 1266 3430 illius
1301 3366 1564 3431 inscitia
1607 3366 1692 3433 ab
1745 3365 2099 3433 Aristotele
2150 3367 2253 3431 sui
2300 3362 2611 3451 discipuli
2672 3360 2859 3448 lyceo
2914 3358 3195 3446 philoso-

596 3460 788 3547 phiae
815 3461 1058 3527 alumni
1081 3474 1428 3531 arceantur
1448 3468 1509 3547 ⁴,
1553 3468 1816 3553 primo
1860 3488 2069 3531 anno
2112 3464 2367 3551 legetur
2406 3460 2771 3529 aritmetica
2816 3458 3195 3539 communis,

605 3558 884 3646 sphaera
935 3562 1260 3649 generalis
1316 3564 1624 3631 Iohannis
1679 3566 1762 3631 de
1813 3564 2029 3631 Bosco
2092 3586 2235 3629 cum
2291 3562 2739 3650 applicacione
2800 3558 2887 3623 ad
2942 3578 3191 3625 cosmo·

595 3660 938 3746 graphiam
976 3662 1322 3749 Pomponii
1361 3662 1608 3747 Melae,
1688 3666 1768 3730 in
1807 3663 2170 3751 hyberno
2228 3672 2523 3750 tempore
2564 3660 2981 3749 perspectiva
3024 3678 3195 3723 com-

595 3760 836 3842 munis,
878 3759 1144 3827 altero
1198 3784 1412 3828 anno
1467 3762 1786 3830 Euclidea
1839 3762 2095 3829 theoria
2154 3762 2565 3850 planetarum
2618 3782 2765 3827 cum
2816 3756 3279 3825 tabularumso

597 3858 1008 3925 resolutione.

513 3974 574 4039 E
589 3996 630 4039 a
643 3972 686 4039 d
701 3996 814 4041 em
856 3972 954 4040 ho
967 3997 1075 4040 ra.
1157 3976 1258 4041 Ne
1301 3978 1512 4063 poetis
1532 4025 1551 4060 ,
1612 3976 2010 4060 oratoribus,
2074 3976 2547 4043 iurisconsultis
2602 3983 2669 4041 et
2724 3972 3195 4041 concionatori-

592 4071 712 4139 bus
756 4075 1218 4141 sententiarum
1275 4075 1570 4165 supellex
1610 4077 1807 4159 desit,
1867 4076 2010 4143 sine
2054 4098 2184 4163 qua
2222 4074 2428 4141 verba
2468 4073 2631 4141 nihil
2692 4072 3003 4161 ponderis
3015 4121 3034 4156 ,
3086 4094 3187 4138 or·

595 4182 784 4237 natus
828 4182 892 4237 et
935 4172 1264 4241 efficaciae
1304 4174 1568 4258 habent,
1611 4175 1838 4241 eadem
1879 4176 2047 4242 hora
2086 4175 2168 4241 de
2198 4174 2546 4240 virtutibus
2591 4182 2657 4238 et
2693 4173 3004 4254 moribus,
3052 4172 3193 4236 sine

593 4270 826 4357 quibus
870 4271 1178 4359 splendor
1221 4276 1460 4341 artium
1501 4274 1884 4359 obsolescit,
1945 4275 2240 4363 legentur
2276 4276 2405 4363 pri
2423 4298 2539 4339 mo
2581 4294 2788 4339 anno
2830 4270 2986 4337 libri
3030 4269 3187 4335 ethi·
3206 4277 3273 4334 35

593 4392 814 4437 corum
855 4370 1228 4441 Aristotelis
1271 4383 1337 4440 et
1375 4378 1964 4459 oeconomicorum,
2018 4384 2091 4441 ut
2142 4377 2301 4441 scite
2344 4376 2437 4439 ita
2479 4381 2749 4439 venuste
2792 4370 2878 4438 ab
2920 4370 3191 4457 Argiro-

592 4468 729 4556 pilo
781 4470 975 4537 Latio
1037 4472 1294 4557 donati,
1349 4476 1744 4560 sequenti
1803 4497 2012 4542 anno
2066 4474 2221 4540 libri
2272 4474 2716 4561 politicorum,
2780 4471 3054 4537 Aretino
3096 4470 3193 4533 in-

593 4577 911 4655 terprete,
961 4594 1202 4659 magna
1245 4573 1521 4640 moralia
1563 4573 1959 4659 Aristotelis,
2003 4598 2047 4641 a
2086 4573 2375 4661 Georgio
2415 4571 2611 4637 Valla
2650 4570 2761 4636 illo
2803 4567 3195 4658 polyhistori

595 4667 882 4754 perbelle
925 4670 1188 4737 tralata.

517 4782 679 4849 Hor
703 4806 745 4848 a
787 4806 828 4870 q
848 4794 1110 4851 uarta.
1194 4786 1358 4855 Cum
1407 4809 1561 4853 suco
1601 4788 1863 4877 plenam
1891 4790 1916 4831 ⁵
1968 4788 2451 4854 adolescentum
2491 4785 2775 4851 indolem
2825 4784 3014 4849 divus
3056 4780 3189 4847 Au·
3208 4792 3277 4847 40

589 4885 886 4969 gustinus
928 4883 1311 4973 virgilianis
1352 4886 1649 4953 versibus
1672 4887 2089 4955 imbuendam
2132 4886 2363 4953 suadet
2404 4896 2469 4952 et
2508 4884 2758 4950 Fabius
2802 4884 3195 4949 comicorum

599 4980 769 5048 sales
810 4992 1082 5052 venuste
1121 4985 1340 5072 legere
1379 4984 1864 5053 adolescentum
1895 5008 2261 5053 sermonem
2304 4982 2862 5066 decoraretradat,
2908 5004 2991 5051 ne
3030 4982 3196 5049 haec

489 5285 510 5336 1
541 5297 788 5351 mmo.
995 5286 1028 5337 2
1065 5290 1341 5339 nomam
1555 5288 1586 5339 3
1622 5290 1919 5354 exaperta.
2129 5287 2161 5338 4
2194 5289 2507 5339 ann-eam.
2718 5289 2749 5339 5
2779 5280 3113 5353 aoeuzpkna,
