4038 6358
1357 602 1460 653 nie
1496 600 1730 653 smne-2„
1767 618 1871 653 von
1909 600 2251 657 nme-1520.
3119 596 3235 663 601

311 780 582 847 famuli
636 805 1066 872 praeparare
1121 792 1419 851 tenentur
1462 784 1834 851 cathedram
1881 795 1944 850 et
2002 785 2235 852 sedilia
2286 782 2637 851 honorifice
2677 806 2798 873 pro
2842 779 3237 861 doctoribus,

315 884 728 968 magistris
777 896 840 950 et
881 884 1245 972 hospitibus
1288 908 1432 951 cum
1476 886 1867 951 ornamentis
1908 885 1995 951 ad
2033 885 2158 951 hoc
2200 885 2525 951 consuetis
2566 885 2635 949 in
2678 884 2897 973 aliqua
2934 880 3236 947 ecclesia·

318 1003 518 1065 rum,
571 984 656 1049 in
711 1008 852 1074 qua
879 994 1046 1067 „tunc
1089 984 1242 1053 aula
1283 985 1716 1072 celebrabitur
1759 984 2131 1051 doctoralis:

525 1192 650 1255 34.
699 1201 995 1255 noeros
1035 1203 1402 1253 novamus
1445 1203 1622 1252 Pos'r
1668 1205 1774 1253 sm
1817 1204 2323 1253 Pssouocmm-:M
2366 1202 2516 1251 Mox
2558 1202 2653 1249 AD
2698 1200 3071 1249 consuamus

1357 1286 1789 1353 nonanus
1839 1302 2265 1353 Assuun'rnn.
3286 1293 3321 1347 5

527 1435 814 1502 Doctor
875 1436 1163 1504 novellus
1223 1437 1288 1501 in
1360 1436 1696 1502 medicinis
1761 1436 1869 1502 hic
1926 1446 2259 1524 promotus
2316 1444 2658 1521 postquam
2722 1430 2985 1499 solverit
3054 1434 3239 1499 iuxta

338 1541 626 1599 statuta
675 1534 994 1601 solvenda
1009 1585 1027 1619 ,
1087 1559 1236 1601 mox
1295 1546 1446 1623 post
1500 1537 1926 1622 insigniorum
1969 1536 2421 1623 recepcionem
2466 1529 2760 1617 (quando
2808 1534 3239 1607 affectaverit)

341 1632 441 1697 ad
491 1634 869 1702 consilium
913 1634 1243 1701 facultatis
1284 1635 1575 1701 medicae
1618 1636 1984 1723 recipietur,
2038 1634 2237 1701 salvis
2292 1644 2507 1699 tamen
2553 1636 2829 1717 statutis,
2871 1634 3235 1719 ingressum

345 1732 674 1799 alicuius
723 1734 1010 1801 doctoris
1051 1733 1137 1800 ad
1180 1735 1517 1803 consilium
1558 1734 1885 1803 facultatis
1929 1733 2445 1822 respicientibus.

349 1942 464 2004 35.
537 1954 936 2006 ΒΟΟΤΟΒΕΒ
992 1953 1108 2003 mc
1163 1954 1479 2004 PROMOTI
1535 1954 1888 2013 QUALITEB
1942 1952 2147 2001 ALIOS
2200 1952 2385 2001 Loco
2426 1952 2887 2001 ANTECEDERE:
2928 1952 3231 2001 DEBENT.
3256 1942 3318 1997 10

543 2084 684 2175 [Bl.
729 2084 832 2175 9⁸]
876 2088 1221 2153 Promotus
1263 2088 1332 2151 in
1375 2083 1866 2151 baccalaureum
1911 2084 2237 2151 facultatis
2282 2083 2571 2151 medicae
2616 2086 2697 2149 in·
2721 2094 2945 2150 nostra
2979 2086 3231 2150 univer-

355 2186 571 2251 sitate
645 2187 962 2275 Lipzensi
1004 2194 1346 2273 postquam
1389 2194 1754 2272 assumptus
1795 2185 1990 2250 fuerit
2030 2185 2116 2250 ad
2158 2185 2501 2272 legendum
2543 2207 2664 2271 pro
2706 2184 3126 2251 licenciatura
3166 2186 3235 2250 in

355 2286 737 2353 medicinis
783 2295 849 2352 et
892 2284 1128 2372 legerit
1172 2308 1292 2372 pro
1334 2284 1593 2372 publico
1638 2286 1940 2349 examine
1981 2284 2443 2351 licenciaturae
2456 2334 2473 2367 ,
2532 2306 2614 2348 ex
2656 2292 2813 2349 tunc
2825 2333 2842 2367 ,
2887 2294 3232 2372 postquam

359 2396 732 2471 promotus
773 2386 968 2451 fuerit
1007 2386 1078 2450 in
1122 2383 1453 2450 doctorem
1497 2383 1854 2450 medicinae
1893 2386 1962 2449 in
2006 2384 2131 2449 hac
2172 2382 2616 2467 universitate,
2659 2386 2915 2471 praeire
2948 2383 3139 2450 debet
3166 2386 3235 2450 in

360 2483 516 2550 loco
567 2483 930 2573 quemlibet
976 2484 1175 2551 alium
1235 2482 1562 2550 doctorem
1617 2484 1974 2550 medicinae
2036 2484 2105 2547 in
2168 2482 2299 2547 alia
2362 2484 2783 2549 universitate
2838 2494 3225 2570 promotum,
3254 2495 3313 2549 15

363 2584 501 2649 nisi
553 2584 716 2650 talis
758 2585 986 2651 doctor
1030 2582 1295 2649 alterius
1337 2584 1779 2650 universitatis
1826 2586 1894 2648 in
1936 2585 2064 2649 ista
2102 2584 2520 2673 universitate
2565 2590 2713 2647 ante
2766 2582 3231 2651 admissionem

365 2683 682 2751 eiusdem
726 2684 1147 2765 baccalaurii,
1190 2681 1279 2749 ad
1317 2683 1608 2748 favorem
1656 2683 1904 2749 scilicet
1977 2681 2237 2768 legendi
2290 2705 2411 2769 pro
2463 2682 2763 2765 licencia,
2825 2692 2995 2749 esset
3045 2706 3231 2771 prae-

370 2794 780 2871 assumptas.
863 2784 1034 2849 Nam
1075 2782 1199 2849 hoc
1241 2805 1399 2849 casu
1443 2782 1594 2848 talis
1638 2781 1862 2850 doctor
1902 2781 2009 2848 hic
2059 2790 2391 2869 promotus
2422 2780 2701 2847 alienum
2733 2781 3057 2848 doctorem
3089 2782 3229 2850 loco

371 2883 570 2970 sequi
623 2882 834 2966 debet,
877 2884 1082 2949 eciam
1127 2884 1182 2947 si
1223 2893 1376 2949 ante
1416 2883 1621 2971 ipsius
1666 2881 1949 2947 doctoris
1993 2880 2187 2947 alieni
2227 2881 2314 2947 ad
2356 2881 2694 2947 consilium
2737 2882 3061 2948 facultatis
3103 2903 3229 2946 me-

371 2980 647 3047 dicinae
692 2984 1208 3069 assumpcionem
1250 2981 1336 3047 ad
1376 2981 1719 3069 legendum
1761 3003 1880 3069 pro
1930 2980 2205 3047 licencia
2260 2991 2431 3046 esset
2484 2980 2825 3047 admissus.
2906 2980 3227 3047 Doctores
3247 2990 3313 3046 20

375 3103 541 3148 vero
591 3081 700 3147 hic
745 3083 1025 3170 promoti
1067 3080 1277 3146 locum
1322 3080 1605 3146 habeant
1646 3083 1714 3145 in
1754 3079 2005 3146 actibus
2050 3080 2325 3167 publicis
2368 3080 2809 3147 universitatis
2853 3088 2919 3144 et
2962 3080 3227 3145 faculta-

375 3182 464 3245 tis
529 3179 889 3248 secundum
948 3181 1378 3269 primogenita
1434 3181 1725 3268 ipsorum
1785 3179 2140 3248 secundum
2196 3181 2535 3246 licenciam
2595 3178 2851 3268 publice
2903 3181 2973 3246 in
3038 3179 3231 3248 scolis

371 3283 774 3368 receptam1.

374 3485 476 3550 36.
545 3499 868 3550 surum
930 3496 1460 3548 concaansucm
1521 3497 1934 3546 summos
1991 3495 2563 3563 sAcCALAuREos,
2620 3497 3074 3548 mcascu'ros
3136 3501 3226 3548 m·

1285 3595 1655 3645 nom-onas
1695 3596 1884 3644 Aum
1926 3595 2319 3645 Pnono‘ros.
2898 3669 2903 3672 Ι
3242 3591 3307 3647 25

547 3728 1027 3796 Baccalaureus
1072 3729 1451 3812 medicinae,
1494 3737 1825 3816 promotus
1872 3729 1941 3793 in
1975 3727 2109 3793 alia
2135 3728 2574 3812 universitate,
2620 3739 2909 3818 tempore
2932 3755 3221 3820 assump-

381 3830 526 3895 cion
535 3830 596 3894 is
637 3828 723 3894 ad
767 3828 1137 3894 facultatem
1177 3829 1542 3894 medicinae
1581 3837 1834 3893 tenetur
1877 3827 2037 3892 dare
2080 3826 2336 3892 famulis
2379 3829 2825 3896 universitatis
2868 3855 3063 3897 unum
3109 3831 3221 3898 flo-

383 3951 613 3994 renum
654 3949 991 3996 renensem
1031 3925 1136 3993 vel
1180 3927 1652 4016 aequipollens3
1698 3936 1763 3992 et
1805 3948 1922 3991 sex
1962 3924 2031 3990 fl.
2052 3925 2170 4009 rh„
2214 3949 2373 4014 quos
2410 3926 2697 3993 dedisset
2739 3951 2859 4015 pro
2901 3933 3219 4015 examine,

387 4028 441 4091 si
483 4028 595 4092 hic
635 4027 869 4092 fuisset
904 4035 1256 4115 promotus,
1299 4027 1485 4093 dabit
1523 4025 1914 4094 doctoribus.

443 4249 446 4252 ἡ
547 4160 712 4226 Item
767 4159 941 4225 idem
995 4167 1248 4228 tenetur
1302 4161 1475 4226 infra
1527 4161 1808 4248 primum
1869 4179 2152 4224 mensem
2212 4167 2359 4244 post
2414 4181 2595 4226 suam
2657 4163 3212 4248 assumpcionem²
3236 4177 3304 4231 30

389 4257 642 4324 solvere
685 4281 805 4347 pro
846 4259 1004 4326 fisco
1040 4258 1368 4326 facultatis
1413 4258 1575 4326 duos
1619 4259 1898 4326 florenos
1937 4279 2262 4324 renenses.

549 4392 714 4458 Item
779 4411 911 4458 non
968 4390 1160 4457 debet
1219 4391 1451 4481 aliquis
1505 4401 1852 4458 extraneus
1912 4361 2377 4456 baccalaureus
2420 4390 2591 4457 medi
2607 4389 2669 4480 [9
2680 4389 2733 4480 b]
2753 4394 2936 4458 cinae
2979 4397 3219 4461 assumi

389 4490 472 4556 ad
511 4501 804 4558 nos-tram
844 4490 1218 4557 facultatem
1262 4492 1448 4558 huius
1493 4491 1730 4574 studii,
1781 4492 1909 4556 nisi
1964 4493 2146 4577 prius
2208 4491 2587 4556 matriculae
2642 4493 3083 4558 universitatis
3137 4498 3221 4561 sit

385 4592 732 4678 inscriptus
779 4600 841 4657 et
880 4592 1104 4657 decem
1150 4615 1415 4678 grossos
1458 4595 1697 4658 rectori
1750 4603 2043 4680 tempore
2100 4593 2569 4678 assumpcionis
2628 4592 2879 4676 integre
2934 4593 3217 4660 solverit.

555 4860 577 4910 1
617 4855 744 4912 Yon
776 4855 1008 4912 auderet
1040 4857 1212 4914 Hand
1249 4860 1324 4915 ist
1355 4877 1444 4916 am
1478 4861 1675 4919 Rande
1711 4863 2155 4935 nachgetragen:
2226 4864 2303 4916 At
2346 4861 2402 4916 si
2456 4859 2766 4914 licentiatus
2810 4858 3018 4931 aliquis
3050 4861 3211 4918 huius

391 4940 759 4995 vniversitatis
791 4940 879 4999 eit,
913 4942 1138 4996 doctore
1175 4943 1392 4999 alienae
1423 4947 1798 5000 universitatis
1831 4949 2161 5015 adveniente,
2198 4947 2296 5015 qui
2324 4945 2605 5014 ‹le-sydera
2641 4943 2910 5010 assumi,
2936 4946 3216 5014 praesori-

396 5025 617 5078 bendum
650 5031 854 5095 tempw
890 5025 1182 5081 licenciam
1222 5037 1323 5096 eet,
1370 5037 1430 5083 ut
1477 5031 1627 5084 intra
1668 5038 1914 5085 sane-stre
1965 5033 2308 5085 doctoramm
2350 5035 2643 5098 comparet.
2713 5025 2875 5090 Quod
2918 5029 2972 5082 si
2992 5032 3218 5100 fecerit,

385 5109 781 5180 praeferendus
819 5108 1034 5165 alienae
1064 5112 1437 5168 waiva-citatio
1473 5115 1696 5170 doctori
1725 5123 1774 5170 et
1809 5115 1930 5168 loco
1965 5121 2016 5168 et
2049 5114 2345 5168 commodis
2380 5121 2487 5180 est5
2534 5112 2591 5166 εἰ
2636 5111 2953 5180 neglexerit,
3004 5112 3219 5169 alicnus

393 5199 630 5264 receptus
663 5192 952 5248 licenciam
981 5202 1182 5266 postea
1215 5197 1275 5250 in
1309 5198 1586 5252 doctorem
1619 5205 1882 5252 coronato
1907 5203 2287 5269 praeferatur.

553 5282 584 5332 2
621 5275 774 5332 Statt
805 5275 904 5332 der
938 5277 1134 5335 Worte
1169 5281 1331 5350 infla
1355 5280 1441 5337 bis
1474 5283 1904 5354 mmmpcionom
1937 5280 2013 5336 ist
2050 5284 2235 5354 apator
2270 5279 2626 5354 geschrioben
2663 5283 2863 5340 atatim.
