4038 6358
832 645 952 710 244
1907 642 2021 696 Das
2063 641 2241 700 moino
2279 643 2489 710 Collag.

832 828 1005 891 tinus
1047 823 1262 912 Sporn
1302 835 1413 889 aut
1451 824 1682 911 aliquis
1725 825 1997 891 aliorum
2038 827 2108 891 in
2147 826 2430 893 futurum
2471 823 2668 890 alicui
2690 826 3152 912 magistrorum
3185 822 3696 911 collegiatarum

830 923 1018 989 huius
1062 922 1337 1010 collegii,
1382 925 1523 989 sive
1564 926 1633 989 in
1676 924 1945 1012 collegio
1991 927 2132 992 sive
2174 934 2383 1007 exn-a,
2419 925 2557 990 sive
2595 923 2858 1012 publice
2899 926 3040 991 sive
3080 924 3350 1008 occulte,
3390 925 3696 1005 iniuriae,

831 1025 1112 1089 convitia
1152 1023 1259 1088 vel
1319 1023 1738 1089 contumelias
1778 1024 1979 1091 verbo
2023 1023 2127 1090 vel
2172 1024 2346 1089 facto
2405 1046 2518 1088 seu
2574 1025 2803 1113 quovis
2863 1023 2993 1092 alio
3045 1023 3256 1092 modo·
3290 1020 3696 1106 inferreyel

827 1125 1120 1209 irrogare
1163 1126 1675 1211 praesumpserit
1717 1134 1780 1190 et
1818 1124 1900 1189 de
1940 1124 2066 1190 hoc
2104 1124 2440 1190 convictus
2483 1120 2588 1188 vel
2632 1122 2966 1192 confessus
2987 1119 2990 1122 ¹
3008 1124 3222 1206 fuerit,
3263 1133 3382 1190 aut
3419 1121 3692 1190 aliunde

744 1233 777 1286 5
832 1222 912 1288 de
954 1222 1080 1288 hoc
1120 1231 1420 1287 constare
1462 1226 1776 1309 potuerit,
1834 1222 2028 1292 debet
2068 1224 2213 1310 ipso
2253 1223 2428 1290 facto
2469 1221 2553 1290 ab
2591 1220 2890 1290 omnibus
2934 1220 3384 1290 emolumentis
3423 1222 3692 1309 colleffii

827 1343 945 1408 per
983 1320 1269 1388 medium
1313 1344 1552 1386 annum
1595 1344 1735 1388 esse
1779 1345 2147 1410 suspensus.
2231 1321 2322 1386 Et
2363 1331 2434 1386 ut
2475 1320 2599 1388 hoc
2640 1320 3014 1390 conclusum
3069 1321 3319 1390 firmius
3378 1322 3686 1389 observe-

829 1430 952 1504 tur,
1008 1420 1351 1506 collegium
1396 1419 1703 1505 decrevit,
1759 1422 1933 1508 quod
1984 1424 2055 1487 in
2096 1420 2335 1488 librum
2388 1431 2774 1488 statutorum
2818 1422 3090 1488 inscribi
3130 1421 3419 1506 deberet,
3471 1433 3534 1488 et
3580 1424 3687 1488 ita

824 1521 971 1586 fieri
1011 1522 1383 1608 praeposito
1426 1530 1700 1607 protunc
1742 1523 2049 1587 existenti
2088 1519 2527 1588 demandavit.

827 1709 883 1768 4.
941 1720 1034 1766 DE
1077 1718 1445 1768 EXCISIONE
1490 1720 1943 1769 PRAESCRIP'H
1985 1721 2329 1772 CONCLUSI
2369 1722 2505 1768 PER.
2548 1720 2822 1768 DIOTUM
2863 1719 3270 1769 MAGISTRUM
3309 1721 3680 1770 m'rnwn

746 1810 810 1865 10
1310 1818 1533 1869 SPORN
1574 1820 1800 1869 FACTA
1840 1821 1932 1869 ΕΤ
1974 1820 2196 1870 IPSIUS
2237 1819 2563 1869 PROPTER
2601 1817 2745 1867 Hoc
2787 1819 3191 1868 PUNITIONE.

986 1950 1076 2018 Et
1134 1952 1288 2037 quia
1350 1953 1681 2039 praefatus
1745 1954 2056 2040 magister
2107 1952 2427 2018 Martinus
2493 1950 2708 2040 Sporn
2768 1951 3137 2018 conclusum
3197 1952 3668 2038 praescriptum

824 2071 971 2115 cum
1019 2050 1299 2138 quodam
1342 2051 1469 2118 alio
1514 2073 1635 2117 con
1650 2048 1754 2139 [25
1767 2048 1818 2139 ⁸]
1835 2052 2013 2119 cluso
2060 2050 2316 2137 collegii
2362 2072 2446 2117 ex
2488 2050 2658 2116 libro
2702 2060 3088 2117 statutorum
3129 2049 3386 2137 collegii
3429 2051 3668 2115 amovit

821 2160 887 2215 et
925 2149 1186 2234 excidit,
1241 2161 1640 2239 quapropter
1696 2173 1815 2239 per
1860 2152 2211 2238 magistros
2254 2149 2511 2236 collegii
2553 2159 2831 2238 protunc
2885 2153 3170 2237 gratiose
3212 2152 3281 2215 in
3324 2172 3444 2215 sex
3484 2148 3661 2214 flore·

819 2251 921 2314 nis
962 2251 1031 2314 in
1073 2273 1232 2316 auro
1272 2252 1533 2338 punitus
1575 2251 1699 2317 fuit
1738 2261 1802 2317 et
1844 2259 2075 2339 sponte
2118 2251 2451 2335 magistris
2503 2248 2760 2337 collegii
2804 2273 2875 2315 se
2914 2253 2984 2315 in
3019 2251 3307 2315 futurum
3335 2247 3660 2335 obligavit,

739 2358 801 2413 15
817 2357 907 2431 ut,
951 2351 1007 2414 si
1046 2352 1277 2434 quovis
1318 2348 1509 2415 modo
1550 2360 1775 2416 contra
1818 2350 2192 2416 conclusum
2233 2348 2685 2436 supradictum
2726 2372 2870 2414 eum
2915 2348 3231 2415 excedere
3271 2349 3662 2434 contingeret

818 2459 932 2514 aut
980 2457 1207 2515 contra
1264 2449 1546 2537 aliquam
1602 2459 1952 2536 personam
2009 2447 2285 2535 collegii,
2345 2448 2520 2536 quod
2579 2458 2821 2515 extunc
2876 2449 3020 2536 ipso
3073 2449 3246 2514 facto
3303 2450 3445 2513 sine
3498 2449 3660 2513 omni

819 2547 1326 2614 contradictione
1383 2547 1580 2613 vellet
1641 2571 1783 2615 esse
1848 2570 2198 2637 suspensus
2262 2546 2348 2611 ab
2408 2547 2706 2614 omnibus
2766 2545 3212 2614 emolumentis
3267 2547 3528 2634 collegii
3582 2546 3661 2610 ad

815 2647 1099 2714 medium
1140 2671 1378 2714 annum
1419 2648 1604 2713 iuxta
1645 2657 1932 2714 tenorem
1978 2646 2264 2715 conclusi
2310 2646 2694 2735 supradicti.
2735 2647 2910 2713 Acta
2946 2657 3094 2714 sunt
3132 2647 3297 2714 haec
3332 2649 3405 2713 in
3444 2646 3667 2733 vigilia

813 2748 1176 2813 nativitatis
1221 2747 1485 2831 domini,
1527 2770 1697 2814 anno
1741 2747 2030 2816 eiusdem
2080 2750 2256 2816 1495.

729 2936 800 2995 20
848 2937 907 2996 5.
946 2949 1041 2996 nn
1083 2948 1653 3000 rusmmxrmnn
1697 2947 2151 2998 Pmscmrn
2194 2948 2555 3015 CONCLUSI,
2593 2949 2730 2997 PER
2768 2948 3186 2998 PRAnrA‘ruu
3227 2946 3632 2996 mammam!

1040 3049 1405 3099 mmmm
1447 3048 1669 3098 sporn«
1710 3047 1955 3114 FACTA,
1994 3048 2087 3097 ΕΤ
2132 3048 2351 3097 ffsms
2393 3047 2718 3096 PROPTER
2755 3048 2898 3098 noc
2935 3047 3316 3099 remmom:
3356 3047 3447 3097 Ac

1969 3145 2517 3198 COMMINATIONE.

976 3264 1198 3330 Poena
1255 3263 1637 3352 supradicta
1687 3267 1811 3351 per
1861 3261 2140 3327 eundem
2196 3263 2407 3330 soluta
2464 3273 2529 3329 et
2582 3286 2739 3329 suae
2793 3273 3192 3352 spontaneae
3234 3262 3667 3350 obligationis,

809 3364 880 3427 in
921 3363 1216 3451 praefato
1240 3362 1542 3429 concluso
1572 3384 1943 3450 expressae,
1982 3363 2339 3446 immemor,
2380 3364 2715 3450 praefatus
2754 3365 3069 3450 magister
3091 3361 3416 3429 Martinus
3441 3361 3667 3450 Sporn,

727 3469 797 3526 25
813 3461 1199 3547 licentiatus,
1262 3462 1631 3529 conclusum
1691 3461 2139 3549 supradictum
2204 3461 2551 3549 tripliciter
2607 3462 3010 3544 falsificavit,
3075 3462 3290 3549 primo
3332 3463 3668 3527 veritatem

811 3560 1105 3645 delendo,
1135 3561 1289 3627 dum
1320 3561 1461 3627 loco
1492 3560 1679 3627 verbi
1712 3554 2165 3628 ‘concorditer'
2198 3561 2500 3629 vitiando
2534 3563 2874 3651 scripserit
2901 3558 3346 3646 ‘discorditer-’3
3391 3560 3666 3627 secundo

810 3661 1130 3751 quaedam
1173 3684 1332 3727 vera
1376 3661 1578 3727 verba
1632 3661 1796 3727 false
1854 3661 2173 3748 glossavit
2210 3671 2293 3727 ‘et
2350 3671 2586 3749 expost
2645 3661 2929 3747 abrasit3
2987 3662 3179 3727 tertio
3218 3662 3289 3725 in
3339 3660 3469 3726 fine
3509 3660 3665 3725 false

809 3761 1065 3828 addidit
1098 3759 1230 3847 ‘qui
1270 3761 1394 3827 fuit
1445 3771 1627 3828 actor
1677 3761 1910 3827 horum
1954 3771 2019 3826 et
2071 3761 2271 3827 iudex
2311 3759 2567 3846 nullus',
2624 3784 2770 3828 cum
2824 3762 3166 3849 collegium
3218 3761 3432 3827 fuerat
3470 3760 3661 3826 iudex

807 3870 873 3926 et
913 3861 1318 3927 concorditer
1372 3862 1585 3947 ipsum
1640 3862 1924 3948 punivit,
1987 3871 2059 3926 ut
2113 3884 2198 3927 ex
2251 3861 2472 3927 verbis
2528 3859 2817 3927 eiusdem
2877 3861 3162 3928 conclusi
3216 3861 3286 3925 in
3341 3861 3660 3948 principio

725 3969 793 4026 30
812 3960 987 4026 clare
1039 3970 1235 4049 patet.
1319 3961 1601 4048 Ideoque
1662 3959 2005 4048 collegium
2066 3959 2345 4026 eundem
2399 3962 2786 4048 magistrum
2830 3961 3187 4027 Martinum
3232 3956 3337 4048 [25
3348 3957 3400 4048 b]
3452 3959 3659 4049 Sporn

810 4060 1194 4126 secundario
1237 4061 1495 4148 punivit
1546 4082 1758 4147 poena
1800 4061 2244 4147 suspensionis
2286 4059 2369 4125 ab
2413 4059 2711 4126 omnibus
2757 4060 3205 4127 emolumentis
3243 4069 3309 4125 et
3346 4059 3655 4129 fructibus

813 4159 1067 4247 collegii
1111 4183 1231 4248 per
1274 4158 1557 4224 medium
1602 4181 1861 4241 annum,
1906 4158 1991 4223 ad
2037 4182 2229 4246 quam
2271 4146 2554 4247 poenam¹
2577 4160 2766 4229 iuxta
2793 4171 3082 4227 tenorem
3110 4158 3395 4226 conclusi
3437 4182 3653 4247 supra-

807 4258 966 4324 dicti
1009 4282 1079 4324 se
1122 4261 1304 4347 prius
1345 4268 1575 4347 sponte
1620 4258 1964 4345 obligavit,
2017 4268 2082 4323 et
2140 4260 2197 4324 si
2250 4259 2319 4323 in
2358 4260 2647 4325 futurum
2700 4260 3033 4347 praefatus
3084 4261 3395 4347 magister
3431 4258 3652 4325 Marti-

803 4380 928 4424 nus
970 4357 1185 4446 Sporn
1225 4368 1452 4424 contra
1491 4359 1858 4446 praefatum
1901 4357 2273 4424 conclusum
2328 4370 2440 4424 aut
2489 4360 2774 4450 aliquam
2814 4381 3164 4448 personam
3217 4359 3478 4447 collegii
3530 4359 3648 4439 (uti

721 4466 788 4524 35
806 4460 1275 4545 praemittitur)
1332 4459 1562 4544 quovis
1619 4457 1811 4525 modo
1867 4459 2222 4524 excesserit
2281 4468 2349 4524 et
2399 4460 2593 4525 tertio
2649 4458 3011 4547 puniendus
3066 4460 3348 4543 venerit,
3414 4468 3645 4525 extunc

802 4558 946 4644 ipse
989 4552 1184 4623 debet
1227 4580 1369 4623 esse
1408 4559 1554 4645 ipso
1598 4557 1770 4623 facto
1816 4580 1934 4624 sua
1971 4557 2394 4645 collegiatura
2436 4559 2506 4623 in
2542 4558 2715 4624 dicto
2758 4557 3032 4646 collegio
3073 4567 3408 4647 tamquam
3445 4560 3646 4624 incor-

798 4656 1082 4742 rigibilis
1126 4658 1440 4746 privatus.
1516 4657 1685 4724 Acta
1729 4668 1876 4723 sunt
1914 4656 2080 4724 haec
2129 4658 2297 4724 feria
2350 4657 2636 4725 secunda
2690 4666 2846 4746 post
2882 4656 3338 4727 Misericordia
3392 4659 3647 4743 domini,

799 4779 970 4823 anno
1017 4756 1262 4825 domini
1308 4760 1485 4825 1497.

963 5142 1047 5202 So
1089 5143 1223 5203 weit
1271 5143 1367 5203 die
1408 5144 1604 5203 Hand
1663 5144 1767 5202 des
1820 5146 2067 5206 Johann
2115 5146 2328 5208 Fabri.
2409 5145 2527 5206 Die
2562 5147 2898 5224 folgenden
2933 5146 3457 5226 Aufzeiclmunqm
3509 5148 3646 5209 sind

714 5247 784 5305 40
798 5260 917 5302 von
952 5244 1407 5305 voeaeclaiedenen
1444 5246 1711 5305 Handm
1746 5246 2139 5323 gesem-ichen.
