4038 6358
782 613 904 679 202
1926 616 2035 668 Das
2074 632 2263 682 grosse
2302 618 2513 683 colleg.

781 803 914 858 tum
975 802 1039 858 et
1095 793 1470 861 conclusum
1534 806 1633 862 est
1698 798 2126 884 concorditer,
2193 799 2367 887 quod
2424 799 2507 865 de
2566 821 2736 865 novo
2795 796 3137 885 collegium
3201 800 3546 866 intrantes
3611 805 3678 860 et

781 892 966 959 electi
1020 894 1318 960 similiter
1371 898 1779 964 contribuere
1824 899 2132 983 debeant,
2189 901 2403 965 minus
2455 908 2676 964 tamen
2731 920 2927 986 quam
2981 920 3200 964 eorum
3259 897 3672 987 praedeces-

783 1014 961 1058 sores
1002 1015 1077 1059 eo
1121 1003 1415 1082 tempore
1458 998 1974 1081 contribuerunt,
2021 1021 2097 1064 eo
2140 998 2333 1065 modo
2371 998 2545 1087 quod
2591 997 2862 1086 quilibet
2899 996 2982 1062 de
3021 1020 3192 1063 novo
3227 1000 3298 1062 in
3339 996 3674 1082 collegia·

780 1103 919 1157 tum
968 1092 1207 1160 electus
1250 1104 1316 1160 et
1355 1096 1695 1183 collegium
1748 1098 2000 1164 intrans
2044 1100 2220 1163 intra
2261 1099 2542 1185 primum
2585 1120 2870 1163 mensem
2916 1097 3129 1163 solvat
3168 1096 3332 1163 fisco
3381 1094 3672 1181 collegii

697 1201 730 1256 5
782 1191 1007 1258 decem
1047 1192 1326 1261 florenos
1369 1218 1676 1261 renenses
1716 1196 1887 1262 ultra
1930 1199 2274 1284 pecuniam
2319 1220 2436 1262 sex
2479 1197 2872 1264 florenorum
2911 1197 3300 1280 renensium,
3346 1197 3552 1283 prius
3603 1195 3672 1258 in

785 1293 1042 1357 statutis
1083 1313 1232 1357 cum
1288 1317 1499 1381 poena
1557 1318 1956 1382 expressam.
2037 1296 2292 1362 Placuit
2350 1298 2574 1362 eciam'
2615 1296 2906 1381 collegio,
2968 1294 3143 1381 quod
3202 1294 3361 1361 dicti
3421 1294 3673 1359 decem

782 1390 1013 1457 floreni
1068 1414 1375 1459 renenses
1426 1417 1554 1461 non
1608 1395 1944 1460 solvantur
1995 1395 2484 1482 praedecessori
2527 1418 2643 1460 suo
2689 1403 2837 1481 post
2882 1393 3137 1480 collegii
3178 1393 3671 1472 dimissionem,

785 1488 901 1555 sed
926 1503 1268 1557 -maneant
1326 1494 1395 1557 in
1459 1493 1616 1560 fisco
1680 1517 1801 1582 pro
1865 1494 2124 1580 collegii
2190 1504 2520 1560 structura
2582 1504 2646 1558 et
2708 1495 3221 1559 conservatione.
3301 1492 3411 1557 Ad
3483 1492 3670 1556 hanc

786 1599 1002 1655 tamen
1046 1591 1585 1658 contributionem
1627 1593 2005 1659 solvendam
2047 1593 2337 1660 medicus
2382 1593 2463 1659 de
2503 1616 2675 1658 novo
2721 1591 2807 1658 ad
2846 1591 3192 1678 collegium
3223 1592 3470 1657 electus
3519 1614 3662 1656 non

701 1697 765 1753 10
782 1687 976 1754 debet
1029 1712 1171 1755 esse
1228 1693 1550 1775 astrictus,
1608 1695 1665 1758 si
1722 1703 1910 1758 extra
1963 1691 2304 1779 collegium
2358 1703 2533 1757 stare
2584 1693 2940 1779 optaverit3
3001 1693 3058 1755 si
3104 1712 3259 1756 vero
3302 1690 3662 1776 magistris

780 1788 849 1852 in
892 1787 1162 1875 collegio
1218 1794 1605 1858 commorari
1662 1795 2018 1880 optaverit,
2075 1791 2403 1878 obligatus
2449 1813 2590 1857 esse
2633 1791 2825 1856 debet
2879 1792 2964 1856 ad
3020 1788 3389 1856 sufferenda
3441 1810 3665 1854 onera

791 1896 855 1951 et
897 1886 983 1951 ad
1035 1886 1346 1955 solvenda
1391 1891 1665 1977 singula,
1725 1893 1892 1957 sicut
1943 1894 2140 1956 ceteri
2193 1893 2261 1957 in
2307 1891 2580 1977 collegio
2634 1899 3125 1955 commorantes.
3211 1887 3663 1954 Nihilominus

786 1994 1007 2051 tamen
1049 1988 1417 2075 quindecim
1467 1990 1696 2056 floreni
1740 2012 2046 2055 renenses
2092 1990 2356 2058 cuilibet
2397 1990 2886 2078 praedecessori
2927 1998 3078 2076 post
3121 1986 3382 2074 collegii
3422 1986 3662 2052 dimis-

783 2086 1031 2151 sionem
1072 2097 1145 2152 ut
1186 2091 1368 2175 prius
1423 2091 1615 2155 iuxta
1659 2088 2189 2155 consuetudinem
2247 2089 2507 2175 collegii
2562 2089 2872 2154 hactenus
2919 2087 3336 2154 observatam
3375 2096 3440 2153 et
3481 2086 3660 2151 anti·

702 2193 764 2249 15
784 2207 914 2272 qua
954 2193 1194 2251 statuta
1236 2210 1431 2274 super
1483 2188 1647 2255 haee
1690 2189 1865 2255 edita
1921 2188 2008 2254 ad
2061 2186 2324 2276 plenum
2384 2188 2738 2272 solvantur,
2799 2188 2984 2254 salva
3044 2197 3263 2253 tamen
3306 2185 3654 2253 modifica-

783 2285 967 2349 cione
1004 2307 1200 2371 super
1238 2285 1401 2352 haec
1440 2287 1617 2352 facta
1655 2289 1723 2352 in
1765 2290 2025 2354 statutis
2069 2311 2228 2354 casu
2265 2311 2392 2377 quo
2437 2287 2669 2376 aliquis
2704 2286 3051 2374 collegium
3077 2286 3158 2351 de
3185 2308 3357 2352 novo
3385 2284 3651 2350 intrans

784 2406 914 2449 non
957 2386 1488 2471 praepositasset.

902 2554 997 2617 60.
1043 2544 1165 2636 [Bl.
1214 2547 1355 2637 14³]
1398 2570 1884 2619 Aumvnsssffln
1926 2570 2064 2620 PRO
2111 2571 2460 2620 MAfflsrRo
2507 2570 2766 2619 mmm:
2810 2568 3092 2618 umen:
3139 2568 3504 2617 snssvfflm.

949 2679 1188 2747 Statuit
1230 2683 1573 2773 collegium
1619 2708 1850 2772 mayus
1908 2686 2316 2752 concorditer
2373 2685 2455 2752 de
2497 2684 2832 2752 voluntate
2874 2696 2938 2751 et
2978 2706 3300 2750 consensu
3342 2683 3646 2769 magistri

698 2779 1085 2846 2010hannis
1124 2782 1514 2849 Hasenfeldt
1565 2784 1647 2849 de
1689 2785 2187 2870 Franckfurdis,
2246 2808 2473 2851 sacrae
2511 2784 2880 2871 theologiae
2923 2783 3333 2871 professoris,
3391 2804 3640 2848 necnon

782 2878 1041 2944 Hinrici
1082 2879 1346 2947 Greven
1388 2881 1470 2947 de
1512 2882 1930 2971 Gottingenn,
1985 2884 2244 2971 collegii
2297 2886 2564 2952 maioris
2609 2883 3102 2969 collegiatorum
3150 2890 3215 2946 et
3267 2879 3640 2946 huiusmodi

781 2981 1037 3065 negocii
1092 2990 1551 3067 promotorum,
1609 2993 1681 3047 ut
1737 2983 2011 3070 singulis
2067 2973 2252 3049 annis
2307 2986 2375 3050 in
2433 2986 2798 3072 septimana
2839 2992 2990 3069 post
3031 2980 3435 3046 dominicam
3474 2980 3637 3046 Can-

782 3087 917 3144 tate
972 3090 1326 3167 peragatur
1386 3083 1869 3148 anniversarius
1923 3082 2317 3149 venerabilis
2373 3084 2700 3171 quondam
2751 3082 2880 3146 viri
2893 3131 2910 3164 ,
2972 3080 3271 3166 magistri
3331 3079 3637 3145 Iohannis

783 3178 1057 3245 Liriken
1100 3178 1182 3245 de
1220 3181 1714 3265 Franckfurdis,
1759 3185 1891 3248 iam
1931 3183 2142 3248 felicis
2184 3182 2684 3266 recordacionis,
2726 3181 2905 3269 apud
2947 3191 3240 3245 sanctum
3281 3178 3638 3245 Nicolaum.

699 3287 767 3342 25
784 3277 893 3343 Ad
934 3300 1097 3364 quas
1141 3278 1403 3364 quidem
1445 3284 1754 3368 exequias
1792 3284 1908 3348 fiat
1950 3305 2115 3347 unus
2158 3281 2383 3369 pulsus
2428 3306 2547 3370 pro
2593 3282 2839 3367 vigiliis
2883 3290 2948 3345 et
2993 3281 3284 3368 sequenti
3328 3279 3443 3343 die
3481 3301 3636 3344 unus

784 3376 1009 3463 pulsus
1050 3399 1171 3463 pro
1212 3380 1433 3462 missa,
1491 3402 1612 3467 pro
1658 3380 1892 3468 quibus
1938 3380 2170 3446 dentur
2214 3379 2622 3468 pulsantibus
2678 3382 2747 3467 iij
2792 3395 2895 3464 95„
2953 3379 3190 3443 rectori
3247 3377 3637 3443 scholarium

787 3484 850 3539 et
893 3479 1254 3541 succentori
1299 3480 1434 3543 eius
1475 3478 1664 3544 simul
1707 3498 1754 3543 v
1796 3495 1878 3564 95.
1935 3502 2057 3566 pro
2104 3479 2344 3566 vigiliis
2390 3490 2454 3544 et
2493 3480 2696 3544 missa
2739 3477 3187 3544 defunctorum
3230 3499 3349 3564 per
3394 3475 3635 3542 schola-

786 3596 891 3639 res
935 3573 1381 3661 decantandis,
1444 3577 1722 3665 plebano
1778 3580 1824 3667 ij
1871 3594 1972 3664 95„
2031 3580 2089 3644 si
2131 3601 2249 3666 per
2293 3601 2362 3644 se
2407 3572 2510 3644 vel
2550 3577 2751 3643 alium
2794 3575 3200 3643 sacerdotem
3246 3576 3350 3639 sui
3393 3576 3636 3641 ordinis

784 3672 1078 3739 ultimam
1114 3674 1457 3741 lectionem
1497 3678 1563 3741 in
1607 3677 1848 3763 vigiliis
1887 3677 2141 3764 legerit,
2187 3676 2587 3765 subplebano
2626 3686 2651 3743 1
2685 3692 2784 3762 94,
2827 3673 3078 3742 custodi
3121 3673 3441 3740 ecclesiae
3483 3698 3638 3740 unus

702 3780 770 3837 30
789 3789 892 3857 φφ,
949 3774 1044 3838 sic
1083 3783 1302 3839 tamen
1342 3774 1518 3862 quod
1558 3776 1847 3842 tumbam
1888 3800 2035 3842 cum
2082 3776 2282 3842 calice
2335 3786 2400 3841 et
2453 3777 2620 3842 stola
2673 3783 3051 3864 praeparet,
3109 3772 3377 3839 cuilibet
3419 3774 3640 3839 chora-

787 3869 944 3936 lium
999 3878 1036 3939 3
1090 3876 1165 3952 03·
1224 3876 1425 3961 antiq.
1510 3873 1833 3941 Candelas
1887 3877 2185 3962 magistri
2241 3875 2574 3961 Henningi
2629 3874 2914 3940 defuncti
2975 3872 3318 3959 collegium
3381 3874 3470 3939 ad
3528 3872 3643 3939 hoc

786 3969 986 4053 locet,
1045 3993 1168 4058 pro
1224 3995 1351 4060 quo
1408 3971 1583 4038 idem
1627 3974 2013 4061 Henningus
2073 3998 2191 4061 pro
2247 3975 2718 4042 restauratione
2768 3980 2794 4039 1
2841 3989 2926 4057 95.
2981 3974 3201 4059 capiat
3261 3970 3394 4059 [am
3427 3978 3643 4035 Ranae

787 4075 1261 4151 nachyetrayen:
1304 4076 1344 4137 7
1377 4074 1457 4151 03.
1501 4072 1864 4140 scolaribus
1912 4074 2326 4140 cantantibus
2371 4074 2680 4139 lectiones
2723 4073 2793 4136 in
2835 4064 3125 4158 vigiliis].
3194 4070 3382 4151 Quae
3423 4073 3641 4137 omnia

787 4170 855 4233 in
910 4191 1161 4233 summa
1211 4168 1458 4235 faciunt
1514 4172 1661 4260 xiiij
1720 4189 1803 4258 95.
1855 4182 1920 4238 et
1970 4175 2040 4261 iij
2086 4176 2163 4253 48.
2220 4176 2402 4239 nov.¹
2489 4172 2633 4237 Has
2690 4172 3031 4258 exequias,
3090 4191 3218 4256 quo
3275 4168 3361 4234 ad
3417 4169 3643 4236 horam

705 4277 772 4334 35
790 4267 1164 4354 vigiliarum
1207 4276 1271 4332 et
1314 4270 1679 4356 missarum,
1737 4274 2149 4360 praepositus
2196 4271 2449 4359 collegii
2505 4271 2772 4336 maioris
2825 4291 2946 4357 pro
3001 4279 3296 4357 tempore
3355 4271 3643 4334 existens

790 4368 1142 4453 magistris,
1182 4366 1264 4433 de
1311 4368 1538 4434 eodem
1580 4369 1850 4457 collegio
1894 4371 2243 4453 duntaxat,
2287 4370 2588 4436 intimare
2629 4368 2825 4433 debet
2865 4376 2930 4432 et
2967 4366 3249 4432 fideliter
3293 4365 3646 4454 disponere

789 4489 916 4554 quo
957 4464 1045 4530 ad
1095 4465 1355 4553 singula
1405 4477 1677 4552 tenetur,
1735 4469 2103 4536 huiusmodi
2156 4472 2361 4534 eciam
2417 4469 2921 4549 ordinacionem,
2978 4478 3096 4554 per
3149 4464 3498 4551 collegium
3554 4467 3644 4530 sic

787 4567 1046 4647 factam,
1091 4587 1174 4630 ex
1215 4565 1383 4631 libro
1429 4575 1811 4633 statutorum
1857 4567 2152 4655 legendo.
2196 4567 2329 4633 Ubi
2373 4569 2430 4632 si
2468 4569 2770 4653 magistri
2813 4567 3295 4653 comparuerint
3333 4565 3406 4628 in
3449 4564 3642 4629 choro

789 4665 997 4728 sancti
1035 4663 1292 4730 Nicolai
1331 4666 1399 4729 in
1442 4665 1685 4752 vigiliis
1741 4676 1889 4731 ante
1943 4668 2139 4733 finem
2198 4668 2395 4754 primi
2448 4666 2750 4731 nocturni
2804 4675 2870 4729 et
2921 4667 2990 4729 in
3031 4664 3233 4728 missa
3292 4662 3643 4750 principali

706 4771 773 4826 40
793 4762 1245 4828 defunctorum
1280 4772 1430 4827 ante
1472 4764 1833 4850 epistolam,
1878 4775 1941 4831 et
1981 4766 2077 4831 ibi
2117 4766 2616 4854 permanserint,
2659 4766 2726 4828 in
2769 4762 3013 4848 vigiliis
3053 4761 3141 4826 ad
3181 4763 3394 4827 minus
3438 4783 3641 4847 usque

791 4861 878 4927 ad
920 4860 1167 4944 laudes,
1224 4863 1295 4927 in
1333 4863 1538 4928 missa
1584 4886 1791 4951 usque
1832 4864 1920 4930 ad
1973 4864 2299 4931 silentium
2355 4864 2650 4951 (dempto
2697 4863 2880 4928 exitu
2921 4883 3045 4947 pro
3089 4861 3473 4944 offertorio),
3533 4861 3640 4928 ubi

951 5113 973 5163 l
1034 5108 1127 5162 An
1156 5107 1337 5163 dieser
1372 5108 1510 5164 Zahl
1547 5109 1622 5163 ist
1655 5111 1875 5168 radiert.
1946 5109 2213 5167 Offenbar
2245 5111 2411 5166 stand
2446 5109 2774 5183 anffinglich
2801 5109 2970 5179 antiq.
3039 5107 3175 5163 Man
3210 5106 3520 5163 reducierte
3556 5107 3643 5162 die

792 5190 1014 5248 Summe
1058 5190 1163 5245 auf
1199 5208 1339 5265 neue
1388 5192 1674 5264 Pfennige,
1720 5192 1973 5267 zugleich
2024 5194 2285 5250 rechnete
2326 5212 2456 5249 man
2506 5195 2597 5250 die
2639 5192 3127 5264 nachgetragenen
3169 5190 3330 5262 (und,
3378 5191 3480 5247 wie
3527 5190 3641 5247 sich

791 5280 966 5330 unten
999 5274 1227 5345 ergiebt,
1262 5273 1512 5330 wirklich
1544 5283 1660 5332 erst
1693 5280 1879 5348 spater
1914 5277 2360 5353 beschlossenen)
2397 5285 2426 5334 7
2465 5278 2551 5335 Pf.
2588 5278 2682 5333 fur
2716 5275 2808 5333 die
2839 5276 3120 5355 scholares
3151 5274 3338 5331 hinzu.
