4038 6358
1384 668 1604 733 Einzige
1641 666 2168 721 Statutenredaction.
3106 672 3215 737 581

367 850 748 936 promoveri
793 848 1049 934 volens3
1109 851 1166 915 si
1199 872 1353 916 vero
1392 852 1459 916 in
1502 860 1774 938 utroque
1790 902 1808 935 ‚
1866 870 1959 917 xl,
2014 850 2237 917 floren.
2280 874 2584 918 renenses
2628 863 2741 918 aut
2783 853 3222 939 aequivalens.

362 949 481 1015 De
527 949 760 1037 quibus
803 968 903 1015 xx
946 949 1167 1015 floren.
1207 950 1403 1016 fiscus
1446 950 1714 1016 habebit
1753 960 1810 1033 4,
1870 949 1951 1016 de
2005 969 2098 1016 XL
2161 974 2318 1018 vero
2377 960 2519 1018 octo
2561 952 2782 1017 floren.
2865 953 3221 1018 Residuum

366 1048 706 1114 dividetur
745 1050 913 1115 inter
954 1050 1454 1132 examinatores,
1495 1051 1587 1116 ita
1624 1060 1841 1116 tamen
1882 1049 2057 1138 quod
2101 1061 2549 1139 praesentator
2607 1050 2894 1117 obtineat
2956 1051 3224 1140 duplum

367 1159 687 1237 respectu
729 1148 993 1215 alterius
1038 1150 1532 1236 examinatoris3
1621 1160 1684 1217 et
1740 1150 1821 1216 de
1876 1149 2244 1216 huiusmodi
2302 1152 2579 1238 pecunia
2632 1150 3019 1238 deponenda
3063 1151 3225 1217 nihil

370 1246 577 1313 debet
617 1249 747 1336 ipsi
793 1248 1228 1315 examinando
1271 1251 1533 1335 remitti,
1579 1251 1760 1317 salvo
1806 1260 2042 1332 tamen,
2085 1249 2276 1337 quod,
2321 1250 2678 1338 cuicunque
2705 1253 3219 1318 examinatorum
3272 1260 3305 1316 5

376 1345 706 1435 placuerit
720 1399 738 1432 ‚
825 1350 1062 1437 poterit
1124 1348 1204 1415 de
1261 1359 1448 1436 parte
1511 1373 1593 1415 ex
1646 1348 2099 1416 distributione
2158 1347 2283 1413 sibi
2328 1348 2711 1415 obveniente
2751 1353 3079 1416 remittere
3118 1350 3224 1416 vel

363 1449 736 1514 restituere.

540 1567 687 1615 xm.
729 1550 895 1614 Item
937 1551 1344 1614 examinatus
1386 1547 1642 1615 admitti
1684 1572 1814 1615 non
1871 1547 2092 1632 debet,
2178 1549 2307 1613 nisi
2355 1571 2474 1636 per
2532 1550 3019 1615 examinatores
3076 1572 3220 1614 con-

366 1646 664 1713 corditer
728 1648 833 1715 vel
902 1648 1130 1714 saltem
1194 1670 1312 1736 per
1373 1648 1686 1714 maiorem
1738 1658 1995 1738 partem
2060 1645 2408 1714 eorundem
2457 1648 2652 1716 fuerit
2708 1647 3112 1736 approbatus
3158 1659 3220 1713 et

364 1745 716 1814 admissus.
3246 1758 3309 1813 10

596 1965 912 2017 STATU'I'A
957 1966 1132 2017 POST
1177 1966 1462 2015 Eum-:N
1505 1963 1994 2014 LICENCIANDIS
2039 1964 2486 2012 PUBLIOANDA
2524 1964 2613 2012 ΕΤ
2652 1965 3004 2015 LEGENDA.

1341 2048 1580 2125 (Hodie
1623 2047 1784 2113 nihil
1827 2047 2267 2135 praelegitur.)

542 2194 637 2282 [S.
691 2194 809 2285 12]
854 2216 996 2263 xiv,
1039 2198 1475 2264 Examinat-us
1520 2206 1585 2262 et
1622 2197 1950 2263 admissus
1991 2194 2239 2262 iurabit
2295 2196 2363 2260 in
2406 2199 2778 2284 praesentia
2820 2200 3220 2265 examinato-

364 2320 522 2363 rum
570 2298 876 2384 privatim
919 2298 1233 2385 capittula
1272 2297 1444 2363 infra
1483 2298 1755 2384 scripta:

543 2415 655 2462 xv,
703 2396 945 2478 Primo,
991 2396 1163 2481 quod
1207 2396 1581 2463 doctoribus
1624 2398 1758 2462 suis
1801 2395 2357 2461 examinatoribus
2399 2395 2555 2461 velit
2594 2393 2884 2462 debitam
2915 2420 3213 2464 reveren·
3244 2409 3303 2464 15

368 2496 544 2562 ciam
584 2505 654 2561 et
694 2519 1045 2583 congruum
1089 2496 1400 2562 honorem
1447 2494 1777 2562 adhibere.

547 2613 686 2661 xvl.
730 2597 914 2677 Item,
962 2595 1133 2685 quod
1166 2606 1315 2684 post
1355 2594 1646 2661 habitam
1689 2594 2028 2660 licenciam
2070 2593 2229 2659 velit
2263 2595 2331 2660 in
2375 2595 2500 2660 hac
2542 2596 2965 2663 universitate
3004 2595 3218 2661 adhuc
3314 2646 3319 2650 -

363 2717 495 2783 per
540 2718 734 2760 unum
779 2719 1016 2761 annum
1076 2717 1457 2783 permanere
1516 2704 1580 2760 et
1630 2694 1845 2782 legere
1908 2695 1974 2758 in
2043 2692 2301 2761 decreto
2362 2696 2525 2760 iuris
2588 2697 2775 2760 iuxta
2824 2693 3221 2760 voluntatem

365 2794 728 2877 doctorum,
770 2797 897 2860 nisi
944 2817 1159 2861 secum
1207 2817 1404 2882 super
1446 2793 1549 2858 his
1586 2817 1704 2881 per
1748 2793 2045 2861 doctores
2102 2796 2297 2859 suerit
2339 2794 2803 2881 dispensatum.

363 3013 833 3061 IURAMENTUM
873 3014 1051 3063 POST
1096 3013 1592 3063 COLLATIONEM
1636 3010 2273 3061 PRAESENTATIONIS
2328 3012 2421 3058 ΕΤ
2466 3003 3304 3061 ΒΕΟΟΜΜΕΝΒΔΤῙΟΝΕΜῖΟ

364 3111 992 3161 VICECANCELLARH
1039 3114 1128 3160 ΕΤ
1173 3114 1358 3161 ANTE
1400 3111 1767 3160 LICENCIAE
1811 3112 2172 3160 DATIONEM
2212 3112 2347 3159 PER
2390 3111 2932 3160 LICENCIANDUM.
2976 3111 3048 3159 m
3093 3112 3226 3158 PER

795 3213 1343 3274 REQmSl'rloNEM
1387 3214 1649 3261 FAMUIA
1692 3212 2218 3269 UNIVERSI'RATIS
2259 3212 2794 3262 PRAESTANDUM.

539 3366 703 3413 xvn.
761 3347 983 3418 Primo
1037 3346 1367 3430 iurabitis,
1451 3344 1622 3434 quod
1679 3355 1920 3412 statuta
1962 3344 2289 3411 facultatis
2332 3345 2647 3411 iuridicae
2693 3343 2906 3409 velitis
2948 3343 3218 3409 firmiter

367 3448 745 3515 observare.

538 3565 728 3616 xvm.
773 3548 937 3614 Item
976 3547 1148 3637 quod
1190 3546 1463 3612 eandem
1502 3544 1893 3626 facultatem,
1951 3543 2036 3610 ad
2095 3567 2540 3633 quemcunque
2591 3553 2829 3610 statum
2891 3541 3214 3610 deveneri·
3237 3551 3303 3607 25

366 3648 477 3729 tis,
515 3646 731 3713 velitis
771 3647 1047 3713 fideliter
1091 3668 1491 3735 promovere.

539 3765 680 3812 xlx.
717 3746 880 3812 Item
926 3745 1102 3835 quod
1141 3746 1427 3833 insignia
1469 3743 1828 3809 doctoralia
1870 3744 1938 3808 in
1981 3743 2106 3809 hac
2150 3745 2573 3810 universitate
2634 3753 2697 3809 et
2738 3766 2870 3809 non
2910 3742 3069 3808 alibi
3109 3765 3216 3807 ve·

365 3845 504 3912 litis
548 3847 861 3933 recipere,
905 3870 1026 3912 nec
1067 3868 1262 3933 super
1305 3845 1427 3911 hoc
1473 3844 1759 3931 aliquam
1802 3842 2351 3931 dispensationem
2399 3867 2517 3932 per
2561 3866 2679 3910 vos
2723 3843 2827 3909 vel
2871 3843 3069 3908 alium
3103 3842 3216 3906 im-

366 3955 632 4033 petrare
684 3969 803 4012 nec
846 3969 923 4013 ea
964 3948 1074 4012 uti.
1605 4024 1610 4030 ,

537 4065 657 4111 xx.
702 4046 863 4112 Item
908 4046 1082 4134 quod
1120 4069 1240 4134 pro
1280 4045 1555 4111 licencia
1594 4046 1827 4110 iterato
1872 4042 2175 4109 habenda
2218 4045 2285 4108 in
2335 4046 2476 4110 iure
2521 4068 2647 4110 non
2686 4042 3072 4110 laborabitis
3098 4050 3303 4108 nec30

369 4147 658 4212 examini
700 4169 817 4212 vos
863 4144 1270 4212 submittetis.

764 4396 1082 4447 s'rA'rn'rA
1124 4396 1493 4446 noc'ronEs
1537 4398 1654 4447 mc
1700 4376 2234 4478 rno[13]uo⁷ros
2278 4394 2826 4446 CONCERNENCIA.

539 4548 685 4595 xxl.
725 4529 965 4612 Placet,
1006 4529 1179 4616 qnod
1221 4529 1445 4596 doctor
1486 4530 1799 4613 novellus,
1844 4532 1914 4595 in
1957 4529 2161 4596 altero
2213 4537 2579 4616 promotus,
2640 4528 2848 4595 altera
2908 4529 3015 4594 die
3067 4539 3219 4618 post

370 4631 807 4718 receptionem
849 4631 1276 4716 insigniorum
1320 4629 1775 4713 doctoralium,
1834 4629 2207 4695 doctoribus
2265 4627 2522 4713 collegii
2583 4651 2704 4716 pro
2748 4637 3040 4716 tempore
3083 4630 3216 4695 exi·

371 4728 691 4797 stentibus
750 4740 816 4795 et
869 4739 1019 4794 actu
1079 4728 1453 4816 regentibus
1511 4730 1665 4795 solis
1718 4752 1909 4795 mane
1969 4728 2057 4795 ad
2112 4727 2460 4816 prandium
2529 4728 2861 4812 invitatis,
2950 4737 3215 4815 peracto
3232 4738 3298 4795 35

371 4828 652 4917 prandio
695 4827 982 4917 deponat
1019 4828 1199 4916 apud
1245 4827 1505 4895 eosdem
1545 4848 1644 4895 xx
1688 4828 1912 4894 floren.
1956 4830 2026 4893 in
2068 4851 2267 4911 auro;
2311 4828 2363 4892 si
2406 4849 2564 4893 vero
2609 4828 2675 4892 in
2710 4837 2997 4916 utroque,
3027 4828 3223 4893 fuerit

372 4938 727 5017 promotus,
769 4928 1054 5016 deponat
1095 4927 1384 5016 duplum,
1427 4928 1731 4994 videlicet
1771 4946 1863 4993 XL
1907 4927 2129 4993 floren.
2208 4928 2315 4993 De
2369 4926 2602 5014 quibus
2661 4936 2995 5014 promotor
3041 4929 3220 5014 prin-

374 5028 608 5116 cipalis
650 5029 718 5092 in
763 5027 1052 5116 qualibet
1094 5027 1404 5093 facultate
1445 5030 1720 5117 recipiet
1763 5038 1927 5112 octo,
1973 5035 2452 5114 compromotor
2510 5035 2643 5092 tres
2704 5037 2768 5092 et
2810 5026 3224 5114 praedicator

373 5127 480 5194 vel
520 5128 1011 5193 recomendator
1056 5126 1219 5193 duos
1262 5127 1482 5193 floren.
1528 5150 1569 5192 a
1612 5126 1899 5215 quolibet
1937 5125 2397 5215 promovendo,
2441 5128 2535 5191 ita
2576 5137 2793 5194 tamen
2817 5126 2991 5213 quod
3015 5125 3222 5193 solum

373 5230 625 5316 primus
666 5229 734 5292 in
784 5227 1013 5294 ordine
1054 5228 1136 5292 sit
1192 5226 1683 5293 recomendator
1736 5228 1805 5290 in
1856 5248 1985 5292 uno
2044 5235 2230 5309 actu3
2315 5235 2696 5313 superstans
2754 5248 2910 5293 vero
2967 5248 3219 5292 summa
3239 5235 3307 5292 40

373 5330 544 5394 inter
585 5349 806 5393 omnes
847 5328 1143 5394 doctores
1190 5325 1442 5414 collegii
1488 5325 1844 5416 aequaliter
1886 5325 2247 5409 dividatur,
2299 5325 2394 5391 ita
2414 5397 2417 5402 Α
2434 5335 2651 5391 tamen
2703 5325 2877 5413 quod
2920 5326 2985 5391 in
3033 5324 3221 5393 alter-
