4038 6358
831 602 913 665 94
1801 599 1904 649 Die
1939 598 2180 649 statuten
2210 611 2336 650 vom
2362 600 2529 649 Jahre
2552 602 2698 665 16⁴8,

832 781 986 847 dum
1033 801 1115 846 ne
1173 780 1347 869 quod
1399 781 1706 847 offeratur
1759 781 1971 844 minus
2013 802 2143 845 uno
2179 788 2469 847 nostrate
2513 780 2843 847 nummulo
2886 782 2987 847 sit.
3067 779 3174 845 De
3215 779 3320 845 his
3366 776 3679 846 omnibus

827 891 1041 948 rector
1093 903 1209 946 suo
1262 890 1554 968 tempore
1606 878 1887 944 edictum
1928 882 2319 947 conveniens
2360 890 2683 968 proponet
2723 890 2788 947 et
2828 879 3136 946 mulctam
3181 880 3515 966 exprimet
3528 926 3547 958 ,
3592 875 3677 940 ab

833 979 1356 1048 inobedientibus
1397 980 1645 1068 absque
1681 980 1875 1045 venia
1916 979 2330 1067 exigendam.

1945 1164 2284 1216 Statutum
2324 1164 2549 1216 xxxu.

779 1278 812 1334 5
1972 1280 2069 1327 DE
2113 1278 2519 1329 FUNERIBUS.

1000 1397 1311 1464 Similiter
1356 1406 1421 1463 et
1457 1396 1756 1463 funerum
1800 1394 2124 1478 deducti0‚
2167 1416 2313 1463 cum
2356 1395 2589 1482 aliquis
2632 1394 2715 1460 de
2759 1417 3034 1482 corpore
3072 1395 3526 1461 universitatis
3564 1415 3681 1457 no·

832 1510 1006 1566 strae
1047 1506 1318 1562 mortem
1362 1495 1616 1580 obierit,
1657 1496 1897 1561 rectori
1936 1516 2132 1560 curae
2173 1496 2317 1577 erit,
2359 1504 2430 1559 ut
2471 1516 2591 1581 pro
2633 1494 2918 1561 defuncti
2950 1493 3318 1562 conditione
3355 1493 3681 1580 exequiae

831 1599 1284 1666 convenienter
1327 1595 1658 1662 ducantur.
1745 1593 1942 1675 Quod
1977 1616 2229 1682 quoque
2256 1604 2549 1682 tempore
2575 1593 2787 1661 edicto
2815 1595 3091 1662 rectoris
3121 1594 3614 1682 praescribetur
3640 1594 3679 1654 ².

1933 1780 2046 1831 Sta
2062 1789 2273 1832 tutum
2309 1779 2555 1833 xxxm.

751 1897 813 1952 10
906 1902 1001 1951 DE
1036 1900 1181 1950 NON
1221 1895 1523 1946 EDENDIS
1563 1895 1764 1945 ULLIS
1809 1894 2116 1944 scmus
2157 1897 2231 1945 nt
2273 1895 2410 1945 Hac
2453 1895 2722 1944 SCHOLA
2762 1895 2854 1944 m·
2899 1894 3160 1947 OPPmo
3202 1898 3349 1947 NON
3390 1895 3599 1946 PRIUS

1799 1995 2158 2045 INSPEc'rls
2198 1998 2289 2045 ΕΤ
2334 1994 2694 2045 ΡΒΟΒΔΤΙΒ.

992 2115 1253 2202 Magnis
1315 2121 1381 2180 et
1433 2109 1745 2199 gravibus
1795 2109 1880 2175 de
1929 2113 2143 2177 causis
2198 2112 2427 2177 statuit
2472 2112 2919 2179 universitatis
2971 2110 3403 2179 scholasticae
3459 2110 3673 2175 consi·

828 2220 983 2285 lium
1000 2265 1019 2301 ,
1079 2237 1301 2281 omnes
1316 2262 1335 2297 ‚
1388 2212 1499 2298 qui
1541 2210 1812 2298 posthac
1855 2207 2060 2277 libros
2100 2218 2217 2275 aut
2258 2212 2693 2298 cuiuscunque
2733 2213 2993 2298 generis
3035 2212 3284 2300 scripta
3324 2210 3519 2277 edere
3558 2232 3673 2274 vo-

827 2319 1086 2400 luerint,
1129 2311 1498 2400 exemplum
1537 2309 1797 2377 illorum
1839 2308 2012 2375 bona
2047 2309 2178 2375 fide
2218 2312 2455 2374 rectori
2497 2310 2729 2376 offerre
2772 2310 3031 2395 debere,
3076 2314 3187 2398 qui
3235 2310 3317 2376 de
3350 2309 3674 2375 sententia

748 2430 810 2486 15
831 2441 1073 2500 eorum,
1116 2414 1201 2480 ad
1242 2430 1514 2502 quorum
1560 2410 1844 2475 studium
1883 2419 1947 2475 et
1984 2409 2453 2495 professionem
2495 2410 2778 2496 cognitio
2819 2409 3187 2497 pertinebit,
3231 2409 3339 2476 edi
3383 2418 3499 2476 aut
3526 2430 3672 2495 per-

827 2521 1038 2583 mittet
1093 2524 1206 2580 aut
1264 2510 1529 2578 vetabit.
1615 2508 1686 2574 Si
1742 2510 1887 2594 quis
1939 2531 2071 2574 non
2125 2507 2431 2574 obtulerit
2487 2518 2600 2573 aut
2649 2520 2877 2576 contra
2930 2509 3344 2577 interdictum
3390 2509 3670 2575 rectoris

825 2619 1064 2685 librum
1120 2615 1515 2700 scriptumve
1570 2631 1753 2675 suum
1808 2606 2158 2673 alteriusve
2219 2606 2326 2673 edi
2375 2610 2731 2691 curaverit,
2784 2609 3160 2676 florinorum
3202 2608 3671 2697 quinquaginta

824 2716 1134 2783 mulctam
1177 2713 1423 2778 solvito.
1495 2710 1600 2775 De
1642 2707 1810 2774 libro
1855 2717 2073 2773 autem
2116 2726 2231 2773 seu
2273 2708 2517 2794 scripto
2559 2708 2655 2773 sic
2697 2707 2869 2775 edito
2908 2708 3221 2775 iudicium
3264 2718 3331 2776 et
3371 2712 3439 2775 in
3478 2718 3666 2774 auto-

824 2840 963 2882 rem
978 2864 998 2900 ,
1042 2815 1098 2880 si
1141 2818 1465 2878 mereatur
1480 2858 1500 2894 ‚
1544 2806 2024 2875 animadversio
2062 2806 2274 2873 libera
2313 2806 2566 2872 consilii
2608 2806 2855 2895 publici
2897 2810 3040 2877 erit.

741 3001 809 3057 20
1928 2993 2258 3044 Statutum
2295 2993 2542 3045 XXXIV.

1490 3112 1587 3161 DE
1633 3107 2076 3160 TEMPORIBUS
2115 3107 2568 3159 VACATIONUM
2605 3110 2697 3159 ΕΤ
2740 3110 2985 3162 Eme.

991 3232 1156 3299 Cum
1217 3253 1347 3296 non
1397 3233 1609 3316 possit
1667 3226 1845 3310 fieri,
1899 3233 1973 3290 ut
2025 3226 2429 3313 professores
2491 3226 2790 3293 omnibus
2849 3227 3079 3294 diebus
3136 3249 3371 3314 operas
3429 3226 3665 3294 obeant

822 3333 1157 3399 doctrinae
1199 3352 1390 3413 suae,
1436 3328 1702 3417 diesque
1744 3325 2019 3414 aliquot,
2063 3324 2300 3412 quibus
2343 3325 2559 3391 feriati
2601 3328 2763 3411 sint,
2823 3335 2889 3393 et
2926 3328 3306 3393 vacationes
3347 3327 3475 3394 illis
3517 3349 3662 3392 con-

822 3432 963 3498 cedi
1005 3451 1273 3496 necesse
1311 3438 1439 3512 est,
1496 3449 1577 3493 ne
1633 3435 1851 3493 tamen
1902 3447 2023 3513 pro
2057 3446 2175 3490 suo
2222 3423 2495 3491 arbitrio
2538 3427 2853 3514 quisque²
2895 3426 3020 3492 sibi
3061 3425 3175 3491 illa
3214 3436 3509 3515 tempora
3550 3428 3665 3490 otii

738 3540 805 3597 25
825 3541 891 3598 et
927 3531 1340 3597 vacationum
1383 3535 1693 3610 sumeret,
1735 3527 1952 3590 visum
1993 3533 2094 3589 est
2133 3545 2271 3589 rem
2311 3523 2435 3589 hoc
2474 3525 2669 3591 modo
2712 3529 3125 3592 constitutam
3166 3539 3547 3614 proponere.

987 3631 1281 3696 Primum
1335 3627 1605 3714 singulis
1659 3623 2179 3692 hebdomadibus
2236 3623 2489 3688 dierum
2536 3626 2857 3690 universis
2908 3649 3037 3691 uno
3091 3626 3197 3691 die
3241 3628 3662 3692 intermittere

825 3753 1058 3818 operas
1105 3728 1437 3794 doctrinae
1480 3749 1636 3793 suae
1680 3746 2061 3792 concessum
2102 3733 2260 3789 esto.

990 3826 1289 3895 Secundo
1343 3826 1644 3894 omnibus
1697 3824 1931 3893 diebus
1976 3824 2317 3890 dominicis
2360 3831 2426 3889 et
2467 3824 2549 3889 iis
2590 3824 2807 3908 feriis,
2849 3846 3017 3911 quae
3059 3825 3127 3889 in
3168 3824 3413 3913 templo
3457 3825 3657 3891 solen-

817 3930 986 3995 niter
1028 3926 1454 3994 celebrantur.
2914 3927 2921 3940 “

735 4038 805 4094 30
989 4027 1214 4092 Tertio
1269 4050 1310 4092 a
1366 4026 1472 4091 die
1485 4074 1504 4109 ‚
1558 4027 1669 4114 qui
1725 4034 1875 4091 ante
1930 4023 2290 4089 Paschatos
2332 4024 2563 4089 festum
2579 4072 2599 4107 ,
2653 4032 2719 4104 et
2759 4032 3033 4111 quatuor
3083 4033 3245 4111 post
3328 4024 3405 4089 In
3446 4032 3660 4110 pente·

824 4137 1036 4194 costes
1076 4126 1429 4192 festivitate
1473 4124 1889 4214 quatriduum
1932 4122 2320 4191 servabitur.

986 4226 1237 4308 Quarto
1281 4224 1611 4290 caniculae
1652 4245 1871 4289 mense
1912 4245 2062 4291 uno,

986 4326 1228 4408 Quinto
1267 4324 1470 4390 natali
1511 4324 1882 4391 Christiano
1919 4322 2154 4387 triduo.

982 4426 1188 4492 Sexto
1229 4422 1436 4490 tribus
1477 4423 1870 4489 mercatibus
1915 4421 2149 4487 diebus
2187 4419 2391 4486 denis.

736 4535 803 4594 35
989 4526 1206 4615 Atque
1243 4525 1368 4591 hoc
1411 4522 1800 4611 generaliter
1841 4521 2259 4587 custodietur.
2344 4519 2422 4585 In
2479 4519 2752 4605 singulis
2796 4530 3010 4588 autem
3051 4520 3468 4588 facultatibus
3511 4523 3665 4610 quid

819 4627 961 4692 fieri
1004 4628 1378 4709 conveniat,
1418 4627 1488 4689 in
1528 4623 1786 4689 illorum
1829 4622 2088 4688 statutis
2144 4620 2461 4708 explicari
2506 4617 2782 4687 debebit.

959 4884 978 4933 1
1024 4874 1402 4934 Geschrieben
1436 4874 1508 4928 ist
1537 4872 1930 4944 prosa-ibatur.

953 4967 984 5017 2
1013 4959 1390 5018 Geschrieben
1426 4957 1574 5013 steht
1604 4958 1865 5028 quisquis.
