4038 6358
1409 644 1630 710 Einzige
1678 644 2207 701 statutenredaction.
3114 650 3234 717 585
3296 636 3299 641 ’

315 823 629 912 placet,
689 835 766 893 ut
821 826 1034 893 nullus
1097 827 1403 917 deinceps
1467 852 1584 918 per
1645 829 1946 896 doctores
2013 829 2201 895 huius
2262 828 2589 897 facultatis
2655 830 3061 898 concorditer
3124 840 3236 898 aut

319 928 696 993 maiorem
753 934 1006 1015 partem
1063 926 1368 995 conclusa
1420 938 1670 995 mutare
1726 938 1838 995 aut
1895 952 2115 994 eorum
2170 931 2613 997 executionem
2666 931 2983 1020 impedire
3040 954 3233 1020 prae-

323 1037 629 1110 sumat,
688 1027 809 1094 sub
854 1050 1067 1115 poena
1111 1031 1450 1095 carenciae
1505 1028 2059 1097 emolimentorum
2101 1028 2291 1095 huius
2346 1028 2674 1095 facultatis
2733 1054 2849 1117 per
2906 1032 3058 1096 anni
3116 1033 3237 1099 cir·

324 1124 623 1192 culum.

445 1292 720 1359 Salvo
762 1295 936 1360 iure
986 1296 1494 1389 corrigendi,
1551 1294 2061 1378 emendandi,
2118 1294 2477 1361 addendi
2529 1304 2690 1379 etc.,
2743 1307 2983 1385 prout
3030 1305 3152 1363 est
3286 1307 3319 1361 5

1410 1397 1649 1461 moris
1697 1406 1944 1482 atque
1987 1394 2228 1459 stili.¹

557 1676 651 1765 [S.
703 1674 800 1765 19]
855 1696 970 1743 XL.
1055 1678 1210 1766 Ipso
1256 1676 1363 1743 die
1421 1676 1717 1744 Marcelli
1778 1700 1947 1743 anno
2001 1696 2334 1745 »mxxxm
2396 1678 2919 1764 concludebatur,
2979 1680 3152 1770 quod
3199 1704 3241 1747 a

339 1775 968 1843 baccalaureandis
1018 1778 1270 1843 ratione
1327 1777 1586 1865 prandii
1639 1776 1878 1843 debent
1929 1778 2107 1863 exigi
2152 1801 2193 1842 a
2236 1778 2524 1893 quolibet
2578 1782 2865 1869 quinque
2922 1782 3121 1864 aurei,
3176 1790 3241 1846 et

345 1876 550 1943 haec
595 1879 869 1964 pecunia
925 1876 1130 1943 dividi
1176 1875 1368 1943 debet
1409 1880 1576 1942 inter
1629 1887 2025 1965 praesentes,
2081 1878 2208 1942 nisi
2262 1879 2405 1965 quis
2450 1878 2531 1943 de
2572 1878 2877 1946 mandato
2924 1881 3241 1968 principis

349 1989 496 2043 aut
540 1975 938 2063 reipublicae
981 1998 1180 2042 causa
1221 1976 1457 2042 absens
1499 1978 1635 2041 erit.
3264 1989 3327 2045 10

555 2130 693 2177 xm.
774 2110 1022 2176 Ultima
1064 2110 1289 2175 Martii
1331 2133 1500 2175 anno
1543 2128 1814 2175 MDLvm
1871 2108 2243 2175 conclusum
2298 2120 2395 2175 est
2447 2132 2563 2198 per
2614 2110 3011 2196 facultatem,
3064 2123 3135 2177 ut
3174 2114 3243 2177 in

353 2222 729 2301 posterum
784 2211 1001 2276 omnia
1053 2209 1486 2276 emolumenta
1541 2211 2037 2297 promotionum,
2094 2211 2233 2276 sive
2286 2209 2519 2275 dentur
2573 2233 2693 2298 pro
2739 2210 3240 2300 dispensatione,

358 2314 530 2377 sive
573 2335 695 2401 pro
735 2312 1058 2393 examine,
1099 2311 1239 2375 sive
1281 2333 1399 2398 pro
1441 2309 1720 2397 prandio
1762 2310 1866 2375 vel
1909 2332 1992 2373 ex
2038 2332 2419 2397 quacunque
2462 2309 2593 2375 alia
2634 2333 2853 2394 causa,
2896 2314 3241 2379 communi-

361 2421 616 2478 centur
656 2412 850 2477 etiam
893 2409 1266 2475 doctoribus
1311 2408 1402 2475 de'
1434 2408 1704 2475 consilio
1760 2406 2111 2490 facultatis,
2170 2408 2279 2493 qui
2333 2417 2623 2496 tempore
2669 2422 2854 2476 actus
2902 2410 3239 2493 eiusmodi,

363 2513 839 2577 concernentis
892 2510 1364 2597 promotionem
1425 2508 1710 2596 aliquam
1765 2509 2203 2593 cuiuscunque
2244 2506 2508 2593 gradus,
2568 2518 2757 2575 extra
2796 2509 3023 2576 urbem
3073 2510 3324 2577 hanc15

364 2610 688 2698 Lipsiam
741 2609 1044 2676 absentes
1098 2608 1367 2690 fuerint,
1427 2607 1775 2674 dummodo
1827 2606 2115 2673 habeant
2170 2605 2277 2671 hic
2330 2605 2725 2673 domicilium
2782 2610 3037 2698 sintque
3094 2618 3244 2676 actu

367 2720 690 2797 regentes
733 2718 797 2774 et
837 2710 914 2793 is,
967 2710 1074 2773 cui
1125 2706 1410 2774 officium
1469 2706 1734 2797 aliquod
1786 2708 2229 2794 promotionis,
2289 2709 2827 2791 praesentationis
2869 2709 2974 2774 vel
3026 2709 3243 2797 quale-

372 2830 646 2893 cunque
686 2808 1045 2891 incumbat,
1101 2831 1220 2875 suo
1264 2807 1407 2873 loco
1454 2807 1804 2873 substituat
1846 2806 2041 2872 alium
2086 2806 2413 2871 doctorem
2470 2805 2818 2891 facultatis,
2878 2811 2989 2897 qui
3028 2807 3099 2875 id
3136 2831 3245 2876 no·

372 2910 566 2975 mine
611 2930 724 2974 suo
769 2904 1094 2996 expediat.

1349 3026 1443 3073 DE
1489 3025 1750 3074 ORDINE
1794 3021 2297 3072 PROMOTORUM.
3262 3017 3329 3075 a]

561 3143 724 3192 an.
809 3122 1060 3192 Eodem
1101 3122 1208 3190 die
1251 3125 1621 3192 conclusum
1665 3134 1761 3190 est
1800 3145 1918 3212 per
1960 3120 2351 3207 facultatem,
2412 3133 2487 3188 ut
2530 3123 2924 3192 consuetudo
2968 3124 3081 3192 illa
3135 3124 3246 3192 ad·

377 3227 761 3306 notationis,
818 3247 984 3312 quae
1039 3224 1349 3290 hactenus
1395 3223 1743 3290 observata
1787 3234 1885 3288 est
1929 3225 2096 3288 inter
2136 3245 2263 3306 eos,
2321 3225 2429 3311 qui
2469 3224 2791 3290 intersunt
2832 3227 3245 3312 promotioni,

377 3325 601 3414 quod²
657 3326 1023 3413 proximam
1082 3326 1554 3410 promotionem
1615 3333 2010 3412 sequentem,
2067 3345 2198 3387 non
2254 3322 2655 3410 praeiudicet
2710 3323 3082 3390 doctoribus
3138 3325 3247 3390 hic

379 3426 731 3514 promotis,
753 3432 818 3488 et
860 3422 946 3489 ad
989 3422 1326 3489 consilium
1365 3423 1690 3488 facultatis
1734 3421 2037 3509 receptis,
2094 3423 2189 3486 ita
2246 3430 2345 3502 ut,
2408 3422 2467 3484 si
2509 3423 2858 3508 contingat,
2914 3445 3079 3508 eum,
3135 3427 3245 3511 qui

379 3525 692 3613 proxime
733 3523 1020 3611 sequitur
1061 3519 1262 3605 illum,
1304 3523 1415 3608 qui
1459 3522 1528 3587 in
1581 3522 1984 3609 promotione
2026 3520 2328 3608 proxima
2379 3523 2734 3606 praeterita
2774 3523 3066 3588 exercuit
3106 3524 3240 3590 offi-
3262 3533 3329 3589 25

383 3623 564 3690 cium
608 3621 890 3710 aliquod,
935 3622 1175 3686 reverti
1219 3630 1368 3685 ante
1410 3621 1879 3707 promotionem
1921 3619 2309 3707 proximam,
2352 3628 2423 3684 ut
2462 3621 2558 3685 ita
2602 3589 2775 3686 adsit
2814 3644 2888 3687 eo
2936 3632 3245 3711 tempore,

385 3746 523 3813 quo
567 3721 727 3788 ordo
773 3744 919 3786 eum
960 3722 1198 3807 tangit,
1253 3718 1497 3784 nullum
1540 3720 1600 3785 ei
1641 3743 1725 3785 ex
1768 3743 1843 3784 eo
1887 3717 2004 3782 fiat
2057 3715 2550 3805 praeiudicium,
2612 3719 2785 3806 quod
2842 3720 2925 3788 ob
2965 3721 3136 3787 illius
3179 3725 3247 3788 in

385 3824 692 3912 proxime
750 3821 1103 3908 praeterita
1159 3821 1559 3906 promotione
1601 3819 1964 3886 absentiam
2009 3837 2284 3902 sequens
2330 3839 2475 3881 eum
2518 3819 2584 3883 in
2637 3823 3043 3908 promotione
3096 3845 3245 3910 pro-

385 3925 570 3988 xime
615 3921 972 4010 praeterita
1015 3920 1306 4006 signatus
1351 3929 1468 3984 est.

487 4153 496 4165 ⁵
569 4179 592 4227 1
634 4167 829 4225 Durch
879 4166 1070 4223 diesen
1115 4165 1463 4222 Schlusssatz
1509 4165 1645 4220 wird
1691 4166 1828 4222 alles
1865 4167 2333 4241 Voraufgehende
2384 4189 2455 4225 zu
2502 4173 2653 4228 einer
2701 4173 3109 4247 gemeinsamen
3145 4176 3249 4233 Re·

389 4257 620 4313 daction
653 4251 940 4310 derselben
975 4251 1142 4306 Hand
1177 4250 1721 4323 zusammengefasst,
1753 4249 1842 4306 die
1875 4268 2006 4306 man
2040 4267 2129 4307 am
2165 4251 2743 4313 wahrscheinlichsten
2778 4263 2938 4313 untcr
2968 4260 3069 4314 das
3093 4259 3247 4316 Ordi-

391 4341 578 4396 nat-iat
613 4338 712 4393 des
753 4335 870 4392 Iob.
914 4335 984 4390 de
1025 4333 1395 4390 Breitenbach
1441 4335 1509 4403 (c.
1549 4335 1700 4405 1504)
1747 4340 1901 4389 setzt.
1973 4335 2102 4407 Vgl.
2140 4337 2413 4393 Urkundl.
2454 4340 2704 4410 Quellen,
2746 4357 2795 4398 a.
2831 4359 2881 4397 a.
2920 4342 2984 4400 Ο.
3056 4343 3251 4399 Damit

393 4424 530 4480 aber
560 4422 636 4477 ist
665 4421 766 4476 der
797 4417 1044 4476 Versuch
1077 4417 1413 4490 keineswegs
1459 4418 1956 4490 zuriickgewiesen,
2002 4438 2072 4474 zu
2106 4421 2489 4491 untersuchen,
2531 4425 2604 4479 ob
2640 4425 2758 4480 sich
2794 4425 3249 4497 Anhaltspunkte

394 4507 584 4564 finden
616 4506 816 4574 lassen,
845 4504 936 4560 die
969 4502 1428 4576 vorangehenden
1453 4501 1905 4574 Bestimmungen
1940 4521 2010 4558 zu
2048 4505 2302 4575 zerlegen
2334 4506 2393 4560 in
2427 4508 2549 4563 eine
2584 4509 3019 4581 urspriingliche,
3052 4512 3247 4567 alteste

393 4591 706 4648 Redaction
755 4589 871 4643 und
931 4591 1147 4659 spatere
1193 4587 1512 4658 Nachtrflge
1571 4586 1668 4642 des
1724 4591 1797 4642 15.
1843 4585 2061 4656 Jahrb„
2114 4588 2203 4644 die
2250 4589 2528 4648 vielleicht
2583 4593 2672 4647 bei
2724 4595 2821 4650 der
2869 4595 3239 4667 abermaligen

395 4675 704 4732 Redaction
741 4689 846 4727 nur
886 4671 1115 4745 get-inge
1151 4671 1614 4742 Umfinderungen
1651 4670 1772 4740 (wie
1806 4673 2173 4744 Fortlassung
2205 4675 2305 4729 der
2340 4675 2720 4748 Datierungen
2758 4696 2809 4734 ιι.
2850 4678 2922 4750 a.)
2966 4675 3240 4735 erfiihren.

395 4761 463 4816 In
514 4758 836 4829 Beziehung
879 4755 1104 4812 hierauf
1147 4756 1396 4812 erinnere
1445 4755 1538 4811 ich
1588 4774 1635 4813 z.
1687 4755 1748 4810 B.
1803 4773 1876 4810 an
1926 4757 2027 4811 das
2074 4757 2357 4812 mehrfach
2406 4759 2828 4817 vorkommende
2876 4765 3135 4832 deceta-o,
3184 4763 3246 4819 in

382 4851 809 4983 Μωῦνπῖῗ
840 4835 1424 4996 mgemeiniglich
1461 4839 1699 4895 Zsichen
1737 4840 1886 4896 eines
1927 4839 2359 4898 Zusatzartikels
2395 4859 2465 4896 zu
2499 4841 2615 4896 sein
2649 4843 2842 4918 pflegt.

571 4932 602 4983 2
713 4943 750 4982 o
