4038 6358
1349 518 1448 567 Die
1484 516 1722 568 Statuten
1758 531 1866 567 von
1907 512 2253 569 1409—1445.
2761 541 2768 549 ·
3106 520 3221 585 311

315 698 796 763 universitate
858 696 1181 785 Pragensi
1243 698 1538 765 similiter
1600 697 1710 765 bic
1773 719 2159 786 permanere
2220 695 2503 763 debeant
2563 699 2703 765 sine
2768 698 3109 767 addicione
3163 709 3228 766 et

317 797 811 863 diminucione
865 796 952 863 ad
995 818 1256 863 annum.
1340 798 1485 879 Quo
1528 797 1710 866 finito
1759 800 1970 887 possit
2022 798 2167 866 fieri
2206 797 2511 882 mutacio,
2569 798 2827 866 addicio
2873 798 2981 865 vel
3038 800 3223 865 dimi-

317 898 568 963 nucio
601 897 788 962 iuxta
825 895 1136 984 placitum
1175 897 1520 965 facultatis.
1583 898 1676 965 Et
1715 898 1891 964 idem
1932 896 2179 985 placuit
2220 895 2301 962 de
2342 898 2570 985 parvis
2613 896 2976 986 loycalibus
3014 898 3222 965 Maul-

315 995 476 1061 felt
530 1018 649 1085 pro
689 998 1032 1062 exerciciis
1074 1006 1144 1063 et
1189 997 1519 1063 ordinario
1574 995 1912 1064 servandis
1969 996 2057 1062 ad
2102 996 2275 1063 idem
2326 1006 2582 1083 tempus
2636 1005 2699 1063 et
2749 1009 2981 1086 postea
3031 1001 3219 1065 iuxta

323 1094 772 1161 voluntatem
823 1094 1151 1163 facultatis
1206 1095 1473 1164 ulterius
1533 1095 1986 1163 continuandis
2041 1096 2148 1162 vel
2206 1095 2626 1161 immutandis
2684 1098 2753 1163 in
2816 1098 2948 1164 alia
3006 1120 3214 1186 parva
3266 1106 3300 1163 5

325 1190 676 1283 loycalia,
722 1194 976 1263 scilicet
1015 1194 1440 1263 Greffinstein
1483 1194 1588 1261 vel
1625 1194 1905 1261 Marsilii
1944 1196 2049 1261 vel
2093 1195 2374 1261 alterius.

1097 1352 1192 1415 12.
1235 1364 1426 1413 mam
1464 1364 1560 1413 AD
1605 1362 1896 1412 summu
1937 1362 2518 1412 sAccALAm‘rns.

533 1460 724 1527 Libri
753 1460 840 1527 ad
880 1462 1159 1549 gradum
1185 1461 1665 1529 baccalariatus
1695 1472 1846 1528 sunt
1881 1470 2293 1527 tractatus
2334 1461 2571 1527 Petri
2610 1462 3005 1549 Hispani,
3044 1464 3220 1529 Pri-

335 1563 703 1628 scianus
746 1560 1099 1646 brevior,
1142 1573 1377 1629 vetus
1429 1585 1598 1644 ars,
1655 1564 2044 1648 priorum,
2097 1562 2685 1649 posteriorum,
2726 1562 3218 1645 elencorum‚

339 1660 915 1749 phisicorum,
962 1660 1056 1727 de
1098 1664 1392 1745 anima,
1434 1682 1679 1747 spera
1721 1661 2211 1727 materialis.
3239 1671 3304 1727 10

3422 1460 3457 1481 O

1168 1836 1258 1899 13.
1303 1846 1494 1895 mam
1530 1846 1625 1893 An
1670 1843 1962 1895 summu
2001 1844 2425 1895 mmsrnun.

527 1944 639 2009 Ad
700 1944 977 2032 gradum
1041 1948 1399 2033 magisterii
1462 1953 1613 2010 sunt
1674 1943 1830 2010 libri
1893 1945 2039 2009 isti:
2118 1945 2622 2033 topicorum,
2686 1943 2779 2010 de
2841 1944 3053 2029 celo,
3119 1946 3218 2012 de

343 2047 942 2131 generacione,
994 2046 1614 2127 metheororum‚
1673 2066 1928 2131 parva
1964 2043 2429 2127 naturalia,
2476 2044 2965 2129 ethicorum,
3012 2045 3217 2134 poli·

339 2145 736 2228 ticorum,
793 2146 1467 2233 yconomicorum,
1521 2144 2059 2231 perspectiva
2103 2145 2577 2227 communis,
2625 2144 3002 2211 theorica
3042 2143 3216 2232 pla·

345 2253 766 2330 netarum,
819 2244 1253 2329 Euclides,
1309 2244 1546 2331 loyca
1587 2242 1920 2325 Hesbri,
1967 2244 2498 2309 arismetrica
2540 2246 3007 2328 communis,
3052 2252 3297 2309 mu-15

349 2344 542 2408 sica
583 2340 932 2433 (Muris),
975 2344 1514 2411 methafisica.

365 2613 463 2673 14.
509 2606 631 2697 [Bl.
671 2616 750 2677 50
761 2606 813 2699 ¹³]
857 2628 952 2676 nn
997 2592 1455 2677 wmnmoun
1491 2626 2026 2677 msru‘rs'rmms
2070 2628 2492 2676 onnmsnun
2534 2628 2670 2677 run
2722 2622 3213 2677 nAccALAmos.

527 2740 719 2808 Anno
779 2743 1026 2809 domini
1082 2742 1188 2808 M⁰
1230 2741 1492 2810 CCGC⁰
1535 2742 1602 2808 X
1664 2744 1732 2808 in
1794 2742 2115 2809 decanatu
2178 2744 2478 2829 magistri
2528 2743 2866 2809 Vincencii
2931 2742 3212 2828 Griiner,

358 2838 538 2906 facta
593 2840 788 2929 plena
827 2844 1340 2931 congregacione
1381 2844 1838 2930 magistrorum
1880 2842 1962 2907 de
2001 2841 2271 2907 consilio
2311 2841 2657 2926 facultatis,
2714 2846 2783 2909 in
2836 2844 2943 2910 die
3003 2844 3214 2908 sancti

359 2938 706 3007 Francisci
749 2937 942 3027 (1410
979 2948 1035 3005 d.
1063 2954 1117 3008 4.
1151 2940 1428 3029 October)
1477 2941 1848 3008 conclusum
1889 2942 2010 3007 fuit
2053 2951 2118 3007 et
2160 2951 2487 3025 statutum,
2532 2941 2707 3030 quod
2748 2942 3018 3028 quilibet
3057 2943 3210 3009 bac·
3227 2950 3297 3009 20

366 3039 643 3105 calarius
705 3042 952 3106 arcium
1011 3040 1247 3107 debeat
1298 3042 1567 3106 visitare
1622 3041 2103 3128 disputaciones
2161 3040 2527 3106 ordinarias
2584 3050 2649 3107 et
2696 3065 2823 3107 non
2881 3043 3213 3130 negligere

365 3147 494 3204 tres
541 3141 846 3207 continuo
899 3163 969 3208 se
1024 3148 1383 3230 sequentes,
1438 3139 1558 3206 sub
1612 3162 1823 3228 poena
1875 3144 1911 3206 8
1966 3162 2341 3227 grossorum
2377 3163 2731 3256 novorum,
2783 3142 3031 3208 tociens
3085 3141 3207 3208 sol·

364 3238 739 3323 vendorum,
799 3243 1104 3328 quociens
1145 3240 1523 3328 neglexerit,
1583 3241 1770 3305 iuxta
1809 3239 2086 3305 formam
2145 3241 2669 3328 praemissorum.
2752 3241 2843 3306 Et
2896 3241 2983 3308 ad
3034 3241 3210 3307 idem

369 3337 685 3405 tenebitur
723 3338 1128 3406 baccalarius
1172 3340 1255 3406 de
1310 3342 1518 3428 primo
1573 3362 1743 3406 anno
1796 3363 1923 3425 quo
1967 3338 2053 3404 ad
2105 3338 2584 3427 disputaciones
2628 3341 3206 3408 extraordinarias.

371 3437 544 3520 Quas
588 3461 831 3526 poenas
875 3439 1156 3506 decanus
1197 3463 1318 3527 pro
1361 3449 1657 3528 tempore
1696 3440 1982 3505 existens
2027 3438 2304 3507 fideliter
2347 3439 2669 3506 tenebitur
2709 3451 3111 3528 extorquere.
3221 3447 3287 3506 25

375 3611 462 3670 15.
501 3623 596 3670 nn
637 3623 1078 3673 vlser’rloim
1118 3623 1652 3672 mernmnoms
1707 3622 2133 3673 onnmsnms
2174 3625 2311 3672 PER
2352 3624 2756 3673 s‘runnwrns
2798 3623 3206 3673 Pnouovnm

1609 3721 1994 3772 vehemus.

523 3821 684 3886 Item
727 3822 954 3888 eodem
1008 3823 1112 3888 die
1168 3825 1236 3889 in
1293 3821 1522 3888 eadem
1580 3823 2093 3907 congregacione
2150 3820 2523 3886 conclusum
2573 3821 2697 3886 fuit
2750 3831 2817 3886 et
2872 3828 3203 3904 statutum,

375 3919 533 4008 quod
586 3920 911 4009 simplices
967 3920 1327 4006 studentes,
1391 3921 1476 3987 ad
1535 3920 1812 4012 gradum
1866 3918 2346 3986 baccalariatus
2403 3923 2474 3985 in
2526 3919 2774 3986 artibus
2833 3921 3206 4009 promoveri

375 4020 665 4103 volentes,
718 4030 867 4086 ante
909 4019 1193 4086 medium
1247 4043 1488 4088 annum
1543 4045 1697 4087 suae
1754 4021 2191 4109 promocionis
2232 4019 2577 4106 diligenter
2614 4021 2882 4086 visitare
2924 4019 3289 4086 debeant³0

378 4119 827 4208 disputationes
873 4119 1257 4203 ordinarias,
1319 4122 1414 4186 sic
1458 4120 1636 4210 quod
1685 4120 1901 4186 nullus
1943 4120 2236 4206 negligat
2284 4129 2420 4185 tres
2464 4119 2764 4185 continuo
2808 4142 2878 4185 se
2931 4141 3200 4206 sequen-

377 4229 480 4289 tes.
557 4219 644 4284 Et
690 4218 973 4285 decanus
1029 4242 1148 4306 pro
1191 4231 1484 4308 tempore
1537 4221 1825 4286 existens
1870 4220 2198 4287 tenebitur
2249 4218 2334 4285 ab
2386 4218 2841 4286 examinandis
2892 4229 3042 4284 ante
3083 4219 3199 4283 ini·

380 4319 531 4384 cium
570 4319 888 4384 examinis
929 4320 1255 4406 inquirere
1298 4319 1630 4405 sigillatim
1673 4329 1735 4385 et
1785 4342 1826 4385 a
1871 4319 2158 4408 quolibet
2200 4319 2481 4402 divisim,
2537 4341 2621 4385 an
2675 4316 2834 4385 illud
2887 4328 3200 4386 statutum

378 4419 741 4507 impleverit,
799 4427 863 4483 et
903 4417 990 4483 ad
1044 4420 1522 4505 promocionem
1575 4420 1868 4503 istorum,
1925 4420 2037 4507 qui
2088 4421 2277 4485 iuxta
2336 4429 2644 4484 statutum
2699 4418 2987 4502 fecerint,
3042 4441 3202 4507 prae

380 4517 506 4584 aliis
555 4517 888 4583 intendere
936 4517 1198 4583 realiter
1258 4540 1403 4582 cum
1461 4517 1710 4583 effectu.
1789 4517 1971 4583 Idem
2028 4519 2407 4606 intelligitur
2463 4519 2545 4586 de
2600 4469 3061 4608 promovendis
3117 4517 3204 4584 ad
3217 4529 3283 4586 ³5

379 4617 814 4705 magisterium.

449 4775 526 4836 16.
563 4784 910 4846 QUO-‘rmus
954 4785 1353 4836 Tmmrun
1392 4775 1912 4834 Pnouovnmms
1957 4785 2335 4836 ounmanm
2380 4788 2471 4835 Εἰ·
2512 4787 3131 4838 nx'rmonnmuzm

1540 4883 2019 4934 nuspounnnn.

519 4981 676 5048 Item
720 4981 828 5048 die
867 4992 930 5048 et
969 4982 1132 5066 loco,
1177 4991 1252 5048 ut
1291 5005 1514 5071 supra,
1567 4958 1941 5050 conclusum
1980 4983 2103 5049 fuit
2143 4991 2209 5048 et
2252 4992 2580 5068 statutum,
2634 4985 2811 5072 quod
2867 4987 3196 5076 simplices

387 5081 702 5166 studentes,
746 5079 834 5147 ad
877 5081 1153 5170 gradum
1195 5081 1671 5149 baccalariatus
1710 5085 1781 5148 in
1822 5082 2073 5148 artibus
2116 5087 2486 5172 promoveri
2528 5086 2837 5170 volentes,
2890 5089 2959 5152 in
3000 5097 3195 5153 antea
3212 5095 3280 5153 40

389 5184 564 5249 sexies
607 5180 888 5248 debeant
924 5181 1322 5269 respondere
1367 5173 1695 5250 ordinarie
1733 5193 1798 5249 et
1835 5181 2104 5249 totidem
2148 5183 2687 5250 extraordinarie.
