4038 6358
1141 609 1311 661 Dritte
1347 608 1872 671 statutum-ednotion,
1905 624 2017 664 von
2057 609 2180 666 1471
2195 606 2432 664 b-1490
3105 604 3226 675 393

346 794 460 858 15.
534 810 641 859 DE
695 809 1121 860 nummus
1172 811 1264 859 ΕΤ
1325 810 1526 860 Locls
1567 811 1809 861 nomm
1848 815 1941 862 m*
1988 812 2638 865 convocs‘rlolmms
2679 808 3107 862 FAGULTAns
3145 808 3237 858 ΕΤ

1396 912 1705 963 ΡΒΔΝΒΙΟ
1745 914 2222 965 ARISTOTELIS.

548 1010 719 1075 Item
763 1010 833 1074 in
871 1009 1104 1097 hyeme
1142 1010 1304 1076 fiant
1341 1011 1468 1078 duo
1505 1015 1840 1097 examina,
1897 1038 2094 1080 unum
2133 1013 2724 1102 magistrandorum
2759 1021 3046 1100 tempore
3087 1032 3236 1076 con·

351 1117 573 1174 sueto
594 1158 616 1192 ,
665 1107 1015 1175 secundum
1057 1110 1705 1178 baccalariandorum
1746 1116 1814 1179 in
1855 1115 2123 1197 ieiuni03
2176 1117 2246 1179 in
2288 1122 2533 1180 aestate
2577 1112 2870 1179 similiter
2909 1111 3070 1177 fiant
3109 1109 3239 1175 duo

348 1209 702 1275 examina
728 1206 1397 1294 baccalariandorum,
1440 1214 1722 1300 primum
1747 1215 1922 1279 circa
1956 1213 2190 1280 festum
2213 1211 2643 1295 Pentecostes,
2686 1211 3037 1277 secundum
3059 1210 3236 1275 circa
3286 1215 3322 1272 5

353 1307 637 1374 festum
691 1318 956 1375 sanctae
1012 1311 1242 1376 crucis.
1328 1310 1416 1376 Et
1465 1314 1769 1378 examina
1822 1313 2410 1400 promovendorum
2459 1315 2528 1378 in
2580 1311 2830 1378 artibus
2892 1318 2956 1376 et
3006 1330 3239 1374 convo-

351 1408 686 1473 cationes
743 1408 1070 1474 facultatis
1134 1412 1385 1476 arcium
1459 1422 1523 1477 et
1584 1413 1936 1499 prandium
1999 1412 2548 1479 licenciandorum
2620 1412 2782 1477 fiant
2838 1412 2907 1475 in
2968 1407 3238 1494 collegio

347 1508 621 1573 maiori
663 1509 733 1573 in
776 1507 969 1574 stuba
1015 1509 1343 1575 facultatis
1361 1560 1378 1594 ,
1438 1522 1502 1576 et
1562 1534 1683 1598 pro
1732 1514 1859 1579 isto
1903 1512 2244 1599 collegium
2287 1514 2496 1578 maius
2539 1512 2620 1577 de
2661 1507 2947 1599 quolibet
2987 1529 3238 1597 promo·

357 1606 759 1673 vendorum
803 1609 872 1672 in
915 1607 1164 1674 artibus
1212 1609 1478 1676 habebit
1517 1610 1680 1676 duos
1722 1635 1985 1697 grossos
2024 1636 2264 1696 novos3
2319 1622 2382 1678 et
2433 1614 2593 1677 istos
2646 1632 2910 1697 grossos
2956 1608 3239 1673 decanus

354 1728 405 1770 a
454 1707 937 1794 promovendis
981 1706 1178 1774 habet
1218 1708 1523 1797 colligere
1563 1718 1628 1775 et
1669 1713 2004 1798 magistris
2052 1710 2307 1798 collegii
2349 1712 2613 1777 maioris
2654 1718 3087 1798 praesentare.
3260 1715 3323 1772 10

770 1878 861 1940 16.
904 1893 998 1941 ΒΕ
1039 1893 1393 1943 MAGISTRO
1431 1896 1774 1945 ALTERHJS
1820 1896 2344 1945 UNIVERSITATIS
2387 1878 2867 1944 ASSUMENDO.¹

551 1992 720 2057 Item
784 1989 865 2056 de
944 2001 1157 2058 cetero
1220 1992 1432 2060 nullus
1508 1995 1821 2080 magister
1885 1995 2154 2061 alterius
2216 1996 2658 2060 universitatis
2720 2001 3090 2059 assumatur
3153 1990 3240 2056 ad

356 2090 765 2157 facultatem
818 2092 1064 2156 arcium
1077 2136 1122 2174 ,-
1161 2093 1293 2158 nisi
1350 2093 1641 2159 docuerit
1692 2097 2160 2182 promotionem
2204 2118 2386 2161 suam
2427 2095 2661 2160 litteris
2705 2092 3043 2159 autenticis
3086 2113 3240 2157 suae

362 2191 839 2256 universitatis
862 2190 967 2255 vel
1009 2190 1361 2275 facultatis,
1402 2192 1507 2258 vel
1548 2192 1709 2258 duos
1749 2197 2097 2280 magistros
2122 2193 2381 2277 habeat,
2423 2196 2533 2280 qui
2575 2215 2696 2282 pro
2723 2214 2799 2258 eo
2824 2189 3239 2273 fideiubeant,

360 2300 445 2354 ut
476 2290 652 2355 tales
694 2289 916 2355 literas
947 2290 1117 2356 infra
1156 2290 1441 2357 medium
1483 2315 1720 2358 annum
1765 2293 1884 2359 sub
1922 2316 2133 2381 poena
2176 2295 2445 2381 periurii
2484 2293 2589 2358 vel
2634 2291 3025 2357 exclusionis
3076 2292 3323 2355 eius-15

366 2387 540 2455 dem
598 2389 973 2455 assumendi
1029 2401 1361 2478 apportet,
1431 2391 1531 2456 vel
1589 2414 1707 2479 per
1764 2416 1948 2458 suum
1998 2395 2336 2481 proprium
2399 2394 2856 2473 iuramentum,
2917 2391 2975 2455 si
3014 2390 3239 2455 literas

368 2490 754 2555 autenticas
815 2499 1260 2577 competentur
1319 2489 1562 2555 habere
1615 2515 1745 2556 non
1801 2492 2072 2579 poterit,
2139 2500 2203 2556 et
2243 2491 2407 2557 duas
2452 2489 2690 2556 habeat
2731 2512 3044 2576 personas
3083 2487 3236 2554 fide-

370 2588 647 2674 dignas,
694 2610 857 2678 quae
901 2588 1019 2654 sub
1064 2591 1198 2654 suis
1238 2591 1617 2655 iuramentis
1662 2590 1899 2674 dicant,
1946 2590 2144 2657 talem
2188 2592 2282 2656 sic
2305 2588 2762 2657 assumendum
2797 2592 2865 2654 in
2887 2587 3004 2653 tali
3025 2588 3239 2675 gradu

372 2709 536 2753 esse
577 2698 959 2775 promotum.

855 2860 951 2922 17.
994 2872 1190 2934 quon
1232 2874 1508 2922 mnus
1550 2874 1783 2922 ΒΕΒΕΤ
1825 2874 1904 2922 ΒΕ
1947 2874 2277 2922 mvrrAnE
2320 2875 2413 2923 An
2455 2874 2783 2935 amquam,
3254 2863 3322 2920 20

556 2971 718 3037 Item
776 2970 990 3037 nullus
1047 2975 1510 3059 magistrorum
1554 2971 1867 3060 aliquem,
1936 2975 2275 3060 potissime
2331 2972 2669 3057 inabilem,
2741 2996 2856 3061 spe
2916 2971 3081 3038 lucri
3135 2970 3239 3037 vel

374 3071 637 3136 favoris
679 3070 783 3136 vel
829 3070 1100 3139 alicuius
1146 3071 1404 3137 comodi
1443 3072 1818 3159 temporalis
1865 3073 1949 3138 ad
1989 3072 2363 3138 intrandum
2398 3096 2673 3138 examen
2704 3073 2807 3138 vel
2845 3081 3239 3159 temptamen

379 3171 459 3236 in
518 3170 771 3236 artibus
829 3182 895 3236 et
952 3171 1126 3259 quod
1188 3171 1307 3237 sub
1365 3195 1441 3238 eo
1502 3171 1883 3238 determinet
1940 3172 2044 3238 vel
2084 3173 2382 3260 incipiet,
2451 3172 2538 3239 ad
2579 3171 2923 3239 iurandum
2967 3171 3070 3237 vel
3109 3170 3238 3236 fide

379 3270 777 3357 interposita
819 3270 985 3337 alias
1028 3271 1536 3358 promittendum
1580 3268 1642 3359 [9
1655 3271 1711 3361 α]
1756 3296 1876 3360 per
1916 3296 1986 3338 se
2006 3271 2113 3338 vel
2157 3296 2275 3360 per
2299 3272 2514 3355 alium,
2538 3272 2784 3339 directe
2802 3272 2907 3338 vel
2924 3272 3238 3338 indirecte

379 3369 687 3453 inducat,
734 3369 852 3435 sub
892 3392 1106 3458 poena
1152 3373 1593 3458 suspensionis
1634 3372 1718 3437 ab
1762 3372 2016 3437 actibus
2071 3371 2428 3436 scolasticis
2440 3420 2459 3454 ,
2521 3373 2578 3436 si
2618 3371 2700 3437 de
2742 3371 2862 3437 hoc
2905 3373 3321 3438 convictus25

383 3470 495 3535 vel
542 3470 874 3535 confessus
916 3471 1113 3536 fuerit
1154 3470 1260 3535 vel
1305 3470 1467 3536 alias
1507 3473 1885 3554 constiterit,
1928 3470 2016 3535 ad
2058 3495 2256 3536 unum
2295 3494 2556 3537 annum.

850 3642 946 3706 18.
989 3653 1111 3714 Qm
1151 3653 1434 3702 nesam·
1475 3653 1640 3702 Essa
1682 3654 2089 3704 Pfflrrcmas
2130 3654 2780 3704 EMOLUMENTOBUM.

553 3754 718 3819 Item
758 3751 1040 3840 placuit,
1096 3752 1271 3841 quod
1313 3751 1582 3838 quilibet
1617 3755 2106 3840 magistrorum,
2158 3752 2381 3819 volens
2422 3752 2702 3840 aliquem
2743 3775 3129 3840 promovere
3168 3757 3236 3820 in

385 3851 642 3919 artibus
683 3861 795 3918 aut
839 3875 980 3918 esse
1030 3854 1362 3940 particeps
1424 3853 2026 3936 emolumentorum,
2099 3854 2182 3917 sit
2243 3862 2393 3917 actu
2455 3874 2719 3938 regens3
2781 3853 3008 3940 regula
3065 3857 3236 3921 enim

385 3951 752 4040 apostolica
792 3953 887 4016 sic
930 3940 1348 4036 determinat,
1390 3953 1566 4040 quod
1608 3975 1737 4018 non
1777 3951 2088 4019 laborans
2130 3975 2262 4017 non
2300 3950 2494 4017 debet
2533 3951 2946 4035 manducare,
2990 3953 3234 4019 valetu-
3251 3964 3320 4020 30

388 4051 663 4117 dinariis
708 4061 772 4116 et
812 4052 1086 4118 infirmis
1132 4050 1449 4117 duntaxat
1495 4054 1801 4140 exceptis.
1888 4053 2115 4140 Neque
2157 4053 2441 4118 iuniores
2484 4053 2784 4137 magistri
2827 4054 3045 4117 statim
3088 4063 3240 4140 post

387 4174 613 4216 eorum
651 4153 1150 4238 promotionem,
1216 4161 1563 4236 antequam
1606 4153 1848 4217 fuerint
1891 4165 2041 4217 actu
2082 4161 2416 4238 regentes,
2479 4148 2716 4216 debent
2755 4150 2997 4218 habere
3036 4152 3236 4219 facul-

386 4260 589 4317 tatem
633 4249 882 4337 aliquos
920 4249 1379 4339 promovendi,
1422 4250 1539 4315 sed
1580 4273 1651 4316 se
1691 4252 1874 4338 prius
1919 4274 2039 4339 pro
2073 4260 2233 4317 ‘actu
2275 4251 2584 4337 regencia
2624 4249 2711 4316 ad
2750 4251 2876 4316 hoc
2919 4252 3236 4319 abilitare.

588 4583 593 4590 .
636 4537 949 4597 Hier-nach
983 4540 1091 4598 hat
1125 4538 1370 4598 dieselbe
1390 4539 1599 4610 Hand,
1633 4537 1727 4597 die
1761 4539 1941 4597 sehon
1971 4539 2115 4597 oben
2136 4531 2256 4621 [Bl.
2280 4532 2381 4622 7¹³]
2407 4538 2500 4597 ein
2528 4542 2837 4600 statutum
2860 4536 3236 4601 innovatum

466 4638 669 4697 himin
721 4657 794 4696 zu
848 4637 1185 4714 corrigit-en
1233 4640 1510 4698 ver-sucht
1552 4639 1734 4711 hatte,
1783 4638 1910 4697 eine
1952 4639 2137 4698 Reme
2178 4639 2731 4697 Zusatzbeschlilsse
2773 4640 3230 4716 nachyetraqen.
3249 4644 3315 4700 35

474 4739 561 4796 Es
604 4756 756 4811 war,
797 4736 906 4795 wie
948 4738 1103 4796 auch
1145 4738 1451 4797 weiterhin
1494 4739 1642 4797 noch
1684 4740 2028 4812 mehr-mals,
2072 4738 2167 4797 ein
2202 4741 2520 4815 grosserer
2562 4740 2762 4816 Reum
2784 4738 2923 4812 sret'
2959 4740 3236 4814 gelassen

471 4858 581 4896 zur
602 4836 942 4911 Ausnalzme
982 4832 1099 4894 von
1141 4838 1443 4896 Zusc‘itzen
1472 4840 1598 4895 und
1635 4839 2087 4915 Aenderunyen.
2142 4839 2259 4897 Die
2285 4838 2482 4896 Hand
2522 4837 2599 4894 ist
2638 4838 3127 4908 unverkennbar;
3169 4858 3230 4896 es

474 4937 555 4996 ist
596 4934 690 4995 die
733 4937 838 4993 des
873 4935 1114 4994 Martia
1134 4937 1454 4996 Fur-mann
1499 4939 1573 4995 de
1598 4935 1834 5008 Konitz,
1873 4937 1916 4994 d
1930 4955 2010 4993 er
2058 4938 2299 5002 148312
2345 4938 2612 4996 Decan
2655 4956 2831 4996 war.
2882 4937 3007 5013 1⁷91.
3053 4946 3233 4996 umen

473 5039 643 5096 Anm.
687 5055 763 5094 zu
802 5035 1028 5094 Zusatz
1071 5037 1109 5097 6
1137 5041 1235 5114 sy.
1323 5037 1439 5096 Die
1480 5036 1610 5096 hier
1663 5036 2122 5112 einyetrayenen
2160 5037 2511 5095 Beschliisse
2564 5037 2828 5113 yekb'ren
2865 5038 3232 5097 unverkmn·

474 5138 586 5196 bar
646 5154 982 5194 zusammen
1044 5136 1149 5195 mit
1214 5139 1327 5196 den
1390 5145 1572 5195 umen
1634 5137 1730 5198 ΒΖ.
1794 5136 1914 5195 22²
1953 5140 2054 5211 sy.
2109 5155 2223 5192 von
2285 5138 2606 5195 demselben
2670 5135 3316 5212 eingesckriebenenAO

558 5304 581 5353 l
618 5296 730 5353 Am
768 5298 991 5353 Raude:
1023 5297 1182 5353 Illud
1209 5304 1467 5353 stamma
1495 5296 1827 5352 declinatum
1862 5305 1940 5351 est
1972 5297 2036 5351 in
2067 5296 2405 5367 sequentibus
2437 5294 2533 5351 fol.
2571 5301 2633 5353 19
2670 5294 2740 5366 (d.
2780 5295 2816 5352 i.
2854 5298 2957 5364 21).
