4038 6358
1376 553 1478 607 Die
1515 552 1753 606 Statuteu
1798 555 1903 607 vo'n
1949 554 2293 609 1497-1537.
3131 547 3247 613 251

358 755 641 824 supra.
672 775 749 786 —-
795 735 923 806 Sed
966 737 1323 803 novissima
1364 737 1736 826 inscriptio¹
1776 739 1955 806 facta
1995 748 2094 804 est
2134 740 2203 804 in
2250 737 2357 803 die
2413 758 2801 824 parasceues
2844 741 2922 816 (d.
2966 739 3022 803 9.
3061 730 3270 817 April)

358 831 584 901 hora
621 837 834 923 prima
877 837 1343 925 pomeridiana,
1389 861 1558 904 anno
1604 849 1721 904 etc.
1768 845 1944 906 1512.

585 936 823 1002 Manus
864 937 1148 1003 doctoris
1190 937 1418 1025 Magni
1459 937 1689 1005 Hundt
1730 937 2334 1026 Parthenopolitani
2389 939 2551 1018 (yeht
2591 946 2714 1016 aas
2742 941 2859 1000 No.
2907 941 2982 1003 13
3026 959 3081 999 u.
3133 936 3256 1016 14).

590 1109 686 1170 15.
735 1100 857 1188 [Bl.
899 1108 978 1171 32
997 1101 1045 1192 ⁸]
1111 1102 1302 1170 Anno
1357 1103 1600 1171 domini
1661 1104 2001 1170 millesimo
2061 1083 2573 1191 quingentesimo
2629 1110 2857 1167 octavo
2909 1102 2977 1167 in
3032 1099 3259 1188 vigilia

371 1204 639 1267 sancti
678 1201 1015 1268 Laurentii
1058 1208 1248 1285 (1508
1291 1210 1347 1267 d.
1390 1209 1450 1270 9.
1489 1204 1746 1286 Auyust)
1792 1203 1952 1270 obiit
1991 1201 2372 1289 magnificus
2415 1202 2710 1268 dominus
2752 1200 3259 1266 Hermannus
3310 1206 3343 1263 5

372 1298 636 1388 Keys
652 1324 739 1367 er
780 1302 874 1368 de
916 1301 1324 1389 Stolberg,
1381 1305 1620 1368 artium
1662 1305 1993 1390 magister,
2047 1324 2274 1367 sacrae
2333 1300 2695 1388 theologiae
2735 1300 3080 1387 professor,
3133 1297 3260 1364 col-

367 1398 570 1487 legii
630 1400 821 1466 huius
875 1401 1281 1488 collegiatae,
1346 1402 1634 1490 sepultus
1689 1405 1759 1468 in
1813 1402 2149 1468 Tridento.
2233 1400 2434 1467 Cuius
2475 1401 2963 1482 testamentarii,
3015 1398 3259 1465 Paulus

376 1498 697 1565 Schiller
739 1500 821 1565 de
856 1500 1121 1583 Plauen,
1180 1503 1418 1567 artium
1469 1501 1837 1568 liberalium
1877 1525 1956 1567 ac
1995 1523 2225 1566 sacrae
2267 1503 2546 1587 paginae
2579 1491 2939 1587 professor,
3000 1498 3257 1586 collegii

376 1600 685 1664 maioris
729 1599 1127 1686 collegiatus,
1183 1610 1245 1666 et
1288 1601 1603 1666 Melchior
1646 1601 2003 1689 Marquart,
2047 1600 2233 1665 huius
2279 1599 2502 1687 oppidi
2552 1597 2930 1680 consularia,
2986 1579 3266 1684 collegio⁴

372 1709 645 1764 nostro
694 1721 814 1786 pro
879 1711 1195 1787 perpetua
1243 1701 1573 1782 memoria,
1631 1701 1902 1787 singulis
1958 1701 2147 1765 annis
2205 1702 2380 1766 cirea
2434 1699 2605 1768 diem
2660 1697 2872 1764 obitus
2936 1696 3254 1784 praedicti
3278 1706 3342 1762 10

374 1793 694 1861 doctoris
724 1797 1085 1864 Hermanni
1129 1797 1473 1881 servanda,
1518 1800 1992 1887 quinquaginta
2014 1800 2291 1866 florenos
2334 1820 2683 1885 reynenses
2722 1797 2789 1861 in
2833 1797 3109 1883 pecunia
3152 1795 3259 1861 de·

378 1893 652 1962 derunt
705 1906 768 1962 et
810 1918 954 1962 cum
998 1898 1227 1964 effectu
1272 1909 1791 1982 numeraverunt,
1847 1902 1941 1965 ita
1996 1913 2071 1964 ut
2123 1899 2491 1964 huiusmodi
2548 1899 2862 1962 memoria
2916 1894 3001 1960 ad
3049 1897 3257 1961 instar

378 1993 686 2059 aliarum
740 2018 857 2082 per
901 1996 1196 2063 dominos
1249 1996 1623 2083 collegiatos
1667 1999 1858 2063 huius
1904 1998 2165 2085 collegii
2206 2008 2453 2064 tantum
2499 1997 2901 2062 observetur.
2985 1994 3091 2060 De
3131 2017 3260 2082 qua

380 2116 633 2159 eorum
673 2098 1114 2161 conscienciae
1156 2095 1498 2162 voluerunt
1537 2096 1777 2163 habere
1819 2107 2137 2163 oneratae.
2194 2097 2367 2162 Acta
2411 2106 2557 2161 sunt
2597 2096 2759 2162 haec
2798 2116 2967 2160 anno
3012 2094 3258 2159 domini

390 2198 569 2259 1513
613 2195 682 2258 in
724 2194 950 2280 vigilia
992 2197 1200 2260 sancti
1241 2194 1515 2262 Osualdi
1555 2199 1624 2262 in
1665 2198 2038 2284 praesentia
2080 2198 2365 2263 omnium
2409 2194 2913 2280 collegiatorum.
3276 2204 3337 2257 15

578 2298 673 2361 16.
731 2293 921 2360 Anno
978 2297 1241 2379 graciae
1296 2295 1636 2362 millesimo
1694 2298 2207 2383 quingentesimo
2248 2294 2650 2375 duodecimo,
2705 2294 2899 2358 tertia
2942 2292 3047 2358 die
3090 2293 3248 2381 Sep-

384 2390 677 2457 tembris
729 2399 921 2472 (1512
970 2401 1024 2458 d.
1077 2401 1131 2463 3.
1175 2398 1560 2479 September),
1617 2418 1782 2484 quae
1835 2407 1976 2460 erat
2018 2407 2206 2460 sexta
2249 2405 2399 2482 post
2439 2391 2721 2478 Aegidii,
2781 2391 2945 2457 obiit
2998 2404 3243 2480 specta-

386 2491 555 2556 bilis
598 2494 724 2574 vir,
781 2492 1079 2558 dominus
1121 2493 1656 2560 Leonhardns
1698 2493 2249 2580 Meysebergk
2302 2493 2831 2580 Liptzensis,
2891 2493 3124 2557 artium
3173 2515 3255 2558 ac

391 2592 567 2655 iuris
598 2591 917 2679 pontificii
944 2591 1190 2674 doctor,
1223 2593 1534 2659 ecclesiae
1560 2593 2073 2678 Numburgensis
2104 2594 2468 2676 canonicus,
2504 2592 2694 2657 huius
2725 2590 2982 2677 collegii
3016 2592 3250 2674 senior,

390 2691 516 2775 qui
575 2690 1012 2777 quadraginta
1065 2713 1183 2756 sex
1239 2694 1425 2758 annis
1481 2694 1603 2758 fuit
1658 2692 2056 2778 collegiatae,
2114 2715 2193 2758 ac
2246 2695 2313 2758 in
2365 2701 2747 2757 testamento
2806 2713 2923 2756 suo
2980 2690 3249 2778 collegio
3269 2701 3337 2757 20

388 2800 628 2855 nostro
696 2789 941 2876 legavit
1002 2790 1227 2855 literas
1285 2794 1764 2880 reempcionum
1823 2795 2107 2880 quinque
2173 2793 2566 2859 florenorum
2624 2790 3036 2877 reynensium
3050 2839 3069 2872 ,
3133 2813 3252 2877 pro

389 2900 663 2955 centum
721 2890 979 2955 florenis
1041 2892 1184 2954 auri
1247 2894 1586 2976 reynensis
1637 2892 1810 2980 apud
1865 2891 2266 2958 consulatum
2323 2891 2513 2957 huius
2578 2889 2805 2977 oppidi
2871 2899 3252 2976 emptorum,

393 3012 573 3077 quae
616 2988 886 3074 collegio
929 3012 1046 3075 per
1090 3011 1241 3054 suos
1284 2994 1799 3057 testamentarios
1843 3001 1992 3057 sunt
2033 2999 2502 3078 praesentatae,
2556 2989 2637 3054 de
2677 2988 2912 3076 quibus
2957 2988 3083 3054 sibi
3140 3011 3251 3054 an·

392 3107 603 3154 nuam
658 3090 1037 3153 memoriam
1091 3100 1406 3176 perpetuo
1463 3091 1640 3156 circa
1698 3092 1869 3156 diem
1928 3091 2140 3156 obitus
2196 3093 2296 3156 sui
2351 3092 2419 3155 in
2477 3088 2753 3154 ecclesia
2808 3086 2943 3152 divi
2999 3087 3252 3153 Nicolai

390 3211 523 3275 per
566 3211 790 3253 omnes
834 3189 1208 3274 collegiatos
1250 3188 1439 3255 huius
1484 3191 1924 3257 universitatis
1971 3188 2140 3278 [321³]
2185 3192 2272 3257 ad
2324 3192 2531 3255 instar
2584 3190 2858 3254 aliarum
2911 3190 3246 3253 memoria·
3265 3195 3330 3252 25

388 3311 549 3353 rum
590 3289 871 3352 instituit
911 3286 1406 3371 observandam,
1464 3289 1550 3354 ad
1590 3289 1849 3355 laudem
1892 3289 2018 3370 dei,
2060 3290 2287 3355 Amen.
2367 3291 2645 3376 Insuper
2689 3288 2978 3374 phialam
3019 3309 3250 3373 argen·
3338 3374 3344 3379 ,

393 3396 575 3453 team
618 3386 914 3453 similiter
957 3386 1229 3473 collegio
1244 3442 1257 3451 .
1271 3386 1539 3473 legavit.

576 3493 672 3554 17.
726 3488 918 3552 Anno
963 3485 1209 3551 domini
1251 3493 1405 3554 1529
1446 3490 1592 3575 ipso
1639 3488 1744 3554 die
1789 3497 2158 3553 sanctorum
2210 3497 2570 3574 martyrum
2613 3486 2892 3552 Fabiani
2941 3495 3005 3550 et
3047 3484 3246 3551 Seba-

392 3589 618 3669 stiani,
661 3608 827 3673 quae
849 3597 1005 3652 erat·
1029 3592 1108 3653 20
1128 3585 1417 3651 Ianuarii
1462 3592 1654 3662 (1529
1695 3593 1750 3651 d.
1784 3595 1878 3655 20.
1903 3592 2205 3669 Januar),
2250 3587 2413 3653 obiit
2451 3589 2750 3673 egregius
2785 3587 2908 3667 vir,
2953 3584 3245 3651 dominus

394 3686 856 3773 Gregorius
910 3685 1454 3773 Bredekoppe
1508 3709 1604 3751 ex
1647 3687 1994 3769 Konitz,
2050 3687 2270 3771 quiin
2312 3695 2695 3751 testamento
2740 3706 2855 3750 suo
2896 3684 3143 3771 legavit
3182 3694 3331 3750 et30

392 3785 675 3855 donavit
714 3784 865 3852 huic
907 3784 1195 3871 collegio,
1249 3787 1429 3850 cuius
1474 3784 1722 3872 collega
1773 3785 1894 3850 fuit
1935 3795 2000 3850 et
2041 3785 2401 3851 membrum
2445 3784 2882 3867 memorabile,
2936 3785 3246 3871 quinqua-

394 3886 590 3970 ginta
630 3885 909 3949 florenos
951 3906 1257 3949 renenses
1303 3906 1423 3971 pro
1465 3907 1678 3950 annua
1700 3886 1839 3949 eius
1881 3887 2212 3968 memoria,
2256 3906 2374 3971 per
2414 3886 2648 3950 fratres
2675 3883 2962 3951 eiusdem
2994 3884 3247 3971 collegii

392 3983 799 4049 instituenda
855 3994 917 4049 et
972 3982 1403 4065 observanda,
1462 3986 1530 4048 in
1590 3986 1690 4049 sui
1731 3985 1943 4051 obitus
1999 3983 2108 4049 die
2165 3983 2471 4049 similium
2529 3985 2986 4049 memoriarum
3041 3986 3248 4050 instar

390 4082 780 4170 peragenda
830 4084 900 4147 in
952 4081 1112 4148 aede
1167 4082 1301 4148 divi
1344 4083 1619 4149 Nicolai.
1695 4084 1875 4165 Quos
1931 4085 2401 4171 quinquaginta
2441 4083 2722 4149 florenos
2763 4094 3139 4149 executores
3183 4092 3250 4147 et

389 4184 872 4248 testamentarii
915 4184 1071 4263 eius,
1117 4180 1438 4268 Georgius
1467 4184 1822 4249 Dottanius
1849 4183 2359 4270 Meyningensis,
2401 4186 2647 4247 arcium
2692 4193 2758 4248 et
2795 4205 3021 4248 sacrae
3063 4183 3236 4249 theo·
3259 4192 3325 4248 35

388 4282 613 4368 logiae
670 4280 998 4368 professor
1053 4291 1118 4346 et
1166 4280 1358 4347 huius
1410 4281 1665 4369 collegii
1722 4282 2003 4369 collega,
2078 4293 2141 4348 et
2191 4282 2489 4347 dominus
2543 4281 2815 4347 Iacobus
2867 4282 3105 4370 Hoppe
3159 4306 3242 4349 ex

388 4381 656 4463 Konitz,
713 4380 1024 4446 ecclesiae
1065 4379 1624 4466 Merseburgensis
1667 4383 1969 4461 vicarius,
2026 4382 2198 4447 dicto
2252 4380 2524 4467 collegio
2570 4379 2988 4446 effectualiter
3026 4403 3241 4446 nume-

390 4491 707 4545 raverunt
745 4491 810 4545 et
853 4480 1114 4545 realiter
1155 4479 1483 4545 solverunt
1524 4482 1593 4544 in
1641 4480 1815 4545 bona
1866 4490 2128 4546 moneta
2181 4482 2425 4567 grossis
2478 4482 2750 4567 integris
2787 4479 3242 4547 Misnensibus.

394 4578 761 4665 Collegium
812 4580 1162 4666 assumpsit
1211 4589 1275 4644 et
1336 4580 1682 4645 secundum
1737 4578 2031 4644 ultimam
2091 4581 2421 4646 testatoris
2477 4579 2872 4645 voluntatem
2923 4579 3243 4666 disposuit

390 4678 766 4766 locavitque
811 4688 1148 4765 acceptam
1189 4668 1531 4765 pecuniam
1575 4702 1693 4765 pro
1736 4680 1968 4743 annuis
2009 4679 2374 4745 redditibus
2417 4680 2843 4766 reempcionis
2883 4676 3067 4742 titulo
3109 4682 3239 4743 cui-
3257 4690 3324 4747 40

387 4778 549 4843 dam
608 4778 737 4842 civi
793 4776 965 4843 lanio
1017 4775 1205 4842 Hans
1246 4777 1424 4865 Voyt
1475 4800 1670 4865 super
1723 4776 1908 4843 horto
1961 4776 2329 4865 hipotecato
2375 4802 2521 4843 cum
2573 4778 2764 4842 domo
2820 4778 3239 4862 conducticia,

386 4887 591 4967 prout
631 4879 702 4942 in
758 4876 962 4942 literis
1022 4874 1193 4941 datis
1253 4878 1632 4960 continetur,
1692 4877 1806 4965 qui
1858 4876 2129 4963 singulis
2183 4879 2370 4942 annis
2421 4876 2760 4941 literarum
2816 4877 3242 4963 promissione

382 5226 426 5282 b
467 5146 576 5282 ahl
615 5140 849 5197 Bezieht
883 5139 1002 5196 sich
1033 5137 1139 5196 auf
1164 5139 1273 5197 den
1298 5142 1442 5217 Tag‚
1476 5160 1551 5199 an
1588 5142 1845 5199 welchem
1879 5143 2079 5199 Hundt
2115 5141 2264 5198 diese
2296 5139 2679 5198 Actenstiicke
2712 5141 2772 5196 in
2803 5141 2921 5197 dies
2955 5140 3237 5201 Statuten-

424 5244 467 5282 u
572 5227 813 5298 eintrug.
