4038 6358
1126 605 1317 658 Zweite
1351 606 1878 667 satutem-educunt»,
1912 622 2019 660 von
2060 607 2401 662 1436-1465.
3071 603 3192 668 345

1380 829 1476 892 89.
1530 842 1689 892 Vom
1725 841 2171 895 Jahn-0146&

841 992 937 1039 nn
979 991 1343 1041 mms'rms
1387 993 1624 1054 Quom
1668 993 2058 1043 measssuu
2097 993 2191 1041 AD
2233 957 2713 1041 FAcuLTATEM.

514 1120 706 1188 Anno
751 1122 995 1189 domini
1045 1133 1200 1194 1465
1261 1129 1476 1214 prima
1528 1127 1634 1192 die
1684 1130 1922 1193 mensis
1965 1127 2215 1214 Aprilis
2259 1126 2343 1205 (d.
2395 1133 2450 1191 1.
2490 1130 2716 1207 April),
2770 1125 2945 1190 facta
2997 1124 3192 1212 plena

336 1225 827 1296 convocacione
869 1227 1330 1311 magistrorum
1373 1227 1454 1292 de
1497 1227 1766 1292 consilio
1808 1225 2156 1308 facultatis,
2214 1235 2516 1291 statutum
2577 1226 2698 1289 fuit
2754 1247 2872 1311 per
2923 1224 3190 1290 faculta-

340 1332 481 1388 tem
523 1323 936 1389 concorditer
981 1324 1419 1412 subscriptum
1472 1333 1806 1390 statutum:
1877 1325 2053 1406 Quia
2094 1326 2391 1409 magistri
2433 1325 2514 1390 de
2566 1325 2893 1390 facultatis
2946 1325 3191 1389 arcium
3241 1333 3273 1387 5

340 1422 619 1489 consilio
658 1445 781 1510 pro
819 1423 1107 1489 eiusdem
1147 1424 1471 1490 facultatis
1500 1425 1855 1508 commod0,
1899 1425 2141 1490 honore
2170 1447 2247 1488 ac
2289 1426 2681 1490 incremento
2712 1426 2921 1511 magis
2964 1423 3192 1488 attenti

338 1523 736 1607 sollicitique
776 1545 919 1588 esse
960 1522 1220 1608 debent,
1262 1536 1334 1589 ut
1371 1525 1529 1589 nisi²
1570 1526 2017 1611 provecciores
2062 1534 2291 1605 aetate,
2335 1524 2559 1589 mundi
2603 1521 2697 1612 (“?)
2741 1546 2956 1611 opere,
3000 1522 3192 1588 mori-

338 1622 557 1707 gerati
602 1644 682 1687 ac
728 1622 1063 1688 scientifici
1105 1623 1191 1688 ad
1236 1624 1570 1709 dignitatis
1612 1625 1864 1710 apicem
1908 1623 2220 1688 accedant
2260 1620 2515 1706 (horum
2559 1624 2749 1705 enim,
2794 1625 2905 1708 qui
2946 1624 3014 1686 in
3054 1631 3192 1685 tan-

338 1723 435 1787 fis
487 1731 640 1786 sunt
683 1720 1044 1786 collocandi
1101 1721 1547 1808 dignitatibus,
1602 1724 1783 1809 prius
1833 1725 1972 1787 vita
2023 1744 2364 1809 moresque
2418 1722 2800 1807 diligencius
2857 1730 3007 1785 sunt
3065 1720 3191 1784 dis—

345 1818 705 1908 cuciendi),
764 1829 857 1903 et,
911 1820 1065 1886 dum
1109 1821 1190 1886 de
1243 1822 1368 1887 hoc
1407 1831 1688 1902 tractare
1730 1822 1986 1903 debent,
2044 1845 2307 1887 necesse
2350 1832 2466 1905 est,
2526 1844 2762 1907 graves
2821 1822 3193 1907 peritosque
3217 1827 3279 1883 10

347 1923 530 1986 viros
589 1942 813 1986 eorum
869 1920 1138 1988 consilio
1192 1920 1505 1986 adhibere
1560 1924 1944 2009 participes,
1999 1944 2146 1987 cum
2201 1922 2435 2010 quibus
2485 1922 2821 1987 maturiori
2877 1920 3190 1986 delibera·

344 2023 530 2087 cione
584 2018 950 2086 mediante³
1006 2013 1282 2107 pensare
1338 2020 1629 2085 valeant:
1714 2023 1866 2109 quia
1929 2022 2092 2087 haec
2146 2045 2251 2087 res
2306 2021 2575 2108 publica
2628 2021 2823 2086 beata
2876 2030 3193 2103 censetur,

345 2144 542 2208 quam
586 2120 785 2207 periti
825 2121 1186 2207 maturique
1228 2129 1478 2205 regunt,
1520 2131 1584 2184 et
1626 2122 1777 2207 quia
1815 2122 2168 2207 primaevis
2206 2122 2517 2187 Romanis
2560 2119 2815 2206 legibus
2856 2118 3196 2185 multitudo

346 2220 618 2287 dissona
662 2219 921 2285 videtur
964 2217 1446 2304 canonibusque
1498 2220 1782 2301 inimica,
1837 2220 2036 2285 nichil
2093 2221 2344 2287 honesti
2402 2220 2669 2301 habenS,
2714 2242 2931 2305 ymmo
2975 2220 3194 2284 verius

348 2319 733 2401 discordias,
788 2321 1282 2400 controversias,
1340 2317 1798 2403 parcialitates,
1854 2320 2038 2384 rixas
2100 2342 2178 2384 ac
2232 2321 2663 2385 dissensiones
2718 2319 2874 2383 haut
2929 2318 3195 2384 dubium
3219 2329 3278 2383 15

348 2419 695 2484 inducens:
754 2416 1042 2482 volentes
1100 2418 1320 2504 itaque
1360 2416 1575 2482 'dictae
1632 2417 1956 2482 facultatis
2001 2422 2298 2505 magistri
2336 2419 2575 2485 talibus
2632 2417 3057 2483 incommodis
3116 2441 3195 2484 ac

350 2517 657 2605 periculis
707 2515 1130 2604 praecludere
1170 2518 1348 2580 viam
1387 2518 1605 2601 eisque
1645 2516 1931 2600 obviare,
1987 2519 2201 2605 placet
2254 2517 2616 2599 statuendo,
2674 2515 2846 2605 quod
2895 2516 3192 2582 decetero

352 2620 419 2683 in
460 2617 792 2682 facultatis
851 2616 1099 2680 arcium
1142 2615 1408 2681 consilio
1450 2617 1891 2683 tantummodo
1933 2619 2168 2704 viginti
2216 2628 2493 2706 quatuor
2550 2617 2848 2704 magistri
2892 2618 3195 2699 existant,

353 2717 433 2782 de
472 2716 764 2805 qualibet
802 2716 1075 2780 nacione
1116 2736 1254 2797 sex,
1296 2715 1780 2780 remanentibus
1821 2725 2038 2782 tamen
2079 2720 2410 2805 magistris
2452 2740 2626 2782 nunc
2654 2714 2734 2780 de
2761 2714 3030 2779 consilio
3061 2717 3195 2779 exi-

351 2816 670 2882 stentibus
710 2839 915 2903 usque
956 2815 1043 2880 ad
1088 2837 1309 2880 eorum
1365 2818 1894 2881 extenuacionem
1941 2827 2054 2881 aut
2105 2841 2327 2883 eorum
2367 2816 2807 2882 voluntarium
2864 2836 3193 2882 recessum
3212 2825 3280 2881 20

350 2926 460 2981 aut
514 2915 884 2996 decessum3
946 2915 1003 2978 si
1055 2935 1211 2978 vero
1268 2936 1570 2979 successu
1626 2918 1934 3003 temporis
1991 2917 2164 2981 infra
2217 2918 2449 3003 viginti
2518 2924 2795 3003 quatuor
2857 2936 3196 2980 numerum

350 3014 625 3080 diminui
669 3015 1027 3100 contigerit,
1067 3022 1306 3078 extimo
1342 3012 1638 3096 faculam,
1677 3026 2044 3102 respectum
2083 3016 2168 3081 ad
2206 3015 2387 3081 illum
2410 3015 2515 3080 vel
2559 3013 2644 3079 ad
2686 3012 2832 3078 illos
2875 3013 3195 3097 habend0,

353 3116 463 3202 qui
503 3113 816 3196 moribus,
872 3115 1170 3178 scienciis
1226 3135 1305 3177 ac
1361 3111 1693 3179 laboribus
1738 3114 1882 3202 plus
1939 3115 2084 3179 aliis
2139 3116 2330 3181 fuerit
2385 3137 2499 3179 scu
2557 3114 2797 3178 fuerint
2852 3114 3198 3200 insignitus

350 3238 467 3280 seu
522 3214 838 3300 insigniti,
889 3212 1171 3300 eligendi
1223 3215 1631 3301 vocandique
1684 3215 1883 3280 alium
1936 3238 2051 3280 seu
2104 3213 2287 3295 alios,
2345 3236 2598 3301 semper
2643 3224 2860 3277 tamen
2919 3214 3199 3299 paritate

346 3315 696 3379 nacionum
767 3311 983 3396 salva,
1049 3312 1323 3380 liberam
1384 3313 1623 3379 habeat
1683 3316 2124 3396 autoritatem,
2204 3314 2408 3399 priori
2474 3313 2752 3397 denique
2815 3321 3054 3378 statuto
3116 3313 3197 3378 de
3216 3322 3281 3378 25

350 3414 663 3479 sexennio
700 3413 1102 3478 mencionem
1143 3414 1419 3480 faciente
1462 3413 1641 3480 salvo
1682 3417 2031 3480 manente.⁴

522 3681 546 3733 1
589 3678 716 3733 Von
750 3679 984 3733 auderet
1012 3677 1199 3733 Hand.

523 3766 555 3817 2
588 3760 777 3818 Ueber
811 3762 928 3817 nisi
957 3762 1032 3817 ist
1066 3765 1251 3833 spater
1281 3762 1457 3817 solum
1489 3760 1861 3833 geschrieben.

523 3850 554 3901 3
588 3846 750 3903 Ganz
786 3844 966 3901 sicher
1006 3845 1078 3900 ist
1109 3845 1200 3900 die
1238 3845 1468 3916 Lesung
1502 3845 1679 3900 dieses
1711 3845 1936 3900 Wortes
1970 3842 2144 3897 nicht.

521 3938 556 3987 4
589 3930 715 3986 Auf
740 3932 840 3986 der
872 3929 1174 3985 Biickseite
1204 3929 1314 4001 (Βί.
1349 3930 1478 4001 641³)
1523 3928 1594 3983 ist
1628 3928 1771 3984 noch
1814 3929 1904 3983 die
1947 3926 2207 4001 folgende
2241 3926 2404 3982 Notiz
2448 3927 2832 3998 singen-agen:
2901 3927 3105 3980 Nullus
3139 3927 3199 3980 in

349 4004 618 4071 eleccione
649 4015 851 4070 decani
877 4031 1060 4069 vocem
1089 4015 1300 4082 habeat,
1344 4014 1457 4067 nisi
1495 4013 1571 4068 sit
1606 4014 1674 4067 de
1713 4013 1949 4069 consilio
1980 4012 2288 4082 facultatis
2326 4019 2378 4066 et
2420 4020 2548 4065 actu
2594 4031 2783 4082 reyens
2825 4013 2886 4067 in
2931 4013 3120 4067 eadem
3151 4019 3202 4066 et

350 4100 540 4155 habitu
570 4099 889 4170 mayn'sbrdi
916 4099 1152 4154 induam.
