4038 6358
1288 624 1388 674 Die
1424 620 1662 673 Statuten
1703 635 1809 671 von
1852 619 2202 674 1439—1511.
2483 685 2488 692 ,
2618 643 2629 658 .
3059 618 3176 685 189

540 803 591 868 1.
634 802 1094 890 Sequuntur
1137 812 1448 870 statuta
1489 825 1775 871 novum
1818 801 2347 890 collegiatum
2391 803 2993 869 concernencia.

754 975 806 1034 Ῑ.
853 988 944 1034 ΕΤ
987 987 1204 1035 PRIMO
1248 988 1706 1035 IURAMENTUM
1750 986 1943 1047 QUOD
1987 987 2385 1034 PRAESTARE
2432 988 2775 1039 TENETUR.

502 1100 787 1186 Quilibet
831 1102 912 1167 de
954 1126 1123 1168 novo
1175 1104 1517 1190 collegium
1573 1105 1826 1168 intrans
1880 1112 2134 1168 tenetur
2185 1104 2403 1167 iurare
2459 1125 2677 1168 coram
2733 1100 3004 1188 collegio
3066 1100 3187 1166 sub

339 1201 456 1266 tali
491 1201 727 1266 forma:
814 1201 1004 1289 „Ego
1045 1203 1142 1267 .N.
1185 1204 1349 1285 iuro,
1402 1201 1576 1288 quod
1628 1202 1772 1269 volo
1817 1224 2172 1289 procurare
2219 1202 2455 1267 bonum
2499 1201 2757 1287 collegii
2801 1213 2865 1267 et
2913 1224 3177 1267 servare

342 1309 575 1365 statuta
629 1309 693 1364 et
747 1301 1111 1384 statuenda,
1169 1324 1336 1388 quae
1390 1325 1508 1388 per
1552 1304 1862 1368 maiorem
1906 1311 2159 1388 partem
2202 1299 2457 1387 collegii
2500 1311 2650 1367 sunt
2695 1309 2759 1366 et
2801 1311 2990 1366 erunt
3042 1324 3188 1366 con·
3242 1312 3274 1366 5

345 1398 520 1464 clusa
559 1403 625 1464 et
665 1399 1053 1487 approbata,
1096 1410 1160 1465 et
1187 1402 1358 1489 quod
1388 1403 1454 1466 in
1485 1401 1711 1467 ordine
1750 1424 1912 1483 me0,
1952 1402 2133 1487 prius
2173 1401 2242 1464 in
2274 1398 2545 1489 collegio
2576 1400 2823 1465 servari
2859 1410 3182 1483 consuetO,

339 1497 530 1562 velim
585 1503 1053 1586 praepositam,
1109 1499 1231 1566 hoe
1280 1500 1579 1567 videlicet
1630 1501 1841 1582 mode,
1899 1500 2101 1587 quod,
2161 1500 2217 1564 si
2268 1522 2397 1565 non
2451 1499 2642 1565 fuerit
2695 1499 2926 1585 aliquis
2981 1502 3181 1587 magi·

340 1607 610 1663 strorum
665 1609 817 1664 ante
870 1622 994 1683 me,
1049 1600 1159 1687 qui
1216 1602 1398 1687 prius
1449 1602 1516 1666 in
1569 1599 1840 1686 collegio
1891 1622 2019 1665 non
2076 1601 2649 1687 praepositaverit‚
2710 1599 2883 1687 quod
2935 1609 3173 1664 extunc

338 1696 705 1763 immediate
747 1698 933 1763 finita
982 1701 1436 1786 praepositura
1476 1701 1607 1765 iam
1650 1709 1945 1765 currente
1988 1699 2178 1764 velim
2225 1700 2743 1786 praeposituram
2794 1699 3083 1786 incipere
3132 1707 3195 1762 et

342 1819 545 1884 usque
582 1797 649 1861 in
690 1796 885 1863 finem
932 1793 995 1883 [2
1010 1793 1062 1883 ⁸]
1107 1820 1226 1884 per
1266 1822 1370 1864 me
1409 1799 1513 1864 vel
1572 1822 1690 1886 per
1748 1799 1945 1864 alium
2002 1802 2389 1885 magistrum
2448 1798 2528 1864 de
2583 1797 2851 1885 collegio
2905 1797 3183 1863 fideliter
3215 1808 3277 1861 10

340 1899 733 1979 continuare,
790 1897 846 1960 si
893 1895 1120 1960 saltem
1179 1920 1297 1984 per
1339 1908 1588 1966 tantum
1642 1908 1897 1985 tempus
1956 1898 2332 1988 collegiatus
2386 1921 2825 1985 permansero.
2909 1897 3020 1962 Sic
3084 1921 3187 1962 me

339 1995 498 2061 deus
539 1995 802 2061 adiuvet
842 2005 905 2061 et
944 2007 1170 2062 sancta
1211 1997 1316 2062 dei
1362 1998 1736 2083 ewangelia.

504 2150 813 2209 Hier-nack
857 2150 933 2208 ist
976 2170 1090 2208 von
1134 2152 1437 2211 der-selben
1481 2154 1689 2226 Hand,
1745 2154 1838 2211 die
1883 2156 1997 2211 den
2039 2161 2235 2211 ersten
2277 2153 2723 2213 Zusatzartikel
2765 2174 2861 2211 am
2905 2154 3184 2212 Schlusse

339 2250 530 2308 dieser
568 2249 847 2308 Statuten
889 2250 1116 2309 sclarieb
1168 2251 1236 2323 (3.
1282 2257 1377 2327 aa),
1421 2271 1519 2310 am
1562 2260 1780 2310 witern
1819 2249 2037 2310 Raude
2094 2252 2187 2310 die
2224 2254 2513 2328 solyeude
2555 2252 2959 2329 Bestimmunq
3000 2253 3181 2311 nack-

336 2359 621 2426 9etraqen
672 2350 801 2410 und
862 2355 986 2424 aus
1026 2349 1113 2407 sie
1155 2349 1543 2427 ltinqewiesen
1585 2353 1828 2410 worden
1870 2350 1972 2409 mit
2017 2352 2135 2409 den
2179 2351 2450 2411 Worten:
2536 2346 2840 2434 Sequitur
2880 2371 2962 2413 ne
3005 2370 3178 2413 vero.
3212 2356 3273 2411 15

338 2448 457 2506 Die
498 2448 930 2526 Eimchiebuny
978 2452 1080 2508 des
1118 2449 1379 2509 Artikels
1411 2469 1505 2510 an
1547 2451 1742 2510 dieser
1786 2449 1965 2508 Stella
2007 2452 2165 2525 saw
2207 2456 2352 2525 auf;
2406 2471 2546 2510 mem
2585 2453 2745 2509 Mtte
2786 2452 2871 2510 eie
2914 2453 3050 2510 cher
3093 2450 3182 2509 bez·

344 2537 393 2631 ἓ
435 2548 471 2609 7
514 2556 811 2607 erwartet.

497 2694 594 2759 Ne
624 2716 781 2760 vero
822 2694 1347 2782 praeposituram
1387 2695 1598 2779 nimis,
1642 2705 1837 2784 prout
1878 2698 2057 2782 prius
2098 2696 2341 2764 factum
2388 2708 2505 2780 est,
2549 2697 2894 2783 anticipari
2938 2698 3188 2763 contin-

338 2804 473 2879 gat,
529 2793 644 2858 sed
686 2807 756 2858 ut
804 2795 940 2860 fixa
984 2804 1273 2877 maneat,
1332 2804 1581 2859 tenetur
1638 2797 2052 2882 praepositus
2111 2797 2361 2860 futurus
2416 2819 2596 2861 suam
2656 2798 3179 2883 praeposituram

340 2894 477 2979 ipso
522 2892 627 2958 die
673 2894 880 2960 sancti
924 2892 1117 2977 Galli,
1164 2895 1219 2960 si
1262 2896 1331 2959 in
1375 2905 1562 2960 sexta
1601 2895 1768 2959 feria
1808 2897 2184 2978 occurrerit,
2226 2895 2532 2960 inchoare
2573 2907 2636 2960 et
2675 2894 2761 2960 ad
2802 2896 2978 2962 idem
3019 2907 3175 2960 tem·
3196 2904 3263 2960 20

341 3015 453 3079 pus
496 2992 895 3080 praecedens
950 2996 1363 3082 praepositus
1409 2993 1730 3060 tenebitur
1788 3017 1971 3058 suam
2030 2996 2546 3082 praeposituram
2603 2996 3000 3079 continuare,
3051 3018 3181 3060 non

341 3091 651 3175 obstante,
704 3093 877 3182 quod
934 3095 1003 3157 in
1058 3095 1493 3183 quinquennio
1537 3093 1641 3158 vel
1701 3095 1864 3158 citra
1919 3096 2255 3181 contingat
2309 3117 2506 3159 unum
2563 3097 3007 3183 praepositum
3062 3118 3178 3182 per

342 3195 798 3281 quinquaginta
841 3202 973 3258 tres
1016 3196 1411 3281 septimanas
1456 3196 1922 3282 praepositare.
2009 3196 2081 3259 Si
2123 3217 2279 3259 vero
2338 3195 2572 3259 festum
2630 3197 2836 3260 sancti
2881 3193 3060 3261 Galli
3113 3196 3181 3258 in

341 3292 527 3357 aliam
585 3316 779 3380 quam
838 3304 1088 3360 sextam
1145 3296 1375 3360 feriam
1437 3293 1770 3376 ceciderit,
1837 3303 2076 3359 extunc
2137 3297 2593 3381 praepositura
2648 3296 2716 3360 in
2774 3295 2938 3360 feria
2993 3305 3179 3360 sexta

337 3391 700 3459 immediate
743 3394 1171 3481 praecedente
1216 3395 1386 3460 diem
1426 3395 1634 3460 sancti
1677 3392 1853 3459 Galli
1894 3392 2233 3460 inchoetur
2275 3404 2338 3459 et
2381 3393 2626 3460 ibidem
2671 3417 2839 3461 anno
2884 3396 3172 3481 sequenti
3201 3404 3267 3460 25

338 3494 724 3561 terminetur.

338 3649 388 3709 2.
426 3662 636 3709 INFRA
666 3662 1001 3722 QUANTUM
1047 3662 1319 3709 TEMPUS
1351 3661 1725 3710 TENEATUR
1768 3661 2249 3711 COLLEGJATUS
2292 3662 2521 3711 NOVUS
2563 3662 2928 3711 REPONERE
2974 3662 3179 3711 PEOU·

968 3763 1139 3810 NIAM
1180 3761 1317 3810 PRO
1356 3760 1847 3810 ANTEOESSORE
1895 3761 2026 3809 SUO
2069 3764 2160 3809 ΕΤ
2207 3762 2562 3822 QUANTUM.

488 3874 653 3941 Item
698 3877 968 3963 quilibet
1009 3877 1089 3942 de
1132 3900 1300 3944 novo
1345 3878 1595 3942 intrans
1652 3875 1993 3962 collegium
2041 3887 2296 3943 tenetur
2344 3877 2514 3942 infra
2557 3879 2836 3965 primum
2881 3877 3174 3966 quartale

337 3977 525 4062 primi
582 3978 737 4041 anni
797 3977 976 4063 apud
1033 3979 1474 4065 praepositum
1530 3974 1785 4063 collegii
1836 3975 2159 4064 deponere
2213 3977 2342 4041 XV
2393 3974 2674 4044 florenos
2729 4000 3033 4044 renenses
3092 3979 3177 4045 ad
3192 3989 3264 4045 30

337 4086 701 4163 computum
742 4100 862 4164 pro
907 4076 1106 4142 bursa
1166 4076 1476 4143 solvenda
1530 4098 1647 4163 per
1703 4076 1985 4141 medium
2043 4100 2281 4142 annum
2339 4099 2458 4163 pro
2517 4099 2585 4142 se
2627 4085 2692 4144 et
2746 4080 2994 4145 scolare
3040 4101 3175 4163 su0,

336 4177 421 4240 sic
477 4170 694 4240 tamen
752 4177 924 4263 quod
977 4200 1096 4264 per
1150 4178 1515 4264 proximum
1568 4175 1905 4240 dimidium
1960 4200 2216 4259 annum,
2275 4199 2399 4264 quo
2443 4178 2511 4241 in
2554 4177 2822 4265 collegio
2867 4201 3179 4267 praesens

333 4275 540 4359 fuerit,
586 4273 668 4340 de
710 4275 1032 4342 absenciis
1076 4278 1557 4363 magistrorum,
1603 4278 1659 4340 si
1701 4278 1810 4362 qui
1856 4276 2157 4342 absentes
2200 4277 2456 4359 fuerint,
2501 4276 2660 4343 nihil
2692 4277 2945 4344 habeat.
2993 4277 3175 4359 Quos

333 4374 606 4442 florenos
647 4374 820 4441 idem
863 4378 1271 4464 praepositus
1316 4376 1533 4441 statim
1578 4374 1763 4441 dabit
1801 4377 2063 4442 exeunti
2088 4374 2192 4441 vel
2238 4399 2351 4442 suo
2382 4379 2813 4463 procuratori,
2857 4379 2912 4443 si
2954 4381 3178 4444 exiens

332 4476 895 4564 praepositaverat
933 4474 1042 4541 hic
1094 4478 1161 4541 in
1217 4475 1507 4562 collegio·
1591 4475 1680 4540 Et
1736 4478 1794 4540 si
1850 4498 1980 4542 non
2038 4477 2601 4564 praepositaverit‚
2654 4475 2838 4542 dabit
2895 4477 3019 4543 sibi
3077 4478 3175 4543 IX
3192 4488 3259 4543 35

332 4577 604 4643 florenos
644 4598 967 4641 renenses.
1018 4575 1375 4642 Residuum
1402 4597 1557 4641 vero
1598 4577 2007 4663 praepositus
2050 4599 2172 4664 pro
2213 4575 2488 4642 utilitate
2532 4576 2784 4663 collegii
2826 4577 2931 4642 vel
2974 4579 3176 4663 magi·

333 4688 607 4743 atrorum
654 4674 1005 4741 secundum
1048 4675 1445 4742 voluntatem
1493 4676 1781 4762 ipsorum
1825 4676 2251 4763 dispensabit.
2314 4676 2599 4742 Tenetur
2641 4678 2834 4741 etiam
2879 4676 3030 4741 talis
3073 4678 3170 4742 sic

334 4776 408 4841 de
445 4799 617 4843 novo
639 4779 892 4843 intrans
936 4797 1199 4843 servare
1241 4774 1740 4842 consuetudines
1779 4775 2159 4858 laudabiles,
2203 4776 2270 4840 in
2314 4777 2609 4863 propinis
2637 4798 2715 4841 ac
2742 4775 2887 4841 aliis
2929 4776 3167 4842 facien-

333 4874 427 4941 dis
468 4877 539 4941 in
578 4876 850 4964 collegio
894 4877 1077 4964 prius
1122 4876 1524 4943 observatas·

590 5051 647 5113 3.
689 5063 783 5110 DE
826 5063 953 5110 SEX
998 5061 1340 5111 FLORENIS
1382 5062 1519 5110 PRO
1564 5060 1971 5110 STRUGTURA
2014 5060 2343 5110 COLLEGu
2383 5060 2920 5111 PERSOLVENDIS.
3187 5056 3261 5111 40

484 5179 650 5245 Item
711 5189 962 5244 tenetur
1027 5179 1109 5245 de
1168 5201 1340 5246 novo
1403 5179 1655 5243 intrans
1715 5176 2054 5264 collegium
2110 5176 2283 5242 infra
2338 5177 2620 5263 primum
2670 5199 2955 5244 mensem
3014 5202 3171 5245 suae

334 5279 655 5345 electionis
699 5278 951 5345 solvere
991 5278 1366 5367 praeposito
1412 5277 1667 5366 collegii
1711 5286 1985 5366 protunc
2026 5277 2330 5343 existenti
2386 5298 2505 5342 sex
2546 5273 2825 5343 florenos
2868 5301 3172 5346 renenses
