4038 6358
824 629 944 695 520
1803 625 1902 677 Die
1941 625 2380 692 philosophiae-he
2413 625 2667 678 Facultat.

820 810 1122 877 habuerit
1173 808 1570 891 mandatum,
1624 811 1691 874 in
1747 809 2012 876 consilio
2070 810 2548 875 communitatis
2606 808 2805 875 studii
2858 808 3181 874 bonarum
3230 808 3469 873 artium
3518 807 3645 871 reti·

817 913 958 976 neri
1003 921 1066 976 et
1105 908 1411 974 mandato
1468 909 1800 975 doctrinae
1856 933 2121 975 munere
2175 910 2359 995 fungi
2403 907 2612 973 debet.
2697 909 2769 974 Si
2825 909 2892 973 in
2949 907 3079 972 alio
3136 928 3377 994 genere
3420 916 3483 971 et
3534 906 3649 972 alia

819 1011 1277 1076 communitate
1321 1007 1576 1096 publice
1606 1008 1836 1075 docere
1867 1012 2176 1098 coeperit,
2219 1009 2399 1075 locus
2443 1007 2593 1072 dein
2632 1009 2699 1073 in
2727 1009 3187 1074 communitate
3229 1005 3431 1072 studii
3468 1004 3648 1071 bona-

814 1133 957 1175 rum
1010 1111 1243 1174 artium
1285 1107 1381 1174 illi
1421 1108 1696 1195 relinqui
1738 1132 1868 1174 non
1911 1111 2168 1197 poterit.

731 1287 764 1342 5
1832 1293 1926 1340 DE
1967 1293 2325 1342 ELIGENDO
2369 1293 2668 1342 DECANO.

2040 1412 2251 1476 Caput
2287 1413 2439 1462 1111.

978 1525 1087 1590 Ex
1128 1526 1253 1590 isto
1303 1524 1556 1589 consilii
1600 1523 1842 1611 publici
1890 1547 2163 1613 corpore
2204 1548 2459 1614 quoque
2505 1524 2798 1589 semestri
2838 1523 3095 1609 legatur
3139 1521 3445 1603 decanus,
3502 1522 3653 1587 serie

817 1625 1128 1690 hactenus
1184 1623 1549 1706 observata,
1607 1647 1735 1710 qua
1791 1635 2065 1710 quatuor
2119 1626 2414 1690 nationes
2469 1632 2618 1689 sunt
2664 1623 3037 1711 dispositae.
3122 1621 3412 1707 Legetur
3454 1631 3654 1686 autem

816 1724 940 1789 hoc
1000 1722 1209 1789 modo.
1296 1722 1619 1809 Tempore
1676 1734 1739 1788 et
1794 1724 1937 1789 loco
1999 1726 2342 1790 constituto
2404 1724 2685 1789 decanus
2758 1723 2858 1787 sui
2929 1723 3256 1786 semestris
3333 1719 3653 1785 consilium

739 1834 798 1889 10
819 1822 1234 1903 convocabit,
1292 1832 1354 1886 et
1409 1820 1489 1886 de
1545 1822 1753 1888 tribus
1796 1823 2169 1888 nationibus
2226 1833 2414 1888 extra
2471 1845 2635 1905 eam,
2695 1824 2874 1887 cuius
2928 1820 3213 1885 decanus
3267 1819 3401 1904 legi
3463 1819 3657 1902 debet,

817 1931 990 1988 sorte
1033 1921 1347 1986 ducentur
1388 1931 1520 1985 tres
1568 1945 1652 1987 ex
1694 1923 1961 1988 consilio
2008 1921 2290 2008 publico.
2372 1922 2498 1988 His
2540 1922 2944 2010 professores
2987 1917 3293 2008 publicae
3338 1918 3658 1984 doctrinae

817 2020 1109 2086 similiter
1152 2023 1344 2085 trium
1386 2022 1718 2085 nationum
1762 2021 2018 2086 illarum
2062 2031 2311 2085 tantum
2356 2020 2819 2106 adiungentur3
2878 2029 3074 2106 atque
3115 2018 3198 2084 ab
3242 2016 3345 2082 his
3391 2018 3659 2082 decanus

816 2119 1281 2206 designabitur,
1353 2120 1571 2185 statim
1638 2117 1800 2185 hora
1864 2130 1928 2184 et
1987 2120 2131 2186 loco
2198 2120 2308 2186 illo
2366 2129 2769 2188 conventus..
2822 2119 2948 2185 Cui
3005 2118 3268 2206 plurimi
3332 2117 3659 2202 suffragati

814 2221 1070 2301 fuerint,
1124 2221 1182 2283 is
1227 2218 1761 2305 pronunciabitur
1806 2218 2109 2284 decanus.
2193 2219 2264 2284 Si
2312 2220 2626 2306 suffragia
2668 2217 2931 2282 diversa
2972 2218 3139 2282 forte
3182 2215 3485 2304 aequalia
3528 2217 3660 2298 sint,

733 2331 795 2386 15
819 2322 925 2407 qui
969 2328 1103 2383 tum
1162 2316 1391 2382 decani
1436 2341 1667 2386 munus
1709 2327 1911 2403 geret,
1961 2318 2038 2399 is,
2091 2320 2219 2382 utri
2263 2319 2437 2406 parti
2478 2317 2671 2400 volet,
2726 2318 3028 2382 assentiri
3070 2317 3307 2403 poterit
3345 2327 3415 2380 et
3458 2337 3659 2380 acces-

813 2421 991 2484 sione
1036 2417 1332 2502 suffragii
1374 2417 1564 2482 huius
1608 2440 1813 2482 novus
1874 2416 2158 2482 decanus
2205 2416 2550 2482 creabitur.
2632 2416 2725 2481 Ut
2777 2426 2988 2481 autem
3044 2416 3212 2480 hanc
3270 2416 3659 2481 curationem

810 2519 922 2582 uni
969 2516 1197 2582 crebro
1242 2516 1537 2582 mandari
1580 2538 1710 2580 non
1752 2525 2023 2603 oportet,
2086 2519 2141 2581 si
2187 2516 2370 2599 alter,
2416 2517 2526 2601 qui
2568 2514 2851 2580 nondum
2895 2516 3118 2601 gessit,
3164 2525 3430 2602 praesto
3478 2516 3561 2579 sit
3603 2525 3659 2578 et

811 2619 866 2681 is
912 2638 1053 2681 esse
1096 2617 1520 2698 existimetur,
1578 2616 1690 2702 qui
1748 2638 1830 2680 ex
1884 2614 2163 2680 utilitate
2216 2615 2480 2703 publica
2529 2615 2917 2701 magistratu
2972 2613 3098 2679 hoc
3138 2615 3482 2679 functurus
3530 2636 3662 2677 esse

808 2716 1139 2781 videatur:
1226 2717 1338 2797 sic,
1398 2737 1470 2779 re
1513 2723 1575 2778 et
1615 2724 1906 2802 tempore
1949 2714 2318 2802 postulante
2362 2725 2475 2779 aut
2518 2714 2997 2781 commoditatis
3040 2716 3294 2780 ratione
3338 2712 3662 2793 suadente,

727 2820 872 2880 zois
916 2814 1044 2900 legi
1088 2815 1345 2900 poterit,
1406 2814 1510 2877 cui
1552 2825 1701 2880 ante
1745 2837 2000 2902 quoque
2046 2813 2276 2879 decani
2334 2816 2582 2880 curatio
2638 2814 2773 2879 lata
2826 2815 2961 2878 fuit.
3044 2812 3251 2900 quue
3296 2814 3353 2877 si
3397 2811 3661 2894 accidat,

816 2911 943 3002 [11]
1001 2937 1131 2979 non
1191 2914 1517 3000 pertinere
1577 2913 1666 2978 ad
1733 2913 1924 2978 ullius
1981 2923 2368 2979 contemtum
2429 2913 2926 2979 existimabitur.
3009 2913 3298 2978 Honeste
3361 2922 3577 2977 autem
3625 2935 3661 2976 a

810 3012 1141 3077 veteribus
1197 3012 1612 3076 constitutum
1656 3023 1786 3094 est,
1840 3021 1909 3076 ut
1963 3012 2309 3078 ambitiosa
2354 3013 2675 3101 cupiditas
2719 3014 2787 3077 in
2829 3011 3192 3077 affectando
3236 3012 3360 3076 hoc
3407 3033 3662 3078 munere

813 3134 1037 3177 severe
1078 3110 1720 3176 animadverteretur.
1767 3112 1932 3176 Nam
1980 3122 2044 3176 et
2084 3114 2511 3198 gravissimus
2557 3123 2746 3178 autor
2779 3112 2962 3177 Plato
3006 3110 3346 3200 praeclare
3386 3112 3661 3199 scripsit,

813 3235 924 3278 eos
967 3213 1244 3298 optimos
1290 3212 1709 3297 magistratus
1754 3233 1914 3293 esse,
1960 3214 2069 3298 qui
2113 3211 2389 3278 honores
2434 3215 2697 3278 minime
2739 3221 3134 3299 appeterent.

729 3387 795 3442 25
1768 3395 1862 3442 DE
1905 3396 2163 3444 DECANI
2206 3396 2684 3446 PROMISSIONE.

977 3508 1308 3592 Decanus,
1357 3512 1467 3598 qui
1506 3519 1576 3575 ut
1619 3520 1815 3597 caput
1858 3510 2111 3576 consilii
2156 3509 2401 3597 publici
2446 3532 2524 3576 ea
2567 3511 2840 3595 ratione,
2887 3533 3054 3598 quae
3098 3511 3509 3598 praescripta
3550 3521 3664 3591 est,

810 3609 1015 3675 lectus
1059 3609 1281 3689 fuerit,
1338 3611 1557 3674 statim
1596 3632 1828 3674 munus
1872 3609 1997 3674 hoc
2042 3620 2341 3697 capesset
2383 3620 2446 3674 et
2490 3608 2860 3691 affirmabit,
2910 3609 3081 3675 bona
3124 3609 3271 3690 fide,
3315 3609 3496 3673 nulla
3537 3632 3665 3674 am-

814 3708 1055 3774 bitiosa
1120 3707 1379 3789 fraude,
1442 3710 1738 3774 effectum
1802 3730 1963 3791 esse,
2022 3719 2092 3773 ut
2148 3709 2308 3774 illud
2365 3709 2490 3773 sibi
2548 3708 2981 3774 mandaretur.
3067 3709 3421 3774 Praeterea
3471 3711 3665 3774 iusiu-

809 3807 1087 3873 randum
1146 3806 1335 3871 dabit
1396 3809 1465 3870 in
1527 3807 1689 3872 haec
1749 3807 1985 3873 verba:
2066 3808 2266 3896 „Ego
2327 3809 2418 3874 .N.
2479 3810 2621 3873 iuro
2632 3857 2650 3891 ,
2707 3831 2810 3874 me
2870 3831 3133 3873 munere
3191 3808 3314 3873 hoc
3350 3804 3665 3873 ‘semestri

728 3905 1169 3972 30decanatus
1222 3903 1499 3970 fideliter
1553 3914 1617 3970 et
1671 3907 1890 3973 sedulo
1954 3932 2096 3973 esse
2160 3910 2550 3989 functurum,
2611 3917 2674 3972 et
2730 3909 3214 3973 constitutiones
3273 3930 3350 3971 ac
3405 3907 3665 3972 decreta

814 4006 1290 4079 communitatis
1329 4013 1591 4070 nostrae
1632 4005 1977 4097 diligenter
2021 4017 2468 4089 executurum,
2514 4005 2943 4092 daturumque
2985 4028 3272 4094 operam,
3318 4016 3392 4071 ut
3431 4010 3663 4089 omnia,

814 4126 981 4191 quae
1031 4103 1113 4167 ad
1176 4125 1277 4168 me
1336 4103 1749 4190 spectabunt,
1808 4128 1931 4192 quo
1989 4105 2075 4170 ad
2118 4107 2257 4170 fieri
2300 4107 2570 4193 poterit,
2631 4130 2670 4169 a
2710 4129 2815 4170 me
2861 4116 3215 4187 serventur,
3274 4115 3338 4169 et
3388 4128 3470 4170 ne
3520 4102 3663 4192 quis

813 4203 1081 4270 aliorum
1126 4204 1466 4290 quicquam
1508 4202 1805 4290 neglectu
1847 4215 1959 4269 aut
1999 4207 2361 4270 temeritate
2406 4227 2522 4270 sua
2568 4204 2980 4269 labefactet.“

977 4302 1154 4368 Sciet
1197 4304 1390 4366 etiam
1431 4301 1714 4367 decanus
1758 4326 1985 4387 novus,
2031 4305 2281 4390 iniungi
2341 4304 2465 4369 sibi
2510 4304 2591 4369 de
2650 4303 2971 4369 communi
3027 4305 3347 4369 sententia
3390 4305 3661 4386 consilii,

726 4410 793 4466 35
813 4410 883 4465 ut
933 4403 1081 4488 ipsa
1138 4410 1378 4466 statuta
1431 4403 1649 4466 omnia
1707 4405 2182 4468 communitatis
2242 4426 2436 4488 quam
2495 4405 2777 4491 primum
2835 4401 3229 4490 perlegendo
3292 4416 3662 4489 cognoscat,

809 4510 881 4565 ut
923 4501 1291 4565 meminisse
1334 4502 1569 4586 possit,
1623 4498 1777 4585 quid
1836 4523 2087 4589 quoque
2132 4513 2422 4589 tempore
2474 4525 2703 4568 curare
2744 4501 3113 4566 faciendum
3158 4512 3221 4566 et
3258 4503 3403 4589 ipse
3444 4503 3658 4568 facere

812 4598 1065 4664 debeat.
1717 4644 1748 4683 0

1602 4730 1696 4780 DE
1734 4732 2268 4783 EXECUTORIBUS
2310 4737 2400 4784 ΕΤ
2447 4734 2871 4783 CLAVIGERIS.

2054 4853 2096 4902 C
2113 4868 2143 4902 a
2159 4869 2240 4917 pu
2256 4862 2277 4903 t
2311 4854 2378 4904 V.

729 4994 796 5050 40
979 4979 1073 5070 [S.
1123 4979 1220 5070 12]
1269 4982 1567 5047 Veterem
1614 4982 2143 5049 consuetudinem
2199 4983 2279 5048 de
2335 4984 2436 5050 his
2488 4984 2735 5072 placuit
2791 4986 3069 5068 servari,
3116 4994 3191 5050 ⁴et
3245 4986 3545 5057 similiter
3597 4991 3657 5054 in

811 5083 988 5165 aliis,
1048 5104 1215 5167 quae
1278 5102 1455 5147 more
1513 5083 1701 5165 fiunt,
1769 5092 1904 5147 tam
1962 5083 2044 5147 de
2106 5085 2429 5148 seniorum
2495 5095 2815 5150 conventu
2874 5108 3065 5173 quam
3126 5086 3655 5173 inspectionibus,

810 5180 1321 5263 visitationibus,
1384 5181 1825 5246 curationibus
1880 5192 1944 5246 et
2000 5185 2069 5246 in
2127 5183 2357 5269 primis
2414 5182 2496 5248 de
2552 5183 2889 5271 diligentia
2942 5186 3268 5250 tractandi
3329 5186 3655 5274 publicam

814 5281 1149 5367 pecuniam
1194 5287 1259 5343 et
1297 5279 1649 5345 referendis
1694 5281 2074 5365 rationibuS,
2129 5283 2410 5367 itemque
2467 5285 2760 5366 caeteris,
2817 5306 2981 5369 quae
3045 5283 3167 5349 hac
3219 5284 3652 5373 descriptione
