4038 6358
1097 653 1268 708 Dritte
1301 655 1838 719 statutenredaction,
1875 671 1978 706 von
2022 657 2111 708 147
2122 655 2393 708 lb—uso.
3029 655 3149 720 417

252 834 952 902 coexaminatoribus
995 835 1290 904 dederint
1329 839 1785 924 responsiones
1801 889 1820 922 ,
1863 848 2013 904 ante
2064 837 2371 903 iudicium
2393 886 2411 920 ‚
2464 834 2546 901 de
2585 835 2700 901 tali
2741 835 2843 900 vel
2889 835 3147 920 talibus,

251 934 322 997 in
357 937 836 1021 temptamine
877 935 982 1001 vel
1020 938 1319 1002 examine
1361 939 1706 1004 constituto
1748 937 1852 1004 vel
1895 939 2277 1020 constitutis,
2318 938 2503 1002 iuxta
2544 934 2867 1000 facultatis
2906 937 3152 1000 arcium

257 1033 846 1101 consuetudinem
864 1036 1106 1101 factum
1139 1047 1202 1104 et
1235 1035 1642 1124 completum,
1687 1037 1930 1103 nullum
1974 1035 2251 1125 penitus,
2294 1037 2466 1102 omni
2511 1032 2725 1100 colore
2770 1036 3151 1122 postposite,

253 1155 380 1198 nec
414 1132 708 1198 directe
736 1158 858 1201 nec
888 1136 1203 1202 indirecte
1234 1137 1590 1202 certificare
1621 1147 1734 1202 aut
1763 1137 1844 1202 de
1883 1137 2006 1204 hoc
2048 1159 2269 1203 coram
2308 1136 2543 1221 alique,
2587 1135 2791 1199 eciam
2832 1156 2915 1198 ex
2955 1133 3155 1199 michi

258 1231 766 1320 condeputatis
820 1236 1405 1321 examinatoribus,
1457 1259 1562 1302 me
1617 1237 1942 1303 resolvere
2011 1247 2123 1303 aut
2189 1234 2465 1324 aliquem
2524 1257 2607 1299 ex
2659 1232 2790 1298 illis
2845 1236 2913 1298 in
2967 1256 3153 1323 prae·
3203 1242 3235 1298 5

258 1335 544 1420 scriptis
586 1334 693 1399 ad
738 1357 808 1400 se
841 1333 1294 1402 resolvendum
1335 1335 1660 1420 inducere,
1704 1336 1819 1403 sed
1861 1337 2209 1402 secundum
2251 1333 2577 1402 facultatis
2619 1335 2867 1398 arcium
2914 1341 3157 1398 statuta

261 1432 512 1518 dignos
556 1433 968 1520 simpliciter
1003 1435 1344 1501 admittere
1377 1445 1444 1501 et
1475 1435 1774 1522 indignos
1816 1436 2195 1524 simpliciter
2225 1437 2486 1517 reicere,
2532 1442 2596 1499 et
2637 1442 2787 1521 post
2826 1431 3154 1515 iudicium,

265 1554 388 1619 per
425 1554 544 1596 me
591 1542 672 1597 et
711 1531 876 1598 alios
919 1534 1181 1619 factum,
1225 1533 1382 1622 quid
1423 1557 1544 1623 ego
1587 1544 1698 1600 aut
1739 1534 1972 1623 aliquis
2017 1536 2611 1600 coexaminatorum
2654 1555 2942 1599 meorum
2984 1531 3155 1596 fece-

264 1633 503 1715 rimus,
541 1631 736 1698 nulli
781 1633 1074 1699 revelare
1103 1632 1284 1700 volo:
1331 1633 1450 1699 sub
1491 1656 1704 1722 poena
1745 1635 2032 1722 periurii,
2076 1633 2247 1721 quod
2286 1633 2757 1703 contrafaciens
2797 1633 2941 1719 ipso
2984 1631 3155 1697 facto

264 1732 550 1796 incurro
575 1779 598 1814 ‚
664 1741 738 1796 et
795 1731 1189 1798 exclusionis
1229 1755 1271 1798 a
1313 1733 1580 1799 consilio
1629 1734 1955 1800 facultatis
2008 1742 2203 1820 atque
2262 1732 2702 1820 suspensionis
2760 1733 2897 1797 sive
2938 1735 3153 1818 priva·
3178 1739 3241 1795 10

272 1833 488 1896 cionis
556 1853 608 1894 a
679 1831 958 1917 singulis
1014 1832 1438 1899 emolimentis
1489 1835 1558 1898 in
1613 1833 1838 1900 eadem
1893 1832 2199 1899 facultate
2245 1854 2415 1897 nunc
2469 1840 2533 1897 et
2570 1833 2640 1897 in
2683 1831 2969 1898 futurum
3011 1853 3154 1918 per-

273 1919 627 2017 cipiendis
645 1979 668 2014 ,
717 1932 774 1996 si
811 1933 878 1996 in
919 1931 1135 2020 aliquo
1179 1933 1663 2020 praedictorum
1709 1932 2053 2020 culpabilis
2093 1941 2389 2019 repertus
2436 1941 2551 1996 aut
2589 1932 2918 1996 convictus
2956 1931 3156 2014 fuero,

275 2039 425 2113 aut,
473 2029 570 2094 de
639 2029 775 2097 hoc
828 2053 948 2118 per
988 2031 1316 2119 publicam
1376 2054 1604 2098 vocem
1667 2041 1730 2098 et
1777 2033 2021 2098 famam
2064 2041 2419 2119 suspectus,
2462 2053 2567 2096 me
2606 2033 2791 2096 iuxta
2830 2029 3157 2095 facultatis

279 2128 644 2194 decretum
692 2152 1062 2217 expurgare
1119 2134 1488 2220 nequivero.
1573 2132 1683 2198 Sic
1736 2153 1840 2198 me
1891 2132 2050 2198 deus
2107 2130 2373 2197 adiuvet
2429 2152 2507 2196 ac
2563 2129 2727 2197 haec
2782 2139 3007 2196 sancta
3051 2129 3159 2195 dei

282 2228 726 2315 evangelia.“
3179 2238 3241 2294 15

460 2327 590 2393 Et·
614 2327 774 2394 illos
816 2338 1077 2416 reputat
1114 2331 1388 2396 facultas
1431 2330 1744 2424 gradibus
1789 2329 2018 2417 dignos
2034 2379 2065 2414 ‚⁴
2100 2327 2333 2418 quibus
2391 2351 2523 2394 non
2581 2326 2783 2394 solum
2827 2327 3157 2394 literarum

289 2429 592 2494 sciencia
634 2451 869 2493 verum
911 2429 1118 2494 eciam
1157 2431 1330 2496 vitae
1371 2425 1670 2495 meritum
1712 2429 2137 2517 suffragatur3
2191 2432 2260 2494 in
2304 2430 2600 2495 scienciis
2643 2439 2858 2495 autem
2898 2429 3018 2494 hos
3059 2452 3155 2494 re-

289 2536 486 2615 putat
519 2527 777 2614 dignos
796 2528 1192 2614 magisterio,
1237 2531 1346 2616 qui
1387 2527 1552 2595 bene
1596 2551 1666 2595 se
1709 2528 1950 2594 habent
1987 2530 2059 2593 in
2099 2531 2302 2594 veteri
2346 2538 2505 2612 arte,
2546 2529 2613 2593 in
2650 2551 2820 2594 nova
2862 2527 3054 2617 loyca
3096 2537 3160 2593 et

291 2625 592 2690 naturali
646 2626 1071 2715 philozophia
1086 2677 1104 2711 ,
1159 2631 1224 2694 in
1285 2629 1429 2694 aliis
1479 2651 1636 2696 vero
1690 2638 2146 2716 competenter.
2228 2629 2373 2694 Non
2419 2637 2604 2693 curat
2656 2628 2929 2694 facultas
2967 2629 3037 2693 in
3079 2649 3157 2693 ea

297 2735 488 2812 parte
549 2727 898 2792 miciorem
967 2727 1183 2793 facere
1250 2726 1761 2794 declaracionem
1774 2778 1793 2812 ,
1850 2729 2035 2816 quia,
2093 2750 2237 2793 cum
2292 2727 2735 2814 magisterium
2787 2729 2857 2793 in
2912 2728 3158 2794 artibus
3176 2736 3245 2794 20

302 2822 701 2890 doctoratus
743 2827 826 2891 sit
861 2827 928 2891 in
969 2825 1214 2892 eisdem
1258 2824 1361 2914 [20
1375 2825 1426 2914 b]
1469 2827 1809 2916 nullusque
1850 2829 1920 2891 in
1959 2827 2124 2913 ipsis
2164 2826 2465 2892 alciorem
2508 2827 2784 2914 gradum
2827 2829 3164 2915 percipere

305 2925 542 3009 possit,
593 2924 869 3011 dignum
908 2935 1114 3013 putat,
1156 2948 1593 3014 quemcunque
1630 2930 1700 2992 in
1742 2928 2126 3013 magistrum
2167 2929 2537 3013 promoveri
2577 2927 2898 2993 volentem
2939 2929 3052 3011 ita,
3095 2936 3165 2992 ut

307 3027 785 3110 praemittitur,
830 3048 955 3117 quo
1001 3025 1086 3090 ad
1128 3027 1441 3091 sciencias
1484 3025 1920 3114 qualificatum
1962 3027 2101 3092 fore
2144 3022 2401 3092 debere.
2466 3026 2922 3093 Baccalariatu
2950 3037 3166 3093 autem

310 3123 596 3191 facultas
645 3125 877 3212 dignos
920 3134 1184 3212 reputat
1221 3127 1290 3191 in
1331 3126 1661 3211 scienciis,
1705 3127 1814 3215 qui
1867 3125 2034 3192 bene
2078 3148 2146 3191 se
2199 3125 2441 3192 habent
2482 3128 2549 3192 in
2594 3129 3051 3215 grammatica,
3094 3129 3165 3193 in

313 3227 544 3310 parvis
590 3224 959 3313 loycalibus
1006 3234 1070 3291 et
1111 3228 1178 3290 in
1221 3228 1424 3291 veteri
1465 3234 1603 3291 arte
1621 3275 1640 3309 ,
1695 3227 1765 3290 in
1818 3225 1964 3291 aliis
2007 3248 2163 3291 vero
2208 3237 2663 3314 competenter.
2746 3226 2835 3292 Et
2886 3226 3161 3293 facultas
3178 3236 3281 3293 25·

317 3322 727 3392 declarando
779 3324 899 3390 hos
952 3335 1213 3412 reputat
1267 3326 1332 3390 in
1383 3327 1938 3412 grammatica
1979 3348 2051 3391 se
2091 3325 2566 3411 benehabere,
2626 3328 2769 3415 qui,
2826 3330 3165 3416 proposita

315 3421 536 3509 aliqua
607 3422 928 3507 dictione,
994 3447 1136 3489 eam
1145 3473 1164 3507 ,
1242 3448 1326 3489 an
1391 3447 1625 3490 nomen
1689 3426 1773 3490 sit
1848 3424 1950 3490 vel
2007 3424 2279 3491 verbum
2342 3424 2555 3492 aliave
2615 3448 2772 3514 pars
2829 3429 3161 3511 orationis,

317 3521 502 3589 iuxta
541 3521 912 3589 doctrinam
938 3522 1183 3589 Donati
1214 3546 1332 3611 per
1359 3524 1823 3590 diffinicionum
1865 3526 2378 3611 assignacionem
2418 3524 2639 3589 valent
2680 3524 3057 3611 diiudicare,
3101 3537 3165 3592 et

321 3643 461 3686 eam
505 3625 581 3688 in
644 3623 1086 3689 accidentibus
1141 3625 1276 3689 suis
1332 3623 1712 3690 declinando
1730 3673 1749 3707 ,
1804 3625 2207 3711 coniugando
2222 3674 2241 3708 ,
2296 3624 2614 3690 movendo
2634 3673 2653 3706 ‚
2704 3625 3162 3712 comparandO,

327 3742 530 3806 genus
597 3722 1000 3809 assignando
1045 3732 1110 3787 et
1150 3723 1329 3807 aliis,
1375 3745 1791 3812 quaecunque
1844 3721 1957 3787 illa
2011 3725 2174 3807 sint,
2231 3724 2664 3811 congruitates
2718 3722 2990 3810 denique
3044 3748 3163 3812 per
3180 3736 3249 3791 30

324 3820 589 3907 regulas
639 3823 1179 3909 grammaticales,
1221 3824 1539 3910 regimina
1569 3824 1775 3888 eciam
1803 3831 1867 3887 et
1894 3825 2410 3889 construcciones
2454 3822 2765 3910 expedire
2802 3833 2866 3888 et
2903 3824 3166 3911 regulas

332 3916 410 3983 de
450 3919 863 3989 Allexandro
907 3921 994 3988 ad
1039 3921 1292 4008 singula
1348 3921 1687 4009 praedicta
1743 3921 2080 4010 adaptare.
2184 3922 2264 3987 In
2322 3924 2623 4009 parvis
2686 3921 3163 4010 loycalibus

328 4040 480 4086 vero
538 4021 939 4089 declarando
1001 4020 1274 4087 facultas
1328 4021 1446 4087 hos
1505 4033 1766 4110 reputat
1822 4044 1891 4088 se
1946 4022 2111 4088 bene
2166 4020 2407 4087 habere
2424 4071 2443 4104 ,
2509 4024 2618 4109 qui
2658 4022 2727 4086 in
2781 4023 3163 4091 tractatibus

335 4122 888 4208 supposicionum,
927 4119 1422 4209 ampliacionum
1437 4171 1455 4204 ,
1499 4123 1986 4188 restriccionum
2031 4131 2096 4187 et
2138 4122 2736 4210 consequentiarum
2778 4122 3167 4209 generaliter

336 4240 402 4282 se
435 4220 754 4308 expedire
794 4231 1094 4309 possunt,
1134 4222 1229 4286 ita
1269 4230 1340 4285 ut
1381 4223 1615 4304 sciant,
1658 4220 1936 4308 qualiter
1975 4222 2285 4287 terminus
2329 4222 2398 4285 in
2438 4243 2674 4307 genere
2718 4230 2784 4285 et
2821 4223 2890 4286 in
2948 4226 3248 4309 specie-'35

339 4330 671 4406 supponat
711 4318 922 4407 ample
963 4318 1068 4385 vel
1107 4320 1421 4403 restricte,
1466 4321 1850 4408 quandoque
1892 4320 2220 4388 verificari
2261 4329 2325 4385 et
2368 4320 2486 4387 sub
2528 4324 2671 4408 ipso
2718 4320 3022 4387 descendi
3060 4322 3167 4387 de-

337 4412 521 4503 beat3
593 4420 964 4507 posiciones
1019 4421 1222 4485 eciam
1276 4422 1530 4485 ratione
1585 4421 2047 4486 sententiarum
2108 4418 2496 4505 generaliter
2550 4443 2877 4507 exponere
2929 4420 3165 4487 valent.
3284 4444 3300 4462 ⁴

341 4511 468 4581 Sed
504 4520 572 4583 in
617 4521 885 4585 veteri
930 4528 1102 4584 arte
1144 4518 1533 4586 declarando
1588 4520 1707 4586 hos
1757 4528 2021 4606 reputat
2070 4517 2344 4585 facultas
2402 4542 2471 4584 se
2512 4518 2675 4584 bene
2716 4518 2990 4604 habere,
3036 4520 3165 4608 qui,

346 4615 492 4700 quid
524 4640 778 4702 nomen,
817 4617 1109 4701 verbum,
1152 4621 1416 4705 posicio,
1460 4642 1646 4708 quae,
1693 4618 1921 4707 qualis,
1965 4627 2208 4705 quanta
2250 4628 2313 4683 et
2347 4620 2421 4683 'in
2468 4641 2597 4706 qua
2636 4620 2909 4684 materia
2945 4620 3049 4702 sit,
3088 4642 3168 4685 ac

346 4714 514 4780 circa
569 4740 717 4783 eam
771 4718 1219 4805 opposiciones
1236 4767 1255 4802 ,
1295 4716 1470 4805 leges
1484 4768 1502 4801 ,
1559 4717 2008 4784 conversiones
2070 4726 2134 4782 et
2186 4716 2730 4804 aequipollencias
2777 4717 3167 4805 generaliter
3182 4727 3250 4783 40

351 4814 572 4899 sciunt,
616 4826 682 4881 et
721 4816 845 4883 hoc
886 4839 1012 4905 quo
1053 4816 1139 4882 ad
1180 4816 1416 4882 librum
1461 4820 1605 4905 peri
1662 4817 2013 4901 ermenias3
2073 4816 2188 4881 sed
2238 4840 2364 4904 quo
2418 4816 2504 4882 ad
2555 4815 2791 4882 librum
2832 4817 3167 4904 Purphirii

349 4916 640 4982 raciones
696 4918 976 5005 quinque
1030 4917 1487 4982 universalium
1543 4926 1634 4999 et,
1690 4918 1964 4982 termino
2019 4918 2385 5002 proposito,
2449 4939 2534 4981 an
2590 4939 2828 5003 genus,
2895 4917 3163 5004 species,

358 5008 710 5081 differentia
752 5014 855 5082 vel
899 5014 1077 5080 aliud
1117 5014 1578 5081 universalium
1621 5016 1736 5099 sit3
1793 5024 1856 5080 et
1897 5037 2023 5102 quo
2066 5014 2151 5079 ad
2192 5014 2427 5081 librum
2467 5016 3165 5102 praedicamentorum¹

356 5121 500 5196 quot
527 5126 592 5181 et
614 5138 778 5202 quae
811 5116 940 5181 sint
969 5114 1646 5203 antepraedicamenta
1669 5136 1828 5179 vera
1853 5124 1918 5179 et
1938 5114 2631 5202 postpraedicamenta,
2676 5124 2739 5181 et
2768 5117 2948 5181 cuius
2978 5136 3164 5202 prae—

519 5338 542 5388 1
585 5333 694 5389 Die
711 5333 939 5403 Lesung
957 5332 1054 5388 des
1073 5333 1296 5389 Wortes
1319 5332 1392 5387 ist
1413 5330 1673 5388 unsicher
1691 5330 1802 5385 und
1828 5329 1929 5385 mit
1958 5329 2049 5385 ihr
2079 5330 2169 5386 die
2206 5331 2303 5387 des
2335 5330 2631 5403 folgenden
2666 5328 3159 5404 gleichlautenden.

483 5434 916 5475 nra-rurmuou
948 5436 1064 5473 nna
1097 5436 1241 5474 τηαν.
1274 5435 1512 5476 aarum.
2751 5424 2829 5487 27
