4038 6358
989 628 1068 693 82
1945 625 2047 676 Die
2082 626 2321 677 Statuten
2362 640 2487 677 vom
2524 624 2688 677 Jahn-e
2729 630 2872 687 15⁴³,

986 807 1042 870 si
1083 828 1325 891 magna
1377 815 1571 895 atque
1629 806 1822 872 valde
1876 807 2086 873 ardua
2127 830 2232 873 res
2273 816 2386 873 aut
2428 829 2627 874 causa
2681 807 3011 892 inciderit,
3072 806 3523 873 universitatis
3590 804 3864 871 schola-

981 907 1182 971 sticae
1206 904 1540 993 publicum
1562 907 1903 973 eonsilium
1943 918 2160 975 rector
2200 909 2547 975 convocari
2591 907 2859 991 iubebit,
2900 908 2967 973 in
2986 930 3115 995 quo
3142 906 3454 997 quicquid
3490 907 3859 973 decretum

983 1006 1208 1088 fuerit,
1266 1004 1336 1070 id
1392 1015 1605 1071 rector
1662 1008 1895 1095 exequi
1945 1009 2141 1096 inque
2194 1030 2269 1073 eo
2337 1008 2713 1095 exequendo
2772 1006 3126 1075 consiliarii
3181 1007 3519 1073 nationum
3598 1005 3866 1072 rectori

955 1127 1187 1195 ,opera
1228 1113 1293 1170 et
1334 1104 1659 1173 industria
1702 1129 1820 1175 sua
1858 1117 2121 1196 praesto
2164 1129 2308 1175 esse
2346 1106 2689 1175 debebunt.

937 1350 972 1406 5
2240 1346 2457 1411 caput
2495 1347 2559 1399 X.

1020 1509 1114 1558 DE
1156 1510 1631 1559 mummuleno
1674 1508 2156 1561 mlsrnomm
2192 1511 2643 1563 PUBLICORUM
2682 1510 3207 1563 UNIVERSITA'HS
3250 1509 3823 1561 SCHOLASTICAE.

1141 1624 1427 1691 Ministri
1468 1624 1734 1713 publici,
1774 1648 1934 1712 quos
1977 1626 2251 1693 famulos
2292 1628 2737 1695 universitatis
2780 1637 3039 1712 vocant,
3080 1627 3386 1694 iurabunt

1141 1742 1194 1825 1,
1237 1738 1682 1809 obedienciam
1725 1765 1796 1807 se
1837 1744 2076 1813 rectori
2120 1752 2185 1809 et
2226 1745 2708 1812 successoribus
2749 1746 2955 1832 ipsius
3000 1746 3427 1831 praestituros
3470 1766 3651 1811 esse.

1137 1856 1220 1939 Π,
1265 1858 1458 1945 quod,
1501 1880 1668 1947 quae
1708 1860 1775 1923 in
1817 1860 2175 1927 ministerio
2225 1883 2343 1927 suo
2402 1860 2582 1949 apud
2616 1870 2931 1929 rectorem
2981 1860 3085 1926 vel
3138 1862 3208 1925 in
3250 1860 3520 1926 consilio
3588 1866 3861 1925 secreta

898 1968 961 2023 10
977 1966 1040 2023 et
1081 1956 1353 2023 celanda
1393 1957 1751 2041 audierint,
1794 1959 2180 2025 resciverint
2190 2007 2209 2042 ,
2250 1962 2673 2047 cognoverint
2716 1970 2853 2044 ete,
2894 1961 3135 2025 nemini
3180 1959 3460 2049 prodere
3500 1969 3631 2026 aut
3674 1956 3849 2023 indi-

978 2068 1150 2126 care*
1186 2055 1406 2123 velint.
1491 2057 1697 2124 Iidem
1753 2080 2018 2125 munere
2073 2059 2201 2125 sibi
2258 2058 2645 2127 demandato
2699 2060 2993 2126 fideliter·
3033 2080 3289 2149 quoque
3339 2069 3649 2148 tempore
3710 2058 3854 2123 fun-

1057 2164 1230 2222 ntur.

975 2178 1058 2243 ge
1140 2256 1256 2321 111.
1297 2255 1630 2344 Imprimis
1655 2256 2027 2325 iocationes
2068 2266 2135 2323 et
2174 2258 2568 2346 praeitiones
2610 2262 2679 2325 in
2723 2257 3145 2325 conventibus
3190 2257 3471 2346 publicis
3515 2267 3585 2323 et
3632 2255 3851 2321 solen-

973 2357 1164 2423 nibus
1225 2355 1447 2422 sedulo
1507 2356 1926 2423 accurabunt.
2040 2356 2295 2439 Quodsi
2346 2358 2509 2425 alter
2570 2358 2843 2425 ambove
2905 2357 3158 2425 dimissi
3218 2359 3460 2425 fuerint
3468 2408 3491 2443 ,
3547 2357 3645 2424 ob
3722 2356 3845 2421 hoc

897 2467 957 2522 15
974 2457 1216 2523 nemini
1259 2455 1649 2523 maledicent
1686 2478 1895 2545 neque
1935 2458 2494 2525 conviciabuntur.

2218 2698 2435 2763 caput
2468 2698 2563 2749 x1.

1794 2862 1889 2911 DE
1931 2862 2215 2914 MULCTA
2260 2861 2537 2910 EXAOTA
2576 2861 2621 2909 Δ
2664 2860 3005 2909 ΒΕΟΤΟΒΕ.

1139 2977 1212 3043 Si
1258 3001 1509 3044 summa
1551 2978 1930 3067 pecuniaria
1970 2980 2315 3044 universae
2357 2976 2633 3041 mulctae
2649 3025 2668 3058 ,
2730 2998 2921 3061 quam
2965 2999 3007 3042 a
3045 2972 3566 3063 delinquentibus
3610 2982 3833 3039 rector

974 3080 1210 3165 exegit,
1250 3100 1383 3143 non
1423 3080 1778 3144 excesserit
1818 3078 2097 3143 florenos
2138 3087 2293 3162 tres,
2336 3078 2607 3143 rectoris
2651 3098 2728 3141 ea
2773 3077 3049 3162 pecunia
3087 3087 3246 3140 esto·
3332 3074 3407 3141 Si
3447 3076 3831 3153 excesserit,

890 3189 958 3244 20
974 3187 1107 3244 tres
1149 3176 1378 3244 floreni
1421 3179 1692 3245 rectoris
1735 3188 1925 3245 sunto
1967 3187 2034 3244 et
2073 3177 2363 3266 reliquae
2406 3178 2671 3266 insuper
2710 3176 3025 3264 pecuniae
3064 3176 3285 3242 triens.

2214 3418 2433 3481 Caput
2464 3415 2585 3468 xn.

971 3587 1088 3654 nr,
1134 3586 1318 3648 omn
1358 3584 1632 3634 Pmoms
1681 3539 2055 3632 snuns‘rms
2100 3580 2379 3630 macron
2408 3581 2852 3646 mmmmm-r,
2894 3581 2982 3630 EA
3007 3581 3101 3630 An
3132 3579 3620 3631 succnssonsu
3663 3579 3826 3628 Exs-

2010 3681 2294 3742 annnA
2332 3679 2790 3730 Pnn‘rmnm'r.

1135 3801 1300 3868 Item
1342 3807 1552 3865 rector
1595 3799 2033 3884 cuiuscunque
2076 3797 2404 3862 semestris
2447 3794 2643 3862 debet
2676 3798 2940 3884 exigere
2980 3795 3257 3862 mulctas
3298 3796 3383 3862 ab
3426 3797 3530 3879 iis,
3578 3794 3817 3884 quibus

892 3903 1124 3969 25illae
1162 3899 1448 3966 indictae
1485 3897 1725 3962 fuerint
1770 3896 1851 3962 de
1893 3898 2213 3962 sententia
2253 3918 2675 3962 assessorum.
2751 3894 2946 3977 Quod
3003 3897 3059 3962 si
3102 3918 3299 3984 quam
3338 3898 3670 3980 mulctam,
3716 3892 3815 3957 vel

973 4001 1222 4069 totam¹
1264 4007 1520 4086 partem
1562 3996 1754 4079 illius,
1799 4018 1927 4061 non
1970 3997 2294 4083 exegerit,
2332 3995 2616 4082 itemque
2658 3995 2807 4079 alia,
2850 4018 3017 4084 quae
3060 4005 3352 4085 tempore
3396 3998 3819 4084 magistratus

979 4104 1080 4167 sui
1125 4097 1379 4165 absolvi
1422 4118 1550 4163 non
1595 4096 1935 4183 potuerint,
1979 4117 2060 4161 ea
2102 4097 2320 4162 omnia
2362 4094 2706 4181 diligenter
2748 4105 3058 4161 annotata
3102 4099 3463 4164 successori
3509 4118 3625 4161 suo
3664 4105 3818 4159 tam-

974 4223 1166 4287 quam
1208 4197 1303 4263 illi
1343 4195 1562 4262 oblata
1602 4197 1865 4285 negotia
1905 4195 2232 4284 relinquat
2270 4193 2673 4282 exequenda,
2717 4197 2829 4282 qui
2870 4197 3013 4284 ipse
3059 4219 3188 4283 qua
3211 4199 3452 4284 poterit
3480 4192 3816 4281 diligentia

975 4308 1348 4388 exequetur.
1411 4295 1488 4362 In
1531 4293 1981 4361 exactionibus
2024 4305 2239 4361 autem
2278 4294 2665 4362 muletarum
2706 4297 2799 4360 ita
2843 4293 3259 4383 procedatur,
3300 4297 3539 4383 primo,
3582 4295 3693 4383 qui
3737 4289 3814 4355 ad

891 4410 960 4466 30
978 4396 1358 4466 solvendum
1389 4406 1665 4479 tenetur,
1703 4395 1762 4459 is
1807 4394 2059 4460 solvere
2101 4394 2274 4483 quod
2314 4393 2508 4460 debet
2546 4395 2719 4460 infra
2757 4397 3095 4481 proximos
3140 4407 3483 4482 sequentes
3526 4394 3665 4460 dies
3704 4411 3813 4457 sex

974 4508 1086 4565 aut
1128 4519 1404 4586 poenam
1445 4496 1731 4562 carceris
1769 4495 2055 4560 sufferre
2108 4493 2439 4578 iubeatur3
2500 4495 2556 4558 si
2612 4516 2743 4561 non
2794 4495 3113 4581 paruerit,
3169 4495 3347 4562 idem
3394 4495 3491 4562 illi
3544 4505 3644 4560 ter
3700 4511 3812 4580 pro

973 4621 1152 4665 more
1193 4596 1566 4679 mandetur,
1622 4593 1880 4683 publice
1933 4597 2267 4680 proposito
2323 4595 2567 4681 scripto
2620 4616 2742 4682 pro
2782 4591 3003 4660 ⁴valvis
3072 4595 3659 4662 ecclesiasticarum
3710 4597 3813 4656 aut

975 4698 1506 4765 scholasticarum
1545 4695 1820 4776 aedium,
1865 4703 1930 4759 et
1972 4693 2113 4760 dies
2158 4695 2452 4761 similiter
2495 4694 2962 4782 praefinientur
3005 4703 3269 4782 septem.
3346 4693 3472 4762 Cui
3515 4693 3812 4762 mandato

976 4802 1032 4866 si
1084 4808 1149 4864 et
1206 4799 1335 4884 ipsi
1353 4799 1378 4839 ²
1434 4816 1565 4861 non
1619 4793 1954 4877 obedierit,
2010 4795 2253 4860 referre
2314 4795 2394 4860 de
2436 4794 2559 4860 hac
2620 4795 3024 4860 contumacia
3080 4803 3293 4860 rector
3348 4797 3437 4862 ad
3494 4797 3811 4885 publicum

890 4909 956 4966 35
977 4898 1314 4966 consilium
1355 4903 1420 4962 et
1458 4892 1702 4960 ibidem
1745 4893 1826 4958 de
1867 4895 2173 4979 graviore
2214 4896 2283 4959 in
2323 4903 2762 4960 contumacem
2804 4915 3017 4980 poena
3058 4903 3251 4982 atque
3290 4898 3485 4963 etiam
3531 4897 3612 4964 de
3666 4894 3811 4962 rele-

973 5000 1236 5086 gatione
1280 4997 1454 5063 illius
1497 4991 1848 5060 deliberari
1889 4992 2169 5058 debebit.

1117 5302 1136 5352 1
1181 5297 1261 5351 Es
1295 5295 1434 5352 fehlt
1465 5296 1566 5350 vel.
1767 5301 1798 5350 2
1833 5293 2206 5352 Geschrieben
2245 5295 2391 5352 steht
2424 5298 2558 5368 ipse.

3996 4885 4008 5265 -ἦήἠᾼὴᾼᾼ
4003 4772 4007 4841 -«,
4005 4707 4007 4719 ,Α
