4038 6358
1245 579 1346 630 Die
1385 579 1751 630 Reformation
1782 593 1906 629 vom
1939 579 2107 630 Jahre
2148 583 2293 630 1⁴38.
3145 584 3183 642 7

276 753 846 824 deliberavimus
885 782 1082 847 super
1123 761 1318 828 certis
1358 759 1930 828 reformationibus
1970 783 2092 848 pro
2137 761 2409 828 comodo
2419 811 2439 844 ,
2494 763 2888 828 incremento
2931 771 2997 826 et
3035 785 3183 848 pro-

275 856 612 942 speritate
679 859 994 928 eiusdem
1063 859 1272 928 almae
1337 861 1780 926 universitatis
1839 859 2105 926 edendis
2118 910 2137 944 ,
2209 883 2287 926 ac
2345 883 2538 947 super
2598 884 2675 927 eo
2733 859 3185 927 nonnullorum

275 955 672 1043 peritorum
725 958 1030 1028 consiliis
1071 959 1396 1044 requisitis
1439 969 1504 1026 et
1542 958 1784 1026 habitis
1803 1010 1822 1044 ,
1879 959 2140 1026 tandem
2157 1011 2178 1044 ,
2235 970 2621 1048 cooperante
2666 961 2929 1048 spiritus
2976 961 3186 1024 sancti

271 1055 550 1142 gracia,
615 1056 724 1124 de
793 1059 1096 1143 consilio,
1158 1080 1475 1126 consensu
1524 1069 1590 1126 et
1639 1060 1968 1128 voluntate
2024 1061 2363 1127 memorati
2416 1059 2757 1126 reverendi
2808 1062 2879 1124 in
2918 1057 3183 1125 Christo

275 1156 522 1244 patris,
565 1160 905 1248 episcopi
932 1158 1512 1246 Merseburgensis,
1556 1159 1948 1244 cancellarii,
1992 1161 2468 1227 conservatoris
2499 1161 3018 1247 praememorati,
3051 1181 3183 1223 una
3232 1167 3263 1223 5

276 1278 424 1322 cum
467 1259 710 1324 certis
767 1260 902 1324 suis
941 1257 1206 1344 collegis
1245 1257 1460 1326 dictae
1499 1257 1708 1326 almae
1747 1260 2157 1326 universitati
2196 1282 2317 1347 pro
2359 1258 2819 1326 reformatione
2869 1281 2988 1323 sua
3034 1279 3181 1323 con·

281 1355 696 1424 stimtiones
727 1367 800 1424 et
823 1367 1066 1426 statuta
1085 1359 1504 1446 infrascripta
1525 1358 1826 1425 duximus
1857 1357 2143 1425 edendas
2170 1371 2233 1428 et
2272 1358 2545 1440 edenda,
2589 1368 2783 1446 prout
2814 1365 3183 1444 sequuntur.

449 1455 724 1522 Primo
777 1460 1150 1542 statuimus,
1190 1458 1484 1525 volumus
1527 1467 1592 1524 et
1633 1457 2043 1539 ordinamus,
2104 1481 2187 1524 ne
2228 1458 2523 1524 decetero
2567 1458 2867 1545 praefata
2906 1457 3183 1522 facultas

281 1559 348 1621 in
387 1553 804 1622 lectoribus
855 1557 1138 1641 deficiet,
1195 1566 1267 1622 ut
1317 1559 1384 1622 in
1438 1556 1710 1645 collegio
1765 1567 1990 1625 nostro
2030 1559 2263 1624 maiori
2305 1568 2463 1646 aput
2483 1567 2489 1572 ’
2510 1566 2801 1622 sanctum
2842 1555 3185 1622 Nicolaum

283 1655 458 1720 duae
521 1655 1030 1744 eollegiaturae
1066 1658 1364 1744 proxime
1404 1667 1716 1724 vacantes
1755 1657 1826 1724 in
1861 1668 2248 1746 perpetuum
2290 1661 2421 1724 sint
2456 1679 2579 1744 pro
2622 1655 2873 1722 duobus
2912 1655 3181 1722 valenti-
3204 1667 3268 1721 10

285 1756 412 1822 bus
475 1751 898 1824 decan-ibus
953 1759 1024 1824 in
1087 1757 1422 1824 medicinis
1479 1766 1882 1841 reservatae,
1957 1766 2022 1823 et
2072 1756 2248 1843 quod
2306 1757 2395 1824 ad
2444 1777 2557 1823 eas
2600 1765 3003 1822 assumentur
3056 1753 3183 1820 duo

285 1855 568 1939 medici,
615 1879 772 1924 non
813 1857 1042 1924 habita
1083 1855 1496 1924 distinctione
1533 1858 1896 1940 nationum,
1935 1857 2051 1944 qui
2090 1855 2367 1944 legendo
2408 1855 2679 1944 singulis
2718 1854 2949 1920 diebus
2990 1853 3183 1941 perfi-

293 1978 448 2020 cere
495 1959 824 2044 poterint
875 1980 955 2022 ac
1005 1958 1074 2022 in
1125 1957 1358 2024 ceteris
1412 1954 1662 2022 actibus
1709 1955 2068 2022 scolasticis
2122 1957 2193 2022 in
2232 1959 2525 2044 ipsorum
2572 1955 2881 2022 facultate
2936 1953 3185 2018 utiliter

290 2077 652 2142 praeesse.
731 2055 1000 2124 Debent
1035 2077 1288 2142 quoque
1325 2055 1456 2122 duo
1497 2053 1594 2122 illi
1633 2053 1870 2120 medici
1893 2076 2043 2120 cum
2069 2055 2429 2171 collegiatis
2470 2057 2701 2124 ceteris
2738 2055 2895 2120 dicti
2926 2049 3185 2138 collegii

297 2157 588 2222 maioris
639 2158 722 2222 in
765 2156 1039 2243 singulis
1075 2153 1576 2224 obventionibus
1618 2154 2045 2241 participare,
2104 2156 2161 2222 si
2198 2157 2269 2221 in
2308 2154 2581 2243 collegio
2626 2165 2801 2222 stare
2842 2153 3181 2240 elegerint.
3205 2161 3267 2217 15

301 2252 472 2318 alias
519 2256 600 2318 in
653 2253 804 2322 solo
850 2277 1124 2343 corpore
1165 2255 1626 2342 collegiatus-ae
1667 2252 1904 2320 debent
1945 2275 2088 2320 esse
2132 2256 2437 2320 contenti.

477 2353 668 2419 Item
730 2355 1028 2422 volumus
1081 2365 1148 2420 et
1196 2355 1572 2424 ordinamus
1587 2404 1605 2440 ,
1666 2361 1738 2419 ut
1791 2361 1934 2418 octo
1991 2351 2453 2439 collegiaturae
2504 2355 2573 2418 in
2630 2361 2855 2420 nostro
2910 2350 3186 2440 collegio

309 2453 632 2538 praefato
683 2464 994 2522 maneant
1038 2477 1164 2542 quo
1219 2455 1306 2522 ad
1361 2455 1846 2544 dispositionem
1902 2453 2235 2519 nationum
2290 2455 2359 2518 in
2414 2452 2822 2520 ordinatione
2870 2449 3184 2518 laudabili

316 2549 656 2618 hactenus
703 2553 1072 2638 observata,
1117 2555 1232 2624 sed
1277 2579 1404 2640 quo
1447 2553 1532 2623 ad
1571 2551 1868 2620 residuas
1917 2549 2083 2618 duas
2130 2551 2585 2638 collegiatus-as
2630 2559 2920 2618 servetur
2958 2560 3185 2617 toruus

313 2650 490 2716 inter
535 2653 878 2736 nationes,
919 2663 992 2719 ut
1027 2677 1200 2722 nunc
1239 2655 1366 2722 hiis
1409 2677 1582 2720 nunc
1619 2653 1750 2722 illis
1789 2653 1974 2718 iuxta
2015 2650 2307 2718 ordinem
2346 2649 2429 2716 de
2470 2654 2562 2718 eis
2604 2651 3046 2740 provideatur.
3198 2659 3269 2718 a)

487 2749 838 2832 Quoniam
879 2775 1036 2820 vero
1073 2754 1390 2822 namalis
1433 2751 1804 2841 expostulat
1842 2751 2010 2818 ratio
2057 2751 2347 2836 iurisque
2388 2749 2729 2839 dispositio
2772 2751 2946 2816 idem
2990 2752 3183 2839 profi·

319 2859 490 2916 tetur
504 2900 526 2934 ,
605 2862 690 2918 ut
729 2851 824 2918 hii
880 2863 1126 2920 ceteros
1183 2853 1512 2941 pinguiori
1563 2849 1962 2940 praecellant
2016 2848 2341 2938 stipendio
2354 2898 2373 2932 ,
2430 2872 2591 2934 quos
2644 2850 2833 2918 labor
2884 2860 3188 2940 expectat

325 2949 671 3036 prolixior
711 2953 1084 3039 fructusque
1126 2952 1344 3018 utilior
1387 2952 1550 3020 alios
1594 2952 1750 3018 facit
1793 2951 2070 3033 anteire,
2118 2949 2270 3014 hinc
2312 2957 2439 3031 est,
2480 2948 2656 3036 quod
2694 2950 3013 3034 volumus,
3054 2960 3184 3016 sta·

327 3051 576 3116 tuimus
635 3062 710 3118 et
765 3049 1136 3120 ordinamus
1148 3099 1168 3135 ,
1231 3061 1302 3118 ut
1341 3052 1434 3118 hii
1491 3051 1618 3120 duo
1671 3050 1936 3138 phisici,
2003 3051 2115 3136 qui
2169 3049 2258 3116 ad
2310 3049 2655 3136 legendum
2710 3050 2982 3138 singulis
3040 3050 3185 3116 die-

329 3146 451 3215 bus
501 3149 896 3265 legibilibus
935 3152 1326 3239 praeceteris
1373 3151 1500 3219 sint
1531 3148 1892 3236 collegiatis
1931 3150 2239 3233 asstricti,
2280 3148 2451 3215 ultra
2482 3149 2903 3217 obventiones
2926 3147 3183 3238 collegii
3200 3157 3267 3215 25

332 3250 606 3315 maioris
653 3250 939 3317 habeant
981 3250 1372 3337 stipendium
1416 3251 1688 3318 duarum
1743 3249 2308 3335 collegiaturarum
2360 3250 2430 3315 in
2474 3248 2747 3335 collegio
2802 3260 3025 3317 nostro
3066 3251 3183 3317 mi-

332 3351 476 3415 nori
523 3360 696 3438 aput
733 3359 1026 3417 sanctum
1067 3348 1332 3417 Petrum
1373 3352 1674 3439 proxime
1725 3351 2141 3430 vacancium,
2185 3371 2345 3436 quas
2384 3358 2451 3415 et
2487 3372 2607 3417 nos
2649 3370 2769 3436 per
2808 3360 3183 3437 praesentes

341 3471 458 3534 pro
503 3451 606 3515 eis
650 3472 1062 3515 reservamus
1098 3451 1168 3517 in
1209 3460 1608 3538 perpetuum.

499 3550 608 3615 Ne
673 3572 830 3615 vero
892 3548 1150 3619 deficiat
1213 3572 1519 3617 numerus
1587 3552 2045 3637 magistrorum
2108 3547 2365 3635 collegii
2424 3546 2715 3613 eiusdem
2730 3596 2749 3629 ,
2826 3548 3184 3632 statuimus,

343 3646 644 3715 volumus
687 3659 752 3715 et
791 3648 1194 3734 ordinamus,
1249 3660 1324 3717 ut
1369 3648 1458 3715 ad
1497 3648 1828 3738 praefatas
1871 3648 2033 3715 duas
2090 3647 2546 3734 collegiaturas
2597 3646 2724 3713 duo
2770 3658 3179 3715 assumantur
3196 3657 3269 3713 30

345 3748 592 3813 arcium
637 3750 969 3835 magistri,
1013 3744 1345 3817 nationum
1383 3759 1602 3817 tamen
1648 3748 1870 3815 debita
1912 3758 2175 3815 servata
2214 3746 2625 3813 distinctione
2638 3796 2656 3829 ,
2710 3748 2824 3833 qui
2863 3747 2932 3812 in
2975 3770 3183 3813 came-

352 3845 434 3909 ris
473 3870 556 3911 ac
603 3846 875 3933 singulis
919 3848 1066 3915 aliis
1098 3848 1384 3918 eiusdem
1425 3846 1682 3935 collegii
1715 3846 2233 3929 obventionibus,
2274 3845 2429 3913 solis
2466 3846 2849 3933 corporibus
2884 3845 3180 3933 collegia-

349 3954 642 4013 turarum
683 3968 804 4035 pro
847 3948 1136 4032 medicis,
1179 3958 1250 4015 ut
1293 3949 1744 4035 praemittitm,
1787 3948 2158 4029 reservatis,
2202 3968 2345 4011 cum
2378 3946 2524 4013 aliis
2563 3948 2883 4033 praetacti
2926 3945 3185 4033 collegii

355 4044 712 4133 collegiatis
754 4050 1150 4135 participare
1193 4046 1472 4113 debeant
1511 4046 1802 4135 plenarie
1847 4058 1912 4113 et
1953 4044 2229 4129 admitti,
2274 4048 2527 4133 sintque
2567 4045 2653 4112 ab
2697 4045 2993 4112 omnibus
3036 4068 3183 4111 one-

353 4143 524 4213 ribus
565 4170 868 4231 mensae,
909 4146 1114 4213 donec
1161 4148 1256 4213 eis
1297 4155 1410 4213 aut
1449 4146 1643 4213 alicui
1685 4168 1904 4215 eorum
1941 4148 2012 4212 in
2055 4168 2325 4233 corpore
2364 4148 2699 4233 provisum
2736 4146 2962 4229 fuerit,
3004 4146 3181 4233 peni·
3202 4156 3269 4213 35

358 4252 452 4309 tus
493 4249 852 4313 exonerati.
937 4247 1100 4315 Cum
1149 4268 1304 4313 vero
1355 4246 1587 4332 aliquis
1600 4296 1620 4330 ,
1679 4248 2110 4333 cuiuscunque
2150 4248 2437 4311 nationis
2488 4247 2712 4330 fuerit,
2760 4246 2845 4312 de
2876 4244 3023 4310 aliis
3068 4268 3185 4311 sex

360 4366 494 4411 cum
560 4369 841 4435 corpore
907 4345 1363 4433 collegiaturae
1415 4346 1817 4435 integraliter
1870 4344 2329 4433 praebendatis
2382 4345 2762 4430 decesserit,
2831 4345 2918 4410 ad
2970 4344 3185 4411 locum

359 4442 536 4513 huius
583 4448 834 4534 primus
889 4447 1160 4514 istorum
1214 4446 1488 4513 duorum
1541 4448 1612 4513 in
1663 4468 1938 4533 corpore
1977 4445 2284 4511 succedat
2336 4468 2415 4511 ac
2458 4446 2571 4511 uni
2620 4444 2704 4509 de
2758 4446 3017 4511 natione
3074 4444 3183 4509 de-

360 4542 550 4611 funcfi
591 4545 676 4611 de
715 4544 886 4613 illius
924 4546 1068 4613 loco
1112 4545 1232 4613 sub
1275 4547 1756 4634 exspectatione
1801 4548 2093 4633 corporis
2148 4554 2213 4611 et
2252 4544 2349 4610 sic
2389 4544 2695 4632 deinceps
2741 4543 3183 4630 provideatur,

364 4653 428 4707 ut
463 4649 558 4713 sic
599 4647 1058 4733 magistrorum
1097 4647 1396 4733 antiquus
1445 4656 1736 4713 servetur
1773 4668 2077 4711 numerus
2119 4668 2199 4711 ac
2222 4646 2293 4710 in
2330 4646 2520 4709 unius
2550 4643 2874 4709 facultatis
2908 4641 3182 4730 collegio
3199 4653 3269 4709 40

365 4747 566 4813 unitas
609 4754 872 4811 maneat
911 4746 1412 4834 professionum·
1455 4747 1566 4832 qui
1591 4746 1800 4811 eciam
1841 4746 1910 4811 in
1939 4754 2213 4832 utroque
2237 4742 2651 4830 collegiorum
2684 4740 3059 4867 stipendiati
3098 4742 3185 4809 ad

366 4845 700 4911 tenendum
741 4844 1140 4914 honestatem
1182 4866 1444 4911 mensae
1487 4845 1618 4913 sint
1653 4844 1921 4911 astricti.

517 4944 682 5011 Item
707 4942 1004 5015 volumus
1032 4953 1097 5009 et
1120 4943 1524 5011 decernimus
1560 4952 1935 5027 statuentes,
1973 4966 2059 5009 ne
2088 4942 2251 5009 adeo
2276 4941 2646 5024 indiscrete,
2686 4942 2852 5007 sicut
2874 4940 3185 5007 hactenus

374 5042 778 5113 observatum
821 5054 942 5127 est,-
979 5044 1172 5111 alicui
1217 5043 1696 5113 sallariatorum
1738 5043 2085 5110 absenciae
2123 5041 2396 5109 licencia
2434 5050 2799 5129 praestetur
2839 5050 2904 5107 et
2942 5040 3183 5108 tribua-

372 5152 478 5209 tur.
557 5142 874 5211 Volumus
917 5146 1117 5231 igitur
1169 5155 1234 5213 et
1285 5146 1626 5213 statuimus
1639 5193 1658 5227 ,
1713 5154 1814 5227 ut,
1866 5140 2377 5230 quandocunque
2428 5140 2663 5227 aliquis
2708 5139 2790 5205 de
2835 5140 3181 5210 sallariatis
3199 5150 3269 5207 4⁵

373 5254 617 5311 nostrae
655 5245 1096 5311 universitatis
1137 5245 1208 5311 in
1260 5246 1388 5313 alio
1431 5245 1574 5312 loco
1630 5244 1912 5311 officium
1947 5239 2213 5327 aliquod
2246 5240 2673 5329 praedicandi
2722 5250 2835 5309 aut
2886 5240 3181 5329 syndicav
