4038 6358
837 633 959 697 400
1811 631 1914 682 Die
1949 632 2385 696 philosophische
2419 632 2674 684 Facultit.

837 819 1119 879 mentum
1141 812 1279 878 fore
1314 812 1754 876 infirmitatem
1791 822 1904 877 aut
1942 810 2318 879 absenciam
2356 813 2485 879 loci
2521 836 2606 880 ex
2640 834 2843 881 causa
2877 810 3273 894 rationabili,
3302 811 3402 878 vel
3427 812 3710 899 aliquid

838 909 1015 975 aliud
1059 933 1178 997 per
1219 910 1594 976 facultatem
1636 911 2155 998 approbandum.

1376 1086 1433 1145 5.
1479 1095 1661 1157 QUAE
1699 1095 1954 1145 an'no
2004 1096 2141 1144 Pno
2189 1095 2440 1145 ‘ranem
2479 1095 2722 1145 Aumm
2760 1080 3123 1146 POTEBIT.¹

2108 1216 2226 1278 vgl.
2262 1216 2331 1276 x,
2362 1215 2410 1267 8.

752 1337 785 1394 5
1012 1329 1175 1393 Item
1216 1327 1502 1414 quilibet,
1545 1327 1768 1393 volens
1810 1328 2036 1402 audire
2077 1327 2278 1397 libros
2323 1328 2409 1394 ad
2450 1328 2749 1416 gradum,
2798 1329 3003 1394 solum
3050 1327 3280 1394 audire
3305 1325 3491 1392 debet
3520 1324 3696 1390 duas

839 1427 1146 1494 lectiones
1191 1430 1259 1492 in
1302 1427 1410 1492 die
1455 1426 1536 1491 de
1573 1426 1760 1493 libris
1803 1428 1889 1493 ad
1935 1429 2212 1515 gradum
2253 1429 2700 1515 spectantibus
2745 1439 2809 1494 et
2844 1452 2976 1494 non
3017 1430 3259 1517 poterit
3303 1425 3528 1491 audire
3577 1424 3694 1489 ali-

841 1551 1037 1616 quam
1077 1550 1196 1616 pro
1240 1529 1444 1592 tercia
1481 1526 1782 1610 lectione,
1822 1529 1948 1592 nisi
2000 1527 2260 1615 loycam
2296 1528 2588 1616 Heysbri
2643 1538 2754 1594 aut
2807 1528 3276 1595 rethoricorum
3291 1576 3311 1611 ,
3371 1547 3537 1614 quae
3596 1533 3697 1589 est

834 1649 1222 1694 concurrens
1268 1649 1415 1691 cum
1454 1625 1583 1691 illa.
1663 1626 1734 1692 Si
1776 1649 1931 1692 vero
1982 1649 2168 1692 secus
2215 1623 2388 1716 [11¹³]
2430 1627 2687 1712 fecerit,
2743 1627 2906 1693 tales
2964 1627 3115 1693 libri
3174 1649 3306 1693 non
3360 1634 3506 1691 sunt
3563 1621 3692 1689 sibi

837 1725 1265 1815 computandi
1306 1749 1426 1812 pro
1472 1725 1712 1790 auditis
1755 1725 1839 1791 ad
1877 1725 2171 1813 gradum.

755 1905 820 1960 10
1272 1881 1277 1886 ⁴
1669 1898 1728 1959 6.
1781 1909 1876 1956 DE
1916 1907 2117 1957 mono
2164 1908 2511 1958 somnum
2557 1911 2849 1963 pssum.

2104 2027 2228 2091 val.
2262 2029 2329 2090 x,
2365 2030 2412 2080 7.

1004 2142 1166 2209 Item
1212 2142 1483 2228 quilibet
1522 2140 2001 2228 promovendus
2045 2142 2114 2205 in
2159 2140 2408 2209 artibus
2452 2140 2648 2207 debet
2686 2142 3105 2208 effectualiter
3164 2153 3317 2231 post
3370 2134 3680 2230 inceptio-

841 2266 986 2310 nem
1010 2243 1354 2308 lectionum
1380 2252 1445 2307 et
1478 2241 1943 2307 exerciciorum
1980 2240 2154 2305 infra
2187 2264 2469 2306 mensem
2515 2264 2637 2329 pro
2678 2241 2890 2329 gradu
2932 2266 3050 2330 per
3093 2266 3239 2309 eum
3282 2243 3682 2308 auditorum²

843 2342 1234 2409 satisfecisse
1299 2364 1419 2429 pro
1466 2339 1707 2406 eisdem
1762 2339 2171 2404 taxatoribus
2232 2342 2418 2406 iuxta
2480 2350 2703 2406 taxam
2765 2365 2806 2407 a
2866 2342 3176 2408 facultate
3232 2342 3489 2426 factam,
3563 2340 3678 2407 sub

767 2454 827 2510 15
846 2465 1056 2531 poena
1098 2463 1228 2506 non
1275 2440 1774 2527 computationis
1817 2439 1988 2504 illius
2030 2438 2324 2504 lectionis
2365 2440 2468 2505 vel
2512 2443 2834 2507 exercicii.
2929 2442 3215 2508 Tenetur
3258 2453 3473 2508 tamen
3531 2440 3679 2507 talis

838 2541 1077 2608 nichilo
1122 2542 1334 2605 minus
1380 2540 1698 2626 magistro
1741 2538 1981 2624 legenti
2026 2548 2137 2603 aut
2177 2539 2536 2625 disputanti
2579 2541 2868 2628 plenarie
2929 2542 3346 2627 satisfacere,
3388 2541 3552 2607 alias
3595 2540 3677 2605 ad

838 2650 1233 2728 temptamen
1301 2635 1894 2725 magistrandorum
1961 2661 2093 2704 non
2149 2637 2559 2723 admittatur,
2619 2642 2713 2705 sic
2770 2640 2943 2727 quod
2997 2665 3119 2729 pro
3170 2640 3560 2708 lectionibus
3616 2650 3675 2704 et

841 2742 1203 2823 exerciciis,
1246 2741 1302 2804 si
1331 2737 1516 2803 dives
1543 2738 1739 2802 fuerit
1782 2738 1921 2802 sive
1962 2737 2339 2803 domicellus
2382 2738 2653 2804 alicuius
2701 2742 3004 2826 magistri
3044 2751 3158 2806 aut
3200 2741 3308 2806 hic
3356 2742 3488 2805 suis
3531 2762 3673 2829 pro·

837 2842 1001 2928 priis
1031 2849 1144 2904 aut
1175 2860 1433 2903 suorum
1469 2848 1812 2922 parentum
1853 2837 1958 2901 vel
1998 2838 2353 2903 amicorum
2398 2847 2513 2904 aut
2554 2838 2825 2905 aliorum
2873 2840 3216 2927 stipendiis
3264 2849 3328 2906 et
3372 2840 3673 2926 expensis

751 2949 820 3006 20
840 2939 1126 3006 militans
1171 2959 1285 3002 seu
1326 2936 1622 3018 studens,
1669 2935 1880 3000 solvat
1921 2946 2154 3020 totum3
2214 2940 2270 3002 si
2310 2960 2467 3002 vero
2517 2939 2584 3002 in
2635 2949 2823 3026 parte
2867 2939 2971 3005 vel
3011 2941 3081 3004 in
3121 2949 3257 3006 toto
3302 2962 3374 3004 se
3417 2961 3672 3003 suarum

835 3038 1169 3105 laboribus
1211 3057 1517 3101 manuum
1573 3045 1686 3099 aut
1744 3037 2039 3101 serviciis
2098 3038 2300 3101 nutrit
2344 3046 2408 3101 et
2450 3047 2802 3122 sustentat,
2847 3061 2968 3126 pro
3018 3039 3411 3105 lectionibus
3453 3048 3670 3119 totum,

843 3140 957 3206 sed
997 3161 1119 3227 pro
1157 3137 1523 3219 exerciciiS,
1569 3135 1922 3201 secundum
1964 3136 2138 3225 quod
2181 3135 2590 3203 taxatoribus
2637 3138 2997 3224 videbitur,
3053 3130 3298 3224 sol'vat3
3363 3141 3422 3206 si
3465 3148 3671 3204 autem

834 3242 1091 3306 omnino
1131 3260 1417 3326 pauper,
1460 3235 1782 3301 redimere
1823 3237 2146 3322 signetum
2189 3237 2421 3303 decani
2460 3260 2592 3303 non
2633 3238 2891 3322 valens,
2933 3241 3160 3323 fuerit,
3201 3239 3402 3306 nichil
3451 3238 3672 3306 solvat.

1812 3408 1866 3467 7.
1917 3420 2012 3467 DE
2055 3419 2700 3470 DISPUTACIONIBUS.

749 3535 816 3593 25
1034 3525 1041 3534 ‘
2086 3538 2207 3602 νει.
2244 3540 2310 3600 x,
2357 3540 2432 3591 11.

1001 3656 1167 3723 Item
1208 3653 1428 3722 nullus
1462 3653 1982 3719 baccalariorum
2025 3650 2219 3716 debet
2255 3652 2510 3719 admitti
2553 3654 2639 3719 ad
2681 3663 3077 3741 temptamen
3124 3678 3246 3743 pro
3288 3655 3505 3741 gradu
3546 3677 3670 3720 ma·

835 3757 1111 3844 gisterii,
1153 3757 1281 3820 nisi
1325 3756 1394 3818 in
1434 3754 1839 3818 consciencia
1882 3774 2000 3816 sua
2044 3750 2237 3834 dicat,
2281 3752 2453 3839 quod
2497 3755 2678 3842 prius
2719 3756 2788 3820 in
2830 3755 3100 3840 triginta
3127 3755 3673 3843 disputationibus

841 3856 1190 3922 ordinariis
1234 3851 1755 3918 baccalariorum
1799 3850 2150 3937 arguebat,
2197 3853 2252 3915 si
2293 3852 2509 3918 locum
2554 3853 2872 3940 arguendi
2913 3853 3155 3919 habere
3199 3857 3432 3942 potuit.

998 3955 1159 4019 Item
1199 3950 1412 4017 nullus
1455 3950 1970 4016 baccalariorum
2013 3952 2263 4015 arcium
2307 3951 2686 4017 admittatur
2732 3952 2819 4017 ad
2857 3962 3251 4041 temptamen
3293 3957 3674 4041 magistran-

757 4055 1098 4134 30dorum,
1147 4052 1274 4116 nisi
1317 4053 1383 4115 in
1427 4053 1830 4116 consciencia
1872 4073 1991 4114 sua
2034 4049 2227 4133 dicat,
2272 4052 2447 4138 quod
2492 4053 2560 4115 in
2598 4053 2867 4138 triginta
2911 4052 3469 4140 disputacionibus
3512 4052 3677 4119 ordi-

842 4155 1044 4219 nariis
1072 4153 1533 4235 magistrorum
1558 4172 1868 4238 praesens
1895 4150 2090 4214 fuerit
2124 4161 2260 4215 tam
2301 4150 2432 4234 diu,
2476 4151 2680 4217 donec
2723 4150 3020 4220 adminus
3064 4154 3343 4240 quinque
3385 4153 3677 4238 magistri

836 4251 1221 4340 arguebant,
1264 4252 1320 4315 si
1365 4250 1593 4315 saltem
1635 4260 1731 4315 tot
1769 4249 1863 4314 ibi
1903 4250 2142 4314 fuerint
2182 4251 2481 4336 magistri
2520 4261 2883 4337 arguentes.

1640 4423 1694 4486 8.
1739 4434 1833 4481 nn
1876 4433 2164 4482 srmcu
2206 4435 2873 4486 mers'rmnoamt.

2090 4554 2302 4621 vg1.x‚
2347 4556 2422 4607 12.
2529 4627 2542 4638 J

751 4684 820 4740 35
1004 4670 1168 4737 Item
1198 4669 1411 4740 nullus
1448 4669 1825 4734 admittatur
1869 4668 1953 4732 ad
2000 4691 2274 4735 examen
2319 4693 2439 4758 pro
2479 4670 2691 4757 gradu
2731 4672 3093 4757 magisterii
3130 4671 3198 4736 in
3241 4670 3513 4755 artibus,
3557 4670 3674 4736 nisi

845 4774 912 4836 in
942 4770 1231 4858 collegiis
1272 4781 1383 4834 aut
1420 4768 1637 4834 bursis
1683 4790 1724 4833 a
1763 4768 2068 4834 facultate
2107 4768 2492 4856 approbatis
2537 4771 2834 4836 continue
2878 4773 3126 4836 steterit
3170 4770 3389 4859 ibique
3434 4772 3502 4838 in
3544 4793 3672 4836 sco·

840 4871 1087 4936 lasticis
1132 4869 1386 4935 actibus
1428 4866 1825 4935 latinizando
1843 4918 1861 4952 ,
1903 4868 2234 4954 arguendo
2280 4880 2343 4933 et
2386 4870 2840 4957 respondendo
2890 4869 3271 4958 diligencius
3327 4872 3397 4935 in
3456 4869 3671 4935 ordine

848 4991 965 5037 suo
1020 4993 1088 5035 se
1145 4972 1632 5034 exercitaverit:
1718 4970 1844 5032 nisi
1897 4968 2067 5032 filius
2129 4970 2412 5034 civitatis
2458 4971 2651 5035 fuerit
2706 4970 2809 5035 vel
2860 4970 3023 5036 alias
3080 4968 3241 5036 adeo
3293 4968 3668 5035 habundans

1012 5159 1035 5208 1
1079 5153 1187 5209 Die
1225 5152 1445 5208 Rubrik
1478 5150 1553 5204 ist
1580 5148 1682 5203 mit
1714 5148 2021 5203 schwarzer
2053 5148 2219 5204 'I'inte
2252 5149 2679 5223 nachgetragen.

1010 5244 1041 5294 2
1077 5238 1211 5293 Man
1247 5237 1403 5292 sollte
1443 5237 1606 5306 infra
1647 5250 1874 5287 merwem
1916 5230 2099 5289 hinter
2137 5235 2454 5290 auditomm
2501 5241 2794 5306 erwarten,
2830 5235 2962 5292 aber
2995 5235 3140 5292 auch
3177 5235 3346 5306 vm,
3382 5242 3414 5293 4
3451 5254 3504 5292 u.
3537 5235 3608 5306 X,
3638 5240 3662 5290 7

847 5322 918 5381 ist
948 5322 1189 5381 dissolbe
1222 5319 1628 5392 Wortstellung
1663 5318 1762 5373 wie
1797 5317 1929 5373 hier.
