4038 6358
1420 684 1521 736 Die
1571 686 1790 735 altesten
1827 683 2079 738 Statuten.
3053 692 3171 757 565

328 863 664 933 firmatum
676 917 693 949 ,
774 866 947 956 quod
1018 869 1088 932 in
1150 876 1343 932 antea
1410 868 1643 934 futuris
1718 869 2049 958 perpetuis
2101 868 2499 957 temporibus
2556 870 2715 937 nulli
2762 871 2945 938 locus
3002 873 3174 940 ultra

327 988 534 1031 unum
581 965 922 1033 dumtaxat
962 990 1201 1033 annum
1240 978 1606 1033 reservetur
1635 971 1670 1033 ¹.
1757 970 1902 1035 Hoc
1945 971 2115 1034 enim
2138 969 2163 1011 ²
2203 976 2513 1035 statutum
2559 971 2826 1058 singulis
2872 973 3059 1038 annis
3105 975 3174 1038 in

330 1066 634 1152 generali
678 1068 1148 1134 convocacione
1190 1066 1708 1133 baccalariorum
1749 1067 2132 1154 theologiae,
2175 1071 2351 1134 circa
2376 1070 2611 1134 festum
2634 1069 2899 1137 Martini
2944 1069 3030 1157 (d.
3082 1080 3173 1139 11.

329 1164 699 1255 November)
743 1168 884 1233 fieri
925 1177 1248 1249 consueta,
1292 1166 1617 1253 publicari
1660 1177 1722 1232 et
1763 1191 1906 1233 cum
1948 1168 2093 1233 aliis
2137 1171 2393 1234 statutis
2433 1168 2562 1256 legi
2607 1169 2858 1235 debeat.
2925 1170 3010 1236 Et
3055 1194 3173 1260 per
3290 1242 3296 1246 ,

333 1274 654 1331 statutum
694 1267 869 1332 istud
908 1265 1203 1354 quilibet,
1263 1269 1366 1332 cui
1408 1266 1588 1333 locus
1632 1277 1730 1332 est
1772 1277 2142 1333 reservatus
2207 1266 2292 1332 ad
2344 1291 2614 1351 annum,
2663 1266 2764 1354 [26
2782 1266 2832 1356 ²]
2879 1272 3166 1337 avisatus
3217 1282 3250 1337 5

332 1367 610 1448 existat,
653 1367 845 1454 quod,
892 1369 946 1431 si
989 1366 1162 1431 facta
1215 1390 1332 1431 sua
1374 1368 1544 1431 infra
1594 1389 1831 1431 annum
1877 1389 2001 1454 quo
2050 1364 2133 1431 ad
2175 1390 2471 1450 cursum,
2533 1370 2893 1435 sentencias
2939 1380 3002 1435 et
3044 1370 3173 1436 bir-

329 1467 456 1529 reti
499 1467 950 1553 recepcionem
993 1468 1179 1531 iuxta
1219 1465 1698 1531 ordinacionem
1744 1475 2125 1532 statutorum
2168 1490 2297 1531 non
2340 1465 2584 1550 fecerit,
2628 1469 2770 1554 ipso
2817 1468 2988 1534 facto
3032 1469 3175 1535 loco

334 1588 451 1631 suo
499 1567 590 1630 sit
633 1567 946 1653 privatus.
1030 1564 1118 1629 Et
1159 1565 1283 1630 hoc
1325 1575 1629 1629 statutum
1673 1565 1756 1630 ab
1801 1564 2099 1631 omnibus
2144 1565 2515 1632 doctoribus
2554 1566 2918 1653 theologiae
2970 1571 3174 1634 invio·

333 1663 632 1730 labiliter
672 1664 1007 1730 observari
1052 1674 1116 1729 et
1158 1666 1556 1729 manuteneri
1600 1674 1663 1728 et
1704 1663 1879 1729 nullo
1922 1665 2151 1748 modo,
2235 1687 2362 1730 uno
2421 1667 2626 1730 eciam
2670 1667 3169 1750 contradicente,

333 1764 630 1830 relaxari
676 1765 941 1847 debeat3
990 1772 1055 1828 et
1096 1765 1150 1828 si
1195 1765 1370 1852 quis,
1415 1785 1484 1828 se
1536 1763 1680 1828 aliis
1737 1764 2126 1850 opponendo
2146 1815 2163 1847 ,
2230 1763 2391 1830 illud
2449 1776 2757 1830 statutum
2812 1768 3162 1852 infringere
3192 1776 3255 1831 10

334 1873 732 1951 attemptare
813 1865 1353 1951 praesumpserit,
1434 1862 1625 1928 debet
1703 1886 1821 1951 per
1902 1863 2276 1929 facultatem
2344 1863 2764 1947 theologicam
2834 1865 3179 1932 arbitrarie

335 1988 579 2053 pumrl.

505 2170 607 2233 50.
647 2162 838 2229 Anno
879 2163 1121 2229 domini
1170 2168 1323 2230 1495
1372 2154 1477 2227 die
1514 2162 1728 2227 Brixii
1767 2164 2157 2229 confessoris
2197 2168 2287 2242 (d.
2334 2168 2427 2231 13.
2472 2164 2824 2251 November)
2874 2166 2941 2230 in
2983 2164 3177 2253 plena

336 2265 859 2350 congregacione
901 2264 1363 2348 magistrorum
1407 2261 1804 2348 theologicae
1841 2261 2170 2328 facultatis
2213 2263 2300 2328 ad
2344 2262 2680 2327 evitandas
2721 2263 3178 2351 displicencias

338 2372 538 2450 atque
595 2361 974 2428 concordias
1038 2360 1369 2448 augendas
1440 2361 1846 2427 concorditer
1919 2361 2289 2427 conclusum
2356 2362 2504 2444 fuit,
2589 2362 2770 2450 quod'
2824 2367 2891 2428 in
2961 2372 3172 2446 antea,
3203 2373 3260 2429 15

339 2462 859 2549 quandocunque
902 2462 1217 2547 contingit
1256 2460 1538 2545 aliquem
1579 2459 1685 2525 vel
1734 2460 1978 2547 aliquos
1998 2460 2436 2527 licenciandos
2473 2462 2543 2525 in
2576 2460 2902 2547 theologia
2926 2462 3175 2544 haberi,

341 2562 515 2650 quod
553 2572 794 2626 extunc
832 2559 1106 2625 facultas
1147 2559 1391 2624 scribat
1430 2560 1688 2625 domino
1717 2570 1940 2626 nostro
1962 2560 2525 2643 reverendissimo,
2569 2562 2872 2648 episcopo
2900 2560 3177 2627 Mersse·

337 2660 674 2747 burgensi,
718 2683 837 2747 pro
881 2658 1491 2725 vicecancellariatu
1533 2659 1894 2752 secundum
1946 2659 2239 2725 ordinem
2296 2669 2359 2724 et
2412 2661 2659 2723 senium
2721 2661 3181 2746 magistrorum

341 2770 493 2826 actu
535 2762 943 2845 regencium3
1013 2756 1116 2847 [26
1131 2756 1182 2846 b]
1246 2760 1339 2824 sic
1396 2768 1643 2841 tamen,
1728 2762 1781 2825 si
1841 2763 1984 2848 quis
2031 2758 2322 2824 ordinem
2366 2782 2548 2823 suum
2589 2759 2968 2846 neglexerit,
3011 2761 3183 2848 quod

341 2869 605 2941 extunc,
649 2881 979 2947 quousque
1023 2881 1167 2923 eum
1211 2858 1371 2923 ordo
1417 2860 1719 2944 tetigerit,
1764 2867 2122 2944 exspectet3
2167 2868 2230 2923 et
2252 2858 2422 2944 quod
2445 2860 2775 2944 peccunia,
2818 2882 2938 2946 per
2963 2859 3175 2925 huius-
3199 2869 3267 2926 20

343 2958 523 3023 modi
567 2958 1004 3024 licenciandos
1050 2955 1399 3023 secundum
1444 2958 1771 3023 facultatis
1828 2967 2068 3022 statuta
2119 2956 2496 3039 tribuenda,
2559 2957 2806 3022 decano
2860 2959 3185 3024 facultatis

346 3058 639 3123 eiusdem
683 3067 1132 3145 praesentetur
1175 3067 1238 3121 et
1283 3056 1632 3121 secundum
1691 3056 1865 3121 hunc
1917 3056 2206 3122 ordinem
2267 3057 2752 3143 infrascriptum
2819 3058 2987 3123 inter
3051 3082 3184 3124 ma·

347 3160 591 3242 gistros
638 3166 787 3223 actu
830 3166 1127 3244 regentes
1172 3155 1612 3221 distribuatur.
1696 3155 1941 3239 Prim0,
1983 3158 2041 3221 si
2086 3159 2168 3222 sit
2205 3181 2369 3222 unus
2420 3165 2671 3221 tantum
2724 3154 3183 3240 liceneiandus,

349 3266 554 3322 totam
596 3259 939 3345 pecuniam
979 3255 1557 3321 vicecancellarius
1599 3257 1907 3341 recipiat3
1997 3259 2053 3320 si
2087 3256 2212 3321 duo
2256 3257 2539 3339 fuerint,
2582 3260 2816 3322 iterum
2876 3259 3184 3345 recipiat3

349 3358 402 3421 si
444 3367 585 3423 tres
624 3356 1014 3422 licenciandi
1055 3357 1308 3438 fixerint,
1349 3367 1504 3420 tunc
1543 3355 1666 3421 hoc
1710 3355 1937 3421 ordine
1979 3354 2344 3437 dividatur,
2406 3356 2577 3441 quod
2618 3355 3265 3423 vicecancellarius25
3298 3351 3299 3354 '

351 3467 578 3543 partes
622 3456 895 3522 duorum
937 3457 1242 3542 recipiat,
1310 3455 1423 3520 sed
1481 3457 1684 3519 tercia
1740 3477 1896 3542 pars
1955 3454 2312 3541 aequaliter
2366 3457 2532 3519 inter
2586 3476 2805 3519 omnes
2840 3457 3183 3541 magistros

351 3566 499 3620 actu
541 3566 842 3642 regentes
894 3554 1256 3638 dividatur3
1322 3556 1378 3619 si
1421 3563 1695 3642 quatuor
1736 3552 1841 3618 vel
1881 3553 2119 3640 plures,
2173 3564 2325 3617 tunc
2379 3554 2833 3620 nichilominus
2888 3556 3182 3620 vicecan-

352 3655 656 3720 cellarius
698 3654 936 3720 habeat
981 3676 1235 3742 semper
1278 3665 1531 3741 partem
1576 3653 1866 3734 duorum,
1909 3651 2041 3717 alia
2073 3675 2238 3717 -vero
2285 3657 2559 3741 pecunia
2599 3656 2766 3718 inter
2796 3676 3015 3719 omnes
3049 3676 3180 3718 ma-

353 3756 615 3839 gistroS,
659 3756 852 3819 etiam
891 3751 1419 3819 vicecancellario
1464 3762 1941 3835 connumeratO,
1986 3751 2341 3840 aequaliter
2383 3753 2731 3835 dividatur,
2777 3762 2841 3818 et
2867 3752 3179 3835 similiter,

355 3855 408 3918 si
447 3854 625 3920 ultra
664 3853 827 3920 duos
867 3854 1107 3918 fuerint
1146 3851 1551 3935 licenciandi,
1598 3861 1750 3917 tunc
1795 3852 2101 3938 pecunia,
2157 3874 2322 3940 quae
2376 3853 2650 3918 nunccio
2705 3852 2787 3917 de
2846 3851 3035 3917 litera
3088 3852 3174 3918 fe·
3197 3861 3266 3920 30

354 3953 560 4020 renda
601 3953 814 4036 datur,
858 3954 1064 4021 eciam
1109 3950 1756 4040 proporcionabiliter
1796 3949 2146 4015 dividatur.

518 4159 618 4220 5¹.
664 4151 782 4240 [Bl.
825 4149 968 4240 27⁸]
1012 4151 1201 4217 Anno
1250 4151 1493 4218 domini
1541 4156 1696 4219 1503
1741 4150 1847 4215 die
1888 4156 1958 4216 21
1995 4152 2234 4215 mensis
2258 4149 2506 4237 Aprilis
2536 4151 2720 4215 iuxta
2757 4149 3175 4216 illustrissimi

361 4253 675 4339 principis
718 4261 782 4317 et
824 4251 1086 4335 domini,
1144 4251 1384 4318 domini
1421 4253 1626 4317 nostri
1665 4249 1925 4337 Ieorgii,
1968 4248 2298 4315 Saxoniae
2340 4250 2523 4315 ducis
2568 4260 2715 4332 etc.,
2772 4250 3184 4316 novissimam

360 4351 841 4416 ordinacionem
883 4374 1004 4438 pro
1045 4353 1444 4417 incremento
1489 4350 1886 4436 theologicae
1925 4349 2254 4414 facultatis
2310 4373 2389 4414 ac
2430 4348 2833 4415 scolasticam
2877 4348 3175 4416 baccala-

357 4451 602 4516 riorum
646 4453 1186 4517 exercitacionem
1229 4452 1312 4516 ab
1358 4451 1655 4516 omnibus
1718 4448 2090 4514 doctoribus
2150 4449 2550 4515 concorditer
2610 4450 2732 4514 fuit
2786 4448 3173 4533 conclusum,
3196 4460 3263 4516 35

354 4549 535 4636 'quod
576 4549 747 4614 ultra
791 4561 933 4616 octo
975 4551 1338 4617 ordinarias
1382 4550 1860 4638 disputaciones
1903 4550 2084 4635 prius
2127 4549 2456 4613 institutas
2494 4570 2664 4613 nunc
2688 4559 2751 4613 et
2800 4550 2867 4614 in
2906 4548 3222 4614 fiiturum.

367 4649 636 4737 singulis
678 4652 863 4716 annis
910 4661 1183 4738 quatuor
1240 4653 1443 4716 eciam
1500 4648 1869 4715 ordinariae
1923 4647 2403 4736 disputaciones
2463 4669 2581 4735 per
2635 4648 2980 4734 magistros
3021 4650 3185 4713 eius·

368 4747 508 4814 dem
551 4748 877 4816 facultatis
921 4751 1458 4838 superaddantur,
1502 4750 1598 4813 ita
1640 4748 1812 4836 quod
1857 4748 2123 4833 insuper
2177 4745 2347 4812 ultra
2393 4757 2525 4812 tres
2568 4746 3079 4813 baccalariorum
3118 4750 3185 4813 in

535 5044 560 5093 1
602 5039 711 5094 Am
744 5039 940 5095 Raude
977 5036 1112 5092 wird
1147 5033 1440 5090 verwiesen
1478 5030 1582 5087 auf
1605 5031 1692 5086 Bl.
1732 5036 1816 5100 34,
1849 5048 1931 5087 wo
1966 5031 2027 5086 in
2062 5030 2160 5086 der
2188 5030 2476 5100 donatura
2514 5037 2896 5100 promotorum
2938 5030 2999 5084 in
3044 5030 3185 5085 theo·

373 5122 524 5194 loqia
556 5128 720 5179 unter
749 5122 874 5179 dem
906 5121 1081 5178 Jahre
1116 5125 1245 5176 1455
1283 5116 1609 5190 ausgefiihrt
1643 5116 1808 5170 wirdz
1859 5118 2011 5170 Twne
2045 5117 2169 5187 ipso
2202 5115 2296 5169 die
2328 5120 2639 5168 sanctorum
2672 5114 3057 5169 dormientium
3081 5131 3190 5186 per

359 5208 687 5276 facultatem
718 5207 1026 5262 eonelwmm
1074 5212 1179 5273 eet,
1251 5205 1403 5273 quod
1440 5203 1509 5256 de
1551 5209 1724 5256 cetero
1767 5201 1913 5256 nulli
1942 5206 2242 5255 reservetur
2275 5198 2427 5253 loeus
2457 5198 2609 5255 ultra
2641 5216 2804 5254 amm
2835 5216 3035 5253 mmm
3067 5206 3186 5253 tan-

372 5298 508 5363 Μπς
538 5310 634 5347 nec
664 5298 967 5346 reservante
999 5297 1077 5345 eut
1107 5286 1494 5360 infrdstptie
1522 5285 1800 5358 maistres
1833 5292 1928 5341 etc.

534 5381 567 5434 2
608 5374 771 5435 wohl
802 5376 990 5433 ocimu.
