4038 6358
721 688 803 751 22
1618 683 1721 734 Die
1755 682 2123 733 Reformation
2156 695 2281 730 vom
2315 681 2480 730 Jahre
2523 685 2667 730 1496.

725 889 843 955 per
882 865 1350 951 inspectionem
1393 864 1493 929 sui
1542 864 1807 950 registri
1865 861 2228 927 constiterit
2240 910 2258 944 ,
2316 857 2489 948 quod
2548 859 3009 944 recognitionis
3061 859 3300 944 petitor
3356 856 3574 923 huius-

724 964 904 1030 modi
944 964 1286 1028 lectionem
1327 961 1433 1026 vel
1474 963 1866 1028 exercicium
1907 960 1992 1027 ab
2035 983 2111 1026 eo
2174 957 2498 1023 audiverit
2513 1007 2531 1040 ,
2595 956 2714 1022 sub
2771 978 2982 1043 poena
3041 957 3366 1021 carentiae
3424 964 3579 1020 actu

728 1065 1059 1150 regentiae
1100 1083 1219 1147 per
1265 1062 1589 1146 integrum
1632 1082 1891 1126 annum.
1977 1058 2067 1122 Et
2109 1055 2612 1144 promovendae,
2653 1057 2763 1140 qui
2789 1054 2872 1119 ab
2915 1077 2990 1119 eo
3013 1056 3349 1140 magistrO,
3395 1055 3577 1119 cuius

730 1162 1070 1226 lectionem
1124 1159 1233 1224 vel
1287 1161 1679 1225 exercicium
1726 1182 1858 1224 non
1915 1157 2267 1238 audiverit,
2309 1155 2821 1240 recognitionem
2864 1155 3185 1240 receperit
3241 1162 3305 1218 et
3357 1174 3578 1218 coram

684 1270 716 1324 5
732 1258 1041 1324 facultate
1067 1259 1301 1322 artium
1348 1258 1656 1323 exhibere
1678 1256 2209 1346 praesumpserit,
2254 1253 2632 1342 simpliciter
2676 1252 3069 1340 impediatur
3108 1273 3231 1317 nec
3271 1251 3399 1316 ista
3435 1253 3581 1316 vice

736 1358 822 1423 ad
863 1378 1136 1422 examen
1177 1378 1298 1442 pro
1342 1355 1555 1439 gradu
1597 1357 1812 1445 aliquo
1854 1358 1924 1420 in
1969 1353 2222 1420 artibus
2265 1352 2667 1417 admittatur.

1026 1560 1122 1622 16.
1163 1573 1258 1620 ΒΕ
1301 1572 1763 1621 Lno'nomzssns
1807 1570 2156 1621 Lnonxms
2197 1570 2288 1618 Er
2330 1567 2720 1618 ExEncIcns
2761 1567 3221 1617 Exnncnnms.

907 1683 1303 1752 Ordinamus
1356 1696 1422 1751 et
1475 1687 1804 1769 volumus,
1863 1683 2036 1772 quod
2079 1682 2409 1768 magistri,
2452 1680 2760 1747 lectiones
2825 1691 2890 1746 et
2931 1682 3255 1747 exercicia
3296 1689 3588 1766 tempore

742 1782 1217 1851 distributionis
1261 1785 1610 1850 earundem
1650 1785 2040 1870 recipientes
2061 1833 2079 1866 ,
2133 1784 2262 1847 sint
2321 1782 2573 1845 astricti
2625 1780 2710 1845 ad
2755 1780 3096 1867 diligenter
3137 1777 3481 1865 legendum
3525 1785 3590 1840 et

665 1892 728 1950 10
746 1882 1177 1949 exercendum
1233 1894 1297 1948 et
1348 1906 1554 1971 usque
1609 1883 1695 1947 ad
1753 1882 1948 1947 finem
1998 1880 2369 1946 huiusmodi
2423 1880 2762 1945 lectionem
2821 1887 2886 1942 et
2938 1879 3333 1943 exercicium
3389 1877 3588 1942 conti-

741 1979 1104 2064 nuandum,
1145 1980 1263 2046 sub
1305 2004 1517 2069 poena
1562 1983 1887 2046 carentiae
1930 1990 2080 2045 actu
2118 1980 2465 2064 regentiae.
2547 1978 2635 2042 Et
2673 1987 2744 2041 ut
2799 1976 2916 2042 tali
2968 1977 3195 2042 lectori
3247 1976 3354 2041 vel
3407 1998 3589 2041 exer-

744 2080 918 2145 centi
958 2101 1079 2167 pro
1131 2102 1245 2145 suo
1289 2080 1514 2146 labore
1558 2079 2024 2168 aliquantulum
2068 2077 2370 2160 satisfiat,
2415 2077 2653 2141 debent
2694 2075 2975 2142 decanus
3018 2085 3081 2141 et
3109 2084 3443 2141 taxatores
3488 2096 3593 2138 cu-

745 2201 926 2262 rare,
965 2186 1038 2242 ut
1077 2176 1322 2245 nullum
1366 2178 1725 2247 auditorem
1766 2177 2135 2243 huiusmodi
2187 2175 2530 2241 lectionum
2572 2184 2636 2241 et
2679 2177 3146 2241 exerciciorum
3193 2174 3280 2239 ad
3312 2176 3595 2260 registra

713 2352 719 2357 ,
755 2300 874 2345 sua
916 2276 1364 2361 conscribant,
1414 2279 1544 2342 nisi
1591 2276 1852 2342 realiter
1908 2284 1973 2341 et
2029 2273 2450 2340 effectualiter
2501 2297 2621 2361 pro
2675 2275 3043 2340 huiusmodi
3094 2273 3478 2339 lectionibus
3532 2281 3596 2336 et

668 2387 730 2443 15
751 2375 1093 2443 exerciciis
1138 2376 1545 2441 satisfecerit.
1624 2374 1713 2439 Et
1767 2376 2077 2462 pecunias
2143 2396 2227 2438 ex
2270 2382 2431 2437 taxa
2479 2382 2780 2459 receptas
2840 2382 2904 2438 et
2953 2372 3256 2439 collectas
3310 2370 3593 2436 decanus

748 2486 811 2541 et
849 2482 1184 2543 taxatores
1225 2497 1430 2563 usque
1472 2473 1559 2539 ad
1599 2473 1791 2539 finem
1832 2473 2181 2540 lectionum
2224 2479 2288 2536 et
2320 2470 2789 2536 exerciciorum
2823 2470 3100 2537 fideliter
3132 2479 3487 2551 reservent,
3531 2477 3596 2534 et

750 2583 901 2669 post
939 2573 1134 2637 finem
1177 2572 1528 2638 eorundem
1571 2573 1734 2659 ipsis
1776 2571 2127 2637 lectoribus
2171 2580 2236 2635 et
2278 2569 2730 2636 exercentibus
2777 2568 3202 2652 distribuant,
3244 2590 3367 2634 nec
3407 2567 3594 2633 deca-

748 2696 870 2740 nus
935 2671 1305 2738 huiusmodi
1367 2672 1676 2759 pecunias
1733 2669 1860 2736 sibi
1912 2670 2276 2747 imbursare
2329 2679 2704 2755 praesumat
2758 2668 2878 2734 sub
2931 2689 3173 2756 poena,
3233 2668 3304 2732 in
3360 2674 3594 2732 statuto

751 2794 921 2838 novo
958 2772 1252 2836 vicesimi
1295 2772 1504 2859 quinti
1544 2768 1686 2835 folii
1729 2768 2097 2856 conscripto
2122 2769 2144 2811 ¹
2187 2790 2521 2855 expressa.

672 2980 742 3035 20
1600 2972 1691 3034 17.
1735 2985 1830 3032 nr:
1874 2962 2242 3032 LEOTIONE'
2270 2982 2525 3031 nomn:
2569 2983 2840 3031 masam.

922 3099 1095 3181 Quia
1135 3098 1286 3165 talis
1327 3097 1518 3163 lectio
1559 3097 1764 3163 loicae
1806 3097 2054 3163 Hesbri
2097 3118 2328 3184 parum
2377 3097 2625 3162 fructus
2681 3098 2750 3162 in
2791 3118 2860 3161 se
2904 3096 3175 3179 habeat,
3227 3094 3376 3165 ideo
3419 3091 3597 3158 volu·

752 3223 929 3282 mus,
989 3200 1164 3288 quod
1219 3200 1364 3264 loco
1420 3198 1706 3263 eiusdem
1757 3196 2054 3262 lectionis
2105 3218 2226 3283 pro
2281 3198 2658 3282 magisterio
2715 3195 2969 3283 legatur
3023 3195 3106 3261 de
3162 3203 3375 3260 cetero
3434 3192 3600 3258 liber

751 3300 1221 3370 rhetoricorum
1260 3296 1648 3364 Aristotelis.

1465 3466 1561 3529 18.
1604 3476 1699 3525 nn
1742 3476 2207 3527 menomns
2252 3477 2326 3525 m
2367 3475 2885 3525 MATHEMArmA.

670 3603 737 3660 25
922 3595 1097 3675 Quia
1135 3592 1289 3658 libri
1332 3589 1883 3656 mathematicales
1895 3639 1913 3671 ,
1954 3590 2254 3655 fortassis
2291 3599 2560 3676 propter
2600 3592 2994 3676 paucitatem
3037 3590 3496 3676 magistrorum
3533 3590 3602 3653 in

756 3690 1383 3759 mathematicalibus
1426 3690 1926 3754 exercitatorum
1945 3738 1963 3771 ,
2005 3711 2158 3754 raro
2201 3688 2502 3774 leguntur
2544 3698 2608 3753 et
2648 3691 2716 3753 in
2756 3689 3182 3755 universitate
3223 3688 3600 3752 continuan-

755 3801 891 3874 tur,
934 3790 1233 3857 volumus
1277 3799 1342 3854 et
1383 3788 1790 3870 ordinamus,
1845 3788 2017 3876 quod
2055 3786 2332 3853 facultas
2375 3790 2612 3853 artium
2660 3787 2744 3853 de
2794 3797 3011 3853 cetero
3068 3784 3341 3871 singulis
3394 3794 3600 3850 muta-

758 3888 1049 3955 cionibus
1093 3888 1212 3954 sub
1257 3898 1434 3952 certa
1455 3886 1752 3951 mercede
1793 3885 2056 3973 deputet
2096 3887 2348 3974 aliquos
2391 3889 2740 3972 magistros
2783 3888 2850 3952 in
2877 3885 3336 3951 mathematica
3357 3885 3601 3970 peritos

755 3998 818 4055 et
857 3991 1206 4053 instructos
1249 3987 1335 4051 ad
1373 3985 1718 4072 legendum
1770 3995 1835 4050 et
1876 3984 2380 4051 continuandum
2429 3985 2721 4051 utiliores
2763 3985 2968 4052 libros
3009 3987 3080 4050 in
3120 3983 3601 4065 mathematica,

671 4098 741 4155 30
760 4097 833 4154 ut
884 4085 1250 4169 Euclidem,
1304 4087 1782 4172 perspectivam
1844 4107 2246 4150 communem
2267 4133 2285 4168 ,
2350 4085 2704 4152 theoricam
2760 4084 3166 4172 planetarum
3214 4093 3282 4148 et
3341 4079 3602 4147 similes.

755 4188 845 4253 Et
886 4184 1254 4252 huiusmodi
1294 4184 1612 4250 mercedis
1656 4186 1794 4249 sive
1838 4193 2063 4269 pastus
2104 4186 2503 4252 taxationem
2559 4184 2691 4269 ipsi
2734 4182 2981 4248 decano
3036 4192 3101 4248 et
3139 4183 3277 4247 suis
3335 4180 3602 4247 seniori·

757 4287 879 4353 bus
917 4282 1386 4352 aestimandam
1429 4282 1903 4347 committimus.

1297 4485 1393 4548 19.
1433 4499 1528 4546 nn
1574 4473 1917 4546 sanorum
1957 4500 2049 4546 ΕΤ
2095 4495 2475 4547 onmium
2509 4497 3153 4548 DISPUTAOIONIBUS.

917 4614 1252 4697 Volumus,
1296 4611 1470 4699 quod
1513 4612 1729 4675 omnia
1770 4621 1834 4676 et
1875 4610 2131 4696 singula
2175 4612 2530 4697 supposita,
2577 4635 2698 4699 pro
2744 4609 2955 4698 gradu
2997 4610 3215 4698 aliquo
3248 4611 3316 4673 in
3348 4607 3599 4674 artibus

671 4725 737 4780 35
759 4714 1169 4801 complentia,
1214 4712 1301 4777 ad
1322 4709 1688 4776 huiusmodi
1720 4709 2086 4775 fructuosas
2131 4709 2611 4797 disputaciones
2655 4721 2719 4776 et
2756 4711 3094 4776 latinitatis
3121 4706 3602 4774 observantiam

759 4811 1259 4900 compellantur,
1303 4810 1603 4898 quodque
1647 4810 1715 4873 in
1759 4808 2003 4874 eisdem
2046 4812 2113 4875 in
2157 4809 2385 4875 ordine
2447 4831 2562 4875 suo
2617 4819 2981 4897 opponant,
3040 4816 3321 4896 arguant
3380 4814 3443 4870 et
3500 4828 3601 4870 re-

758 4910 1138 5000 spondeant.
1218 4909 1663 4976 Conventores
1707 4931 1960 4996 quoque
2000 4908 2419 4995 collegiorum
2448 4918 2512 4973 et
2552 4909 2898 4975 bursarum
2935 4907 3446 4995 approbatarum
3494 4903 3601 4970 de-

898 5161 919 5210 1
959 5155 1068 5210 Die
1102 5153 1502 5227 Casusendung
1537 5155 1615 5210 ist
1644 5172 1743 5212 aus
1763 5156 1863 5211 der
1885 5155 2234 5228 Abkiirzung
2256 5155 2415 5211 nicht
2432 5155 2538 5210 mit
2559 5154 2867 5210 Sicherheit
2883 5172 2953 5209 zu
2977 5154 3286 5224 erkennen3
3322 5151 3603 5208 vielleicht

756 5241 1063 5310 conscripti
1071 5240 1099 5292 5
1133 5237 1392 5294 Gemeint
1425 5240 1499 5293 ist
1543 5239 1645 5293 das
1679 5238 1896 5307 Statut,
1944 5237 2178 5295 welches
2223 5257 2316 5293 um
2363 5239 2496 5294 oder
2544 5236 2693 5292 nach
2744 5241 2873 5294 1490
2920 5237 3279 5309 eingetragen
3324 5237 3398 5291 ist
3415 5278 3429 5306 ,
3487 5236 3602 5309 vgl.

758 5322 1034 5380 Urkundl.
1076 5321 1310 5388 Quellen
1346 5320 1400 5377 S.
1440 5325 1539 5378 834
1572 5329 1747 5378 unten
1777 5322 1910 5379 Nro.
1947 5327 1978 5378 3
2014 5321 2179 5388 (Stat.
2213 5329 2407 5377 eonor-a
2439 5324 2678 5377 decanos
2709 5323 2852 5393 etc).
