4038 6358
899 650 1020 719 568
1923 652 2025 703 Die
2060 651 2426 716 theologische
2459 651 2710 703 Facultat.

896 841 1146 919 septem
1210 834 1396 898 annis
1464 835 1750 922 semper¹
1813 835 1881 900 in
1945 834 2370 900 universitate
2433 842 2657 900 nostra
2716 832 3040 899 indefesso
3104 833 3332 899 labore
3398 832 3751 915 audiendo,

892 931 1163 1019 legendo
1207 955 1285 998 ac
1328 932 1718 1021 disputando
1764 935 2052 1023 aliosque
2096 943 2276 999 actus
2320 933 2695 999 scolasticos
2752 933 3115 999 exercendo
3172 932 3547 1020 diligentem
3608 954 3755 998 sese

896 1033 1162 1098 exibuit.
1249 1032 1472 1114 Quare
1527 1036 1822 1120 petitioni
1876 1057 2031 1100 suae
2084 1042 2220 1100 tam
2269 1034 2579 1100 honestae
2631 1042 2895 1121 tamque
2948 1035 3161 1100 iustae
3216 1055 3465 1099 morem
3518 1054 3753 1118 gerere

901 1131 1211 1216 volenteS,
1257 1133 1459 1198 veluti
1506 1133 1791 1220 dignum,
1842 1132 1965 1222 'per
2021 1141 2398 1221 praesentes
2454 1134 2947 1200 notumfacimus
3004 1131 3302 1200 omnibus
3356 1140 3421 1198 et
3474 1130 3751 1219 singulis

812 1242 844 1296 5
901 1243 1044 1316 uts.,
1104 1234 1466 1320 praefatum
1526 1233 1585 1298 d.
1635 1232 2102 1320 Wolfgangum
2150 1233 2607 1299 Winckelman
2662 1232 2836 1321 apud
2893 1255 3014 1299 nos
3067 1242 3315 1320 septem
3342 1239 3347 1243 ’
3374 1231 3565 1297 annis
3620 1241 3745 1296 stu·

900 1332 1077 1397 dium
1124 1332 1554 1419 theologicum
1602 1332 1987 1419 explevisse,
2044 1335 2307 1421 insuper
2360 1342 2514 1420 post
2566 1334 3010 1421 magisterium
3052 1334 3122 1397 in
3178 1330 3427 1398 artibus
3474 1330 3640 1396 adeo
3682 1330 3749 1395 in

902 1431 1113 1497 studio
1174 1433 1535 1520 theologico
1589 1432 1968 1519 invigilasse
2019 1441 2084 1497 et
2127 1433 2497 1519 profecisse,
2553 1443 2624 1498 ut
2662 1443 2726 1498 et
2766 1434 2835 1497 in
2875 1431 3104 1497 eodem
3145 1431 3357 1498 studio
3399 1430 3647 1518 gradus
3688 1438 3750 1496 et

899 1533 1333 1620 promotiones
1406 1534 1636 1598 merito
1711 1541 2190 1617 assequeretur,
2264 1531 2566 1598 videlicet
2586 1533 2612 1574 ²
2694 1534 2762 1597 in
2849 1529 3291 1598 baccalarium
3372 1529 3745 1617 theologiae

899 1641 1242 1714 assumtae,
1299 1632 1450 1697 hinc
1492 1643 1781 1720 tempore
1826 1654 1940 1697 suo
1992 1630 2266 1696 formam
2314 1632 2590 1719 adeptus
2645 1634 2714 1697 in
2767 1631 3109 1719 praedicta
3155 1641 3382 1696 nostra
3430 1631 3747 1695 universi·

817 1742 881 1797 10
895 1741 1029 1797 tate
1071 1740 1135 1796 et
1174 1730 1536 1817 theologica
1589 1730 1898 1796 facultate
1952 1732 2016 1795 in
2070 1729 2509 1796 baccalarium
2566 1730 2927 1818 theologiae
2985 1730 3331 1797 formatum
3402 1729 3743 1811 admissus,

897 1830 1070 1918 quod
1129 1829 1230 1894 his
1296 1829 1746 1918 praesentibus
1806 1830 2187 1918 profitemur
2242 1840 2306 1896 et
2358 1839 2691 1914 testamur,
2751 1839 3057 1918 rogantes
3114 1838 3178 1894 et
3219 1828 3744 1896 commendantes

896 1929 1171 1995 eundem
1237 1929 1563 1999 dominum
1623 1931 2005 2015 magistrum
2063 1932 2300 1995 vestris
2360 1930 2696 2017 perdignis
2761 1928 3308 1995 dominationibus
3375 1931 3476 1993 uti
3538 1930 3741 1993 virum

895 2030 1245 2094 virtutum³
1287 2039 1350 2094 et
1395 2028 1653 2095 doctum
1698 2038 1835 2111 etc,
1901 2051 2090 2116 quem
2149 2028 2406 2115 quidem
2459 2032 2845 2116 magistrum
2901 2039 2968 2094 et
3017 2052 3137 2094 nos
3194 2031 3264 2093 in
3318 2029 3743 2094 universitate

895 2138 1119 2194 nostra
1141 2128 1633 2215 quamlubenter
1654 2128 1960 2215 colligere
1984 2140 2048 2194 et
2074 2127 2316 2194 habere
2357 2128 2629 2194 velimus
2673 2129 2756 2195 ob
2797 2130 3120 2214 insignes⁴
3160 2150 3312 2193 suas
3356 2139 3423 2193 et
3467 2129 3734 2197 virtutes

820 2237 879 2291 15
900 2238 963 2291 et
1005 2227 1334 2293 doctrinas
1377 2238 1493 2293 etc.
1566 2230 1696 2294 Pro
1738 2251 1863 2316 quo
1906 2237 1970 2293 et
2010 2250 2087 2293 eo
2135 2228 2217 2307 (?)
2264 2228 2357 2293 ad
2393 2227 2630 2293 similia
2672 2237 2737 2295 et
2773 2230 3023 2294 maiora
3065 2237 3329 2315 paratos
3372 2251 3498 2293 nos
3542 2227 3740 2293 offeri·

892 2349 1051 2392 mus.
1120 2327 1197 2392 In
1241 2329 1379 2392 eius
1422 2329 1519 2392 rei
1563 2327 1828 2392 evidens
1872 2329 2307 2395 testimonium
2348 2327 2634 2415 sigillum
2673 2327 3000 2394 facultatis
3041 2337 3301 2393 nostrae
3339 2326 3743 2412 theologicae

895 2426 1344 2513 praesentibus
1404 2450 1765 2514 appensum
1823 2438 1939 2493 est.
2023 2427 2194 2495 Acta
2252 2437 2404 2493 sunt
2457 2427 2619 2492 haec
2678 2437 2740 2492 et
2794 2426 2951 2492 data
3002 2426 3108 2492 die
3166 2427 3480 2491 vicesimo
3541 2426 3744 2512 primo

892 2525 1237 2591 Februarii
1281 2528 1521 2592 mensis
1566 2550 1735 2593 anno
1790 2526 2129 2595 millesimo
2180 2528 2690 2616 quingentesimo
2741 2528 3068 2593 tricesimo
3124 2527 3335 2614 primo
3379 2535 3506 2589 etc.
3562 2527 3734 2605 (1531

899 2631 954 2687 d.
998 2630 1094 2692 21.
1138 2630 1465 2707 Februar.)

810 2765 880 2822 20
1818 2757 2138 2825 Martinus
2182 2756 2592 2846 Meyndornn
2635 2782 2719 2824 ex
2760 2757 3133 2846 Hirsbergk
3171 2758 3460 2824 decanus
3506 2778 3664 2821 sscr.

1321 3381 1367 3431 2.
1408 3381 1531 3431 nm
1569 3378 1716 3431 von
1749 3379 2038 3432 nnazoe
2078 3377 2349 3430 Mom'rz
2384 3365 2890 3432 anm‘rmmu
2928 3381 3310 3433 sni-uren

2045 3497 2172 3531 vom
2206 3482 2372 3532 Jahre
2411 3480 2583 3533 1543.⁸

980 3628 1104 3719 [Bl.
1146 3625 1244 3716 1⁸]
1292 3645 1512 3694 bnans
1553 3646 2050 3695 immoturus
2094 3646 2436 3695 Pamcms
2480 3648 2817 3712 mnm'rn,
2858 3647 3063 3697 nucls
3107 3647 3473 3713 saxomffl,
3529 3648 3660 3696 rao

1307 3746 1719 3794 metm-run
1766 3745 2213 3795 'maonofflcs
2256 3731 2687 3795 mrsmnslsss
2728 3748 2962 3796 srnnn
3004 3746 3335 3796 sancum

812 3837 881 3893 25
1996 3844 2184 3893 mo
2231 3846 2298 3894 M.
2342 3846 2413 3893 D.
2453 3846 2646 3893 nm.

1725 3990 1848 4081 [Bl.
1887 3992 1992 4082 2⁸]
2037 4013 2132 4060 nn
2173 4012 2574 4061 noc‘rnmffl
2615 4011 2908 4060 canaan.

2175 4132 2386 4194 Caput
2420 4131 2462 4180 1.

1062 4241 1154 4307 Ut
1209 4243 1276 4306 in
1334 4242 1623 4307 ecclesiis
1677 4245 1872 4310 totius
1931 4244 2195 4310 ditionis
2250 4255 2511 4310 nostrae
2568 4252 2632 4309 et
2685 4245 2752 4307 in
2807 4242 3161 4330 puerilibus
3221 4242 3479 4327 scholis,
3536 4245 3630 4309 ita
3675 4245 3732 4308 in

899 4342 1267 4424 academia,
1348 4363 1545 4428 penes
1601 4363 1790 4429 quam
1852 4367 2106 4432 semper
2164 4342 2358 4409 debet
2413 4366 2554 4409 esse
2616 4345 2972 4432 praecipua
3029 4342 3413 4430 gubernatio
3478 4355 3544 4408 et
3605 4366 3728 4408 cen·

813 4453 1051 4509 3osura
1093 4441 1447 4523 doctrinae,
1491 4440 1784 4507 volumus
1822 4466 2056 4530 puram
2100 4442 2421 4529 evangelii
2466 4442 2824 4510 doctrinam
2860 4465 3210 4528 verumque
3252 4453 3316 4508 et
3355 4454 3729 4531 perpetuum

1071 4680 1093 4730 1
1135 4673 1243 4727 Die
1276 4672 1623 4745 Abkiirzung
1656 4675 1730 4728 iet
1764 4691 1825 4729 so
1862 4671 2201 4746 undeutlich,
2247 4677 2376 4731 dass
2422 4694 2552 4732 man
2598 4676 2739 4733 auch
2786 4678 3124 4748 aeqwztibm
3172 4695 3242 4732 zu
3294 4677 3444 4733 lesen
3491 4676 3730 4732 versucht

899 4759 1015 4815 sein
1052 4758 1279 4813 kiinnte.

1066 4849 1097 4899 2
1133 4843 1294 4900 Ganz
1333 4841 1513 4898 sicher
1547 4843 1623 4897 ist
1657 4843 1747 4900 die
1782 4844 2009 4915 Lesung
2046 4844 2224 4901 dieses
2260 4846 2483 4902 Wortes
2516 4844 2689 4900 nicht.

1070 4932 1104 4983 3
1139 4927 1356 4982 Anders
1392 4926 1608 4982 scheint
1640 4927 1742 4982 das
1775 4927 1942 4983 Wort
1975 4928 2132 4983 nicht
2165 4930 2387 5003 gelesen
2409 4930 2636 5011 ‘werden
2659 4947 2739 4984 *zu
2774 4929 3011 4986 k6nnen.

1068 5019 1101 5067 4
1137 5010 1512 5068 Geschrieben
1547 5012 1620 5066 ist
1643 5013 1922 5082 vbsiynes.

1067 5101 1097 5151 5
1133 5095 1214 5150 Im
1253 5095 1506 5167 Original
1542 5094 1806 5153 erhalten.
1863 5097 1991 5169 Vgl.
2030 5097 2300 5154 Urkundl„
2340 5097 2569 5164 Quellen
2603 5095 2642 5153 S
2698 5103 2812 5153 870.

1070 5186 1101 5236 6
1139 5178 1212 5235 So
1247 5180 1396 5236 steht
1427 5180 1670 5237 deutlich
1707 5181 2084 5252 geschrieben,
2115 5182 2227 5236 und
2261 5182 2531 5237 demnach
2568 5183 2641 5237 ist
2677 5179 3207 5249 zuriickzunehmen,
3230 5199 3343 5236 was
3378 5181 3525 5238 oben
3556 5182 3612 5237 in
3644 5182 3728 5236 der

897 5263 1062 5318 Anm.
1100 5270 1129 5318 2
1169 5282 1239 5319 zu
1271 5264 1326 5320 S.
1360 5272 1440 5333 93,
1474 5270 1536 5320 27
1570 5273 1770 5337 gesagt
1801 5267 1906 5335 ἱεῖς
1949 5266 2093 5321 auch
2127 5266 2214 5321 die
2250 5267 2411 5321 Anm.
2451 5272 2480 5322 2
2519 5265 2623 5322 auf
2664 5265 2719 5322 S.
2756 5272 2819 5322 35
2864 5266 2933 5320 ist
2977 5265 3239 5321 hiernach
3277 5284 3347 5321 zu
3385 5265 3727 5338 berichtigen,

900 5346 1155 5418 obgleich
1189 5365 1247 5403 es
1283 5350 1358 5403 im
1390 5349 1426 5404 ,J
1432 5349 1563 5404 abre
1595 5355 1723 5405 1519
1759 5349 1901 5405 wohl
1941 5349 2121 5407 sicher
2153 5349 2298 5405 noch
2334 5349 2546 5407 iiberall
2578 5351 2866 5423 Lipsemie
2898 5348 3184 5422 geheissen
3219 5348 3334 5406 hat.
