4038 6358
847 559 966 626 250
1979 565 2091 617 Das
2128 564 2305 617 kleine
2341 565 2549 631 colleg.

846 740 1078 807 clausit
1131 750 1489 812 extremum
1535 745 1604 809 in
1647 744 1905 811 Christo
1945 745 2266 831 quondam
2309 747 2692 833 magnificus
2737 757 2802 813 et
2857 746 3157 834 egregius
3198 746 3323 828 vir,
3379 745 3694 813 dominus

846 842 1243 907 Hinricus
1288 841 1743 910 Sartorius¹
1779 846 2474 929 Brunswicensis,
2518 847 2754 912 artium
2796 845 3180 929 liberalium,
3229 844 3694 934 philosophiae

844 950 908 1005 et
947 940 1305 1012 medicinae
1349 941 1589 1027 doctor,
1649 945 1760 1033 qui
1800 945 1869 1010 in
1910 943 2074 1009 lecto
2130 968 2286 1010 suae
2327 945 2772 1032 aegritudinis,
2817 947 3186 1011 convocatis
3228 945 3515 1011 omnibus
3552 946 3690 1012 do-

843 1041 1034 1105 minis
1080 1039 1161 1106 de
1205 1042 1473 1129 collegio
1515 1044 1853 1159 principis,
1901 1042 2332 1110 confratribus
2378 1047 2531 1128 suis,
2578 1067 3031 1134 praenoscens,
3076 1067 3147 1111 se
3189 1046 3552 1110 moriturum
3597 1047 3686 1109 in

761 1149 792 1203 5
846 1139 1050 1223 brevi,
1107 1141 1221 1206 sed
1266 1141 1491 1208 horam
1532 1144 1856 1230 ignorans,
1896 1131 2201 1232 ¹petivit
2183 1146 2520 1231 imprimis,
2566 1167 2753 1209 suum
2793 1155 3205 1210 manutenere
3243 1143 3444 1209 velint
3480 1153 3687 1209 testa-

845 1248 1148 1322 mentum,
1193 1250 1275 1324 et,
1319 1241 1614 1308 omnibus
1657 1245 1903 1330 gratias
1948 1253 2011 1309 et
2032 1243 2241 1309 valete
2265 1266 2484 1330 agens,
2526 1243 2822 1326 finaliter,
2865 1251 3077 1309 mente
3099 1265 3382 1330 compca,
3421 1244 3687 1309 tametsi

847 1360 1117 1455 corpore
1157 1362 1370 1426 aeger,
1424 1339 1984 1408 indeterminatam
2043 1341 2224 1409 dedit
2275 1341 2544 1429 collegio
2596 1344 2956 1430 pecuniam,
3003 1363 3122 1430 pro
3161 1365 3290 1431 qua
3331 1343 3683 1425 ruinosam,

845 1447 917 1502 ut
975 1440 1119 1526 ipse
1181 1443 1389 1524 novit,
1448 1442 1702 1528 possint
1763 1441 2007 1507 domini
2071 1442 2338 1507 reficere
2401 1441 2804 1508 dominorum
2862 1442 3137 1510 stubam.
3223 1441 3415 1522 Quod
3475 1451 3682 1507 atten-

844 1537 1068 1604 dentes
1128 1539 1514 1626 spectabiles
1570 1539 1816 1607 domini
1868 1543 2335 1606 testamentarii
2393 1551 2542 1628 post
2597 1551 2868 1607 mortem
2920 1540 3077 1605 dicti
3135 1539 3440 1623 doctoris,
3492 1562 3676 1627 egre-

768 1646 828 1703 10
843 1639 988 1724 gius
1044 1637 1106 1702 d.
1152 1638 1376 1704 Simon
1423 1639 1698 1705 Pistoris
1741 1641 2128 1727 Liptzensis,
2187 1644 2421 1707 artium
2474 1651 2537 1706 et
2591 1639 2950 1705 medicinae
3009 1638 3253 1722 doctor,
3308 1638 3681 1727 spectabilis

841 1738 942 1802 vir
985 1736 1043 1801 d.
1085 1737 1325 1803 Paulus
1374 1736 1799 1826 Szwoflheym
1845 1738 2268 1806 Gorlitzensis
2313 1749 2707 1829 praesentes,
2760 1741 3101 1805 maturiori
3155 1738 3384 1804 habita
3438 1737 3678 1803 delibe-

847 1839 1125 1921 racione,
1183 1859 1351 1904 anno
1396 1841 1684 1924 sequenti
1721 1842 2063 1927 pecuniam
2104 1842 2316 1928 ipsam
2360 1839 2954 1905 determinaverunt
2995 1850 3059 1904 et
3098 1838 3533 1926 quadraginta
3566 1837 3678 1904 ob-

840 1936 1120 2001 tulerunt
1154 1936 1432 2003 florenos
1476 1960 1797 2022 renenses,
1840 1939 2169 2027 depositos
2212 1940 2389 2027 apud
2433 1948 2724 2005 senatum
2761 1937 2945 2004 urbis
2986 1938 3377 2026 Liptzensis,
3434 1937 3554 2003 sub
3593 1961 3676 2003 ea

842 2035 1235 2120 condicione,
1280 2045 1596 2124 quatenus
1640 2039 2120 2103 anniversarius
2164 2041 2371 2104 instar
2417 2038 2688 2104 aliorum
2748 2038 3089 2125 quotannis
3141 2059 3259 2124 pro
3315 2038 3536 2102 anima
3571 2039 3679 2125 pie

667 2141 673 2154 “
766 2145 825 2200 15
845 2134 1129 2201 defuncti
1172 2146 1237 2200 et
1275 2158 1538 2201 suorum
1578 2147 1965 2222 agnatorum
2010 2148 2075 2204 et
2117 2147 2542 2224 cognatorum
2596 2139 2662 2202 in
2720 2136 2881 2202 aede
2924 2136 3061 2201 divi
3101 2135 3355 2201 Nicolai
3397 2136 3676 2202 celebra-

840 2244 1030 2300 retur.
1092 2235 1283 2300 Pium
1331 2234 1509 2301 istud
1553 2259 1714 2323 opus
1769 2245 1833 2302 et
1874 2236 2240 2303 benivolam
2280 2233 2438 2325 [31¹³]
2477 2247 2756 2302 mentem
2800 2236 3042 2301 domini
3085 2235 3166 2300 de
3211 2234 3482 2322 collegio
3533 2257 3674 2302 cum

849 2333 1051 2400 literis
1093 2334 1373 2422 desuper
1416 2335 1724 2400 confectis
1768 2347 2259 2424 assumpserunt
2300 2346 2364 2402 et
2406 2336 2525 2401 sub
2564 2335 2690 2402 hac
2728 2335 2936 2401 forma
2976 2335 3495 2400 anniversarium
3540 2357 3677 2422 per·

841 2436 1053 2520 petuis
1095 2432 1496 2522 temporibus
1544 2432 1921 2500 duraturum
1961 2435 2314 2502 fundarunt
2367 2436 2435 2500 in
2491 2434 2764 2501 ecclesia
2816 2434 3180 2521 parochiali
3234 2434 3371 2499 divi
3427 2434 3679 2500 Nicolai

838 2533 1017 2599 urbis
1066 2533 1457 2622 Liptzensis,
1515 2542 1827 2619 quatenus
1886 2536 2061 2600 circa
2116 2536 2348 2600 festum
2408 2534 2546 2599 divi
2584 2534 2928 2617 Bonifacii,
2983 2532 3310 2599 dominica
3366 2532 3475 2598 die
3533 2543 3680 2598 ante

752 2640 821 2697 20
838 2642 949 2698 aut
988 2642 1152 2720 post,
1194 2632 1490 2699 dominus
1532 2632 1846 2720 plebanus
1890 2644 2001 2699 aut
2043 2657 2196 2698 suus
2238 2636 2522 2699 vicarius
2566 2642 2716 2722 post
2758 2655 3117 2698 sermonem
3163 2632 3333 2698 diem
3382 2635 3678 2698 anniver-

837 2735 993 2798 sarii
1055 2733 1412 2817 denunciet,
1466 2741 1538 2798 ut
1581 2733 1704 2798 hoc
1744 2732 1853 2798 die
1893 2732 2176 2819 vigiliae,
2237 2735 2527 2821 sequenti
2579 2754 2735 2799 vero
2792 2733 3030 2797 missae
3086 2754 3207 2819 pro
3261 2733 3484 2798 anima
3524 2731 3681 2798 dicti

839 2829 1123 2897 doctoris
1165 2832 1681 2899 celebrabuntur.
1736 2831 1846 2897 Ad
1886 2841 2232 2920 utrumqne
2275 2831 2444 2898 diem
2488 2832 2896 2919 designatum
2935 2831 3052 2896 fiat
3091 2831 3318 2919 pulsus
3350 2840 3416 2896 et
3457 2830 3681 2896 tumba

843 2931 1131 3016 erigatur
1188 2954 1333 2998 cum
1389 2931 1676 2997 candelis
1735 2954 1853 3019 per
1912 2932 2263 3014 custodem,
2327 2932 2592 3018 vigiliae
2653 2953 2889 2997 novem
2945 2929 3290 2997 lectionum
3352 2942 3417 2997 et
3481 2932 3683 2995 missa

837 3030 1228 3117 principales
1262 3029 1342 3108 (2)
1364 3033 1529 3096 inter
1550 3041 1681 3096 tres
1707 3033 1937 3097 missas
1959 3031 2409 3098 defunctorum
2435 3054 2614 3097 more
2644 3040 2947 3097 consueto
2979 3053 3098 3119 per
3123 3029 3417 3097 chorales
3446 3029 3678 3095 decan·

752 3136 817 3193 25
835 3137 1067 3196 tentur.
1145 3130 1324 3196 Infra
1367 3132 1632 3196 missam
1675 3140 1824 3218 post
1875 3130 2296 3217 ewangelium
2341 3130 2658 3219 plebanus
2711 3140 2823 3197 aut
2874 3131 3012 3196 eius
3055 3131 3340 3197 vicarius
3383 3129 3678 3196 hortetur

835 3229 1173 3316 populum,
1235 3240 1548 3318 quatenus
1609 3253 1728 3317 pro
1785 3231 2003 3295 anima
2061 3231 2217 3296 dicti
2271 3231 2441 3297 dom.
2497 3230 2782 3298 doctoris
2827 3230 3103 3313 Hinrici,
3170 3242 3553 3317 agnatorum
3613 3238 3681 3294 et

836 3338 1254 3415 cognatorum
1296 3331 1433 3394 eius
1476 3339 1539 3394 et
1589 3329 2072 3397 benefactorum
2117 3331 2370 3417 collegii
2410 3340 2568 3413 oret,
2620 3329 2892 3416 singulis
2936 3339 3153 3395 autem
3195 3328 3427 3395 diebus
3469 3328 3676 3395 domi·

835 3430 996 3494 nicis
1044 3438 1183 3494 oret
1225 3452 1344 3517 pro
1388 3431 1607 3495 anima
1649 3429 1935 3496 doctoris
1996 3428 2298 3495 defuncti.
2375 3429 2506 3495 Pro
2566 3452 2691 3517 quo
2735 3428 3046 3513 ,dominus
3099 3427 3416 3515 plebanus
3470 3429 3676 3494 instar

831 3529 1102 3595 aliorum
1156 3531 1746 3595 anniversariorum
1788 3527 2056 3595 habebit
2097 3531 2443 3616 quotannis
2485 3527 2849 3616 quindecim
2896 3542 2977 3613 95.
3024 3536 3088 3592 et
3131 3525 3405 3613 singulis
3446 3549 3672 3615 supra-

746 3639 813 3694 30
835 3629 1021 3694 dictis
1082 3629 1459 3694 satisfaciat.
1540 3629 1617 3693 In
1677 3628 1910 3715 quibus
1949 3627 2191 3715 vigiliis
2253 3637 2317 3692 et
2379 3630 2596 3694 missis
2663 3627 2782 3693 sub
2846 3648 3058 3713 poena
3123 3628 3482 3710 carenciae,
3549 3650 3667 3714 per

832 3726 1157 3793 dominum
1221 3729 1665 3842 praepositum
1721 3728 2102 3810 intimanda,
2164 3726 2345 3793 salvo
2411 3750 2527 3793 suo
2592 3726 2853 3792 sallario
2912 3724 3181 3813 quilibet
3243 3725 3544 3791 dominus
3590 3725 3674 3790 de

832 3827 1103 3913 collegio
1143 3826 1459 3913 principis
1503 3825 1695 3891 debet
1737 3848 1877 3891 esse
1920 3848 2232 3914 praesens
2272 3835 2421 3891 ante
2459 3826 2656 3892 finem
2697 3826 2947 3914 primae
2990 3825 3281 3892 lectionis
3323 3828 3392 3888 in
3433 3824 3673 3911 vigiliis

835 3938 899 3993 et
954 3923 1263 4012 epistolae
1316 3926 1384 3990 in
1433 3927 1635 3991 missa
1673 3928 1743 3991 in
1785 3924 1979 3992 choro
2027 3924 2241 3991 dictae
2283 3925 2596 3992 ecclesiae
2636 3924 2774 3990 divi
2814 3924 3070 3990 Nicolai
3106 3934 3174 3989 et
3221 3923 3453 3990 offerre
3493 3946 3673 3989 more

830 4034 1132 4093 consueto
1176 4034 1368 4110 atque
1411 4047 1543 4090 non
1585 4024 1885 4091 sacerdos
1930 4025 2147 4111 legere
2190 4026 2482 4111 integras
2520 4024 2801 4112 vigilias,
2848 4023 3153 4090 sacerdos
3180 4045 3357 4106 vern,
3401 4022 3659 4109 quando

751 4137 816 4193 35
839 4125 1190 4213 dispositus
1246 4124 1458 4206 fuerit,
1521 4125 1786 4190 missam
1840 4148 1958 4211 pro
1999 4126 2217 4190 anima
2274 4124 2558 4191 defuncti
2615 4123 2975 4206 celebrare,
3031 4146 3153 4210 pro
3211 4145 3339 4210 quo
3398 4121 3670 4209 quilibet

834 4224 1100 4292 habebit
1139 4245 1223 4288 ex
1264 4222 1430 4287 dom.
1475 4225 1849 4311 praeposito
1896 4231 2049 4288 tunc
2108 4226 2427 4289 existente
2482 4222 2704 4288 decem
2760 4225 3056 4312 antiquos
3114 4243 3402 4309 grossos,
3449 4223 3672 4309 porcio

830 4336 1044 4391 autem
1090 4322 1375 4388 absentis
1419 4332 1485 4387 et
1524 4322 1908 4408 negligentis
1952 4344 2324 4389 accrescere
2365 4322 2560 4389 debet
2598 4322 2757 4389 fisco
2801 4323 3075 4410 collegii.
3119 4322 3453 4404 Quatenus
3492 4320 3670 4386 istud

830 4428 1013 4514 pium
1055 4445 1217 4509 opus
1262 4430 1596 4509 perpetuo,
1652 4431 1723 4486 ut
1782 4422 2144 4489 institutum
2199 4432 2316 4506 est,
2375 4432 2685 4504 servetur,
2745 4422 2984 4488 debent
3034 4420 3203 4486 dom.
3264 4419 3671 4508 praepositus

830 4547 977 4590 cum
1004 4522 1234 4588 ceteris
1264 4520 1527 4607 collegis
1571 4521 1724 4588 dicti
1766 4521 2022 4608 collegii
2064 4523 2379 4610 principis
2425 4544 2670 4603 curare,
2717 4520 3149 4608 quadraginta
3175 4519 3403 4586 floreni
3447 4542 3672 4607 supra·

747 4636 812 4691 40
830 4623 1140 4690 nominati
1201 4642 1456 4707 semper
1513 4643 1632 4708 pro
1693 4622 1921 4687 annuis
1969 4621 2268 4686 censibus
2330 4629 2771 4708 exponantur3
2836 4630 2899 4685 et
2961 4642 3096 4695 rem
3160 4619 3438 4684 fideliter
3500 4628 3671 4684 stare

828 4722 1082 4804 volunt,
1134 4731 1207 4786 ut
1264 4721 1508 4808 posteri
1565 4742 1685 4807 pro
1741 4722 1870 4785 iam
1924 4722 2092 4785 vivis
2147 4721 2391 4786 faciant
2443 4730 2735 4806 tempore
2793 4742 2907 4785 suo
2968 4720 3222 4805 exequi.
3305 4719 3546 4785 Actum
3600 4727 3672 4782 ut

982 5026 1005 5076 1
1048 5021 1158 5076 Am
1201 5017 1398 5075 Raude
1440 5035 1550 5073 von
1603 5020 1789 5089 spater
1831 5017 1999 5074 Hand
2044 5018 2162 5092 (des
2209 5023 2285 5075 18.
2324 5018 2468 5092 Jh.):
2540 5019 2900 5093 Scribendmn
2942 5025 3095 5074 aut:
3153 5017 3510 5072 &Araden-ue.
3579 5014 3672 5070 Da

829 5101 1541 5248 ξῗζΐὴθέιέἑιέθιιῐεοὴ
1563 5128 1634 5150 ===
1653 5102 2029 5159 hochdeutsch
2059 5105 2301 5160 achroter
2332 5103 2422 5175 ist,
2457 5122 2519 5160 so
2545 5104 2769 5161 konnen
2804 5103 2964 5159 bcide
2981 5102 3036 5160 N
3037 5118 3197 5157 amen
3227 5099 3523 5170 allerdings
3543 5098 3670 5153 den·
