4038 6358
870 582 987 647 186
1995 585 2107 636 Das
2141 601 2331 650 grosse
2369 587 2575 653 Colleg.

1025 760 1554 846 Pronuneiamus,
1607 766 1779 853 quod
1826 790 2048 833 omnes
2093 767 2530 835 dissensiones
2588 779 2768 836 ortae
2810 769 2977 833 inter
3019 769 3394 858 collegiatos
3455 766 3741 833 maioris

860 860 1115 947 collegii
1158 871 1223 926 et
1269 861 1646 949 collegiatus
1688 866 1937 933 vilioris
1981 869 2237 957 collegii
2291 879 2355 934 et
2398 891 2617 934 omnes
2661 892 2746 934 ex
2798 877 3070 954 utraque
3114 878 3302 956 parte
3346 868 3734 934 adhaeren-

864 972 961 1026 tes
1002 963 1253 1027 ratione
1302 962 1705 1050 quorundam
1752 975 2144 1034 stamtorum
2199 969 2524 1034 facultatis
2569 970 2802 1034 artium
2846 978 2910 1032 et
2950 969 3224 1033 rectoris
3268 968 3628 1034 electionis
3676 967 3744 1031 in

863 1060 1134 1146 collegio
1202 1064 1436 1127 maiori
1500 1063 1863 1131 celebratae
1926 1077 1990 1132 et
2062 1069 2537 1134 abstractorum
2602 1069 2971 1134 examinum
3040 1077 3103 1131 et
3177 1068 3744 1133 convocationum

780 1170 813 1225 5
866 1160 1197 1226 facultatis
1252 1164 1490 1227 artium
1544 1167 1610 1228 in
1669 1165 1943 1252 collegio
1988 1169 2221 1233 maiori
2273 1177 2337 1258 et
2391 1167 2974 1233 administrationis
3028 1166 3204 1232 illius
3262 1168 3604 1254 pecuniae
3663 1164 3746 1231 de

858 1258 1017 1326 locis
1066 1264 1507 1347 provenientis
1550 1266 1616 1328 in
1662 1275 1849 1351 parte
1892 1278 1956 1331 et
1992 1267 2061 1332 in
2111 1277 2244 1334 toto
2290 1268 2527 1334 debent
2569 1291 2711 1333 esse
2755 1276 3047 1332 mortuae
3090 1277 3155 1332 et
3197 1270 3580 1349 extinctae,
3648 1267 3745 1330 sic

867 1368 1082 1426 autem
1122 1370 1196 1425 ut
1236 1370 1429 1428 antea
1473 1364 1602 1428 sint
1642 1361 1798 1429 boni
1850 1375 1914 1430 et
1969 1389 2053 1431 ex
2096 1369 2310 1433 animo
2356 1368 2568 1432 amici.
2649 1368 2809 1432 Item
2866 1365 3041 1453 quod
3095 1368 3401 1431 examina
3465 1387 3740 1453 promo-

863 1459 1221 1526 vendorum
1263 1462 1332 1525 in
1373 1460 1625 1527 artibus
1668 1473 1733 1528 et
1774 1467 2273 1532 convocationes
2314 1465 2640 1533 facultatis
2682 1467 2922 1531 artium
2969 1475 3033 1531 et
3088 1465 3370 1553 prandia
3425 1466 3740 1531 lieentia·

864 1570 1077 1624 torum
1120 1562 1187 1624 in
1227 1560 1475 1626 artibus
1522 1561 1801 1628 debeant
1843 1587 1984 1629 esse
2027 1567 2097 1630 in
2141 1565 2412 1652 collegio
2437 1567 2687 1648 maiori,
2727 1576 2799 1630 ut
2839 1564 3193 1651 disponunt
3230 1573 3482 1630 statuta
3531 1562 3741 1629 facul·

784 1668 847 1724 10
865 1659 1015 1723 tatis
1060 1661 1317 1725 artium.
1381 1662 1543 1726 Item
1588 1660 1913 1751 collegiati
1958 1664 2199 1730 debent
2236 1668 2572 1753 percipere
2617 1666 2958 1753 pecuniam
2999 1664 3082 1730 de
3124 1662 3284 1730 locis
3332 1667 3739 1752 provenien·

866 1768 1017 1841 tem,
1066 1760 1233 1825 sieut
1274 1771 1424 1826 ante
1466 1762 1779 1828 fecerunt.

1438 2218 1534 2280 44.
1579 2229 1672 2279 DE
1714 2232 2226 2282 Paocunarom:
2268 2233 2600 2283 ansanus
2641 2232 3104 2281 DlmTTENDO.

1021 2359 1211 2426 Anno
1264 2367 1419 2429 1430
1473 2363 1539 2426 in
1593 2366 2050 2452 praepositura
2099 2364 2189 2429 Μ.
2238 2364 2551 2453 Stephani
2605 2365 2953 2430 Huffeners
3007 2363 3067 2428 d.
3123 2368 3161 2429 2
3215 2363 3498 2449 Augusti
3571 2387 3724 2429 con·

860 2459 1138 2543 clusum,
1198 2460 1370 2547 quod
1429 2462 1697 2550 quilibet
1757 2463 2137 2550 collegiatus
2198 2466 2461 2531 maioris
2521 2464 2809 2551 collegii,
2873 2464 2984 2549 qui
3036 2461 3210 2527 ultra
3247 2485 3557 2528 mensem
3625 2475 3724 2529 est

781 2567 842 2624 15
861 2559 1096 2624 absens
1151 2583 1192 2624 a
1246 2560 1537 2647 collegiO‚
1594 2571 1847 2636 tenetur
1903 2563 2226 2629 dimittere
2280 2587 2395 2630 seu
2453 2564 2694 2631 habere
2749 2571 3234 2650 procuratorem
3292 2561 3718 2649 collegiatam

858 2669 1267 2745 praesentem
1310 2659 1570 2747 collegii
1628 2662 1946 2748 praedicti
1988 2687 2108 2750 per
2150 2673 2404 2751 tempus
2446 2664 2781 2730 absentiae
2839 2685 3015 2744 suae,
3074 2660 3193 2725 sub
3237 2683 3452 2748 poena
3493 2663 3722 2752 priva·

862 2759 1065 2823 cionis
1111 2757 1570 2846 collegiaturae
1617 2784 1773 2827 suae
1814 2760 1993 2827 nulla
2036 2763 2166 2832 alia
2207 2764 2627 2829 invocaeione
2667 2760 3113 2849 praecedente.

1526 2952 1625 3012 45.
1667 2963 1804 3013 PRO
1850 2964 2186 3013 m'rnorru
2229 2951 2267 3014 6
2308 2964 2612 3012 raom-:m
2651 2961 3014 3011 somnum.

1028 3090 1317 3172 Quilibet
1360 3092 1442 3158 de
1480 3117 1649 3160 novo
1691 3096 1943 3161 intrans
1988 3095 2327 3183 collegium
2368 3095 2540 3161 infra
2583 3096 2866 3184 primum
2913 3114 3200 3158 mensem
3254 3093 3356 3157 sui
3405 3093 3714 3158 introitus

777 3199 845 3255 20
866 3189 1117 3256 solvere
1167 3192 1361 3259 debet
1411 3198 1784 3283 praeposito
1842 3195 2098 3284 collegii
2157 3207 2312 3263 tunc
2366 3196 2668 3262 existenti
2719 3217 2838 3260 sex
2893 3194 3172 3260 florenos
3228 3215 3538 3259 renenses
3595 3215 3713 3281 pro

859 3290 1017 3356 fiseo
1056 3292 1333 3379 collegii,
1394 3294 1512 3359 sub
1556 3318 1769 3382 poena
1813 3299 2142 3362 carentiae
2194 3296 2451 3379 bursae,
2512 3318 2703 3383 quam
2749 3294 3162 3383 praepositus
3208 3292 3328 3358 sub
3381 3316 3500 3358 suo
3543 3294 3710 3357 iura-

859 3400 1072 3456 mento
1114 3392 1240 3458 sibi
1288 3394 1667 3460 subtrahere
1709 3403 1983 3479 tenetur,
2040 3399 2096 3461 si
2148 3396 2517 3483 praedictos
2571 3417 2688 3460 sex
2731 3393 3012 3460 florenos
3055 3416 3184 3461 non
3229 3391 3503 3458 solverit
3543 3393 3711 3457 infra

857 3500 1113 3577 tempus
1157 3503 1622 3579 praenotatum.

896 3679 999 3741 46.
1041 3688 1133 3740 DE
1173 3693 1659 3742 DISPOSITIONE
1702 3694 1973 3743 MENSAE
2013 3696 2232 3745 IUXTA
2276 3695 2635 3744 DICTAMEN
2676 3694 2958 3743 MAIORIS
3003 3693 3248 3742 PARTIS
3293 3692 3646 3742 COLLEGn.

778 3833 844 3889 25
1027 3824 1279 3890 Eodem
1334 3848 1501 3891 anno
1543 3825 1929 3892 duodecima
1983 3826 2089 3893 die
2132 3828 2414 3915 Augusti
2470 3826 2842 3893 conclusum
2894 3825 3014 3890 fuit
3058 3823 3485 3907 concorditer,
3539 3821 3701 3911 quod

859 3925 1269 4011 praepositus
1317 3948 1436 4012 pro
1482 3934 1772 4013 tempore
1814 3928 2103 3993 existens
2146 3937 2441 3993 teneatur
2479 3950 2708 4014 regere
2748 3946 3042 3991 mensam
3099 3923 3179 3988 de
3235 3926 3594 4009 quantitate
3648 3932 3705 3987 et

860 4022 1169 4110 qualitate
1223 4023 1609 4090 ferculorum
1662 4026 1847 4091 iuxta
1903 4026 2227 4092 dictamen
2280 4029 2546 4093 maioris
2599 4027 2807 4114 partis
2862 4024 3138 4110 collegii.
3222 4023 3409 4089 Idem
3454 4025 3578 4088 erit
3630 4022 3704 4087 de

858 4123 1269 4188 cerevisiario
1312 4124 1527 4209 quoad
1567 4125 1828 4191 modum
1869 4126 2265 4215 respiciendi
2304 4127 2706 4192 cerevisiam.

980 4312 1076 4370 47.
1119 4324 1213 4370 DE
1259 4324 1621 4375 msAmssus
1660 4326 1865 4374 DA‘ns
1910 4328 2045 4375 PER
2081 4328 2484 4376 mTRAN'rEM
2527 4324 2932 4376 comacum
2974 4324 3068 4372 m:
3112 4321 3304 4370 novo
3343 4309 3594 4372 m‘rnw

775 4413 844 4469 30
1655 4412 1661 4419 ’
1890 4428 2228 4475 mmmm
2266 4426 2692 4474 mvmsnms.

1021 4555 1186 4619 Item
1241 4566 1568 4639 statutum,
1624 4557 1804 4644 quod
1858 4559 2135 4645 pecunia
2179 4558 2333 4623 data
2373 4559 2442 4623 in
2493 4559 2835 4645 propinam
2875 4555 3160 4621 familiae
3203 4574 3322 4642 per
3362 4554 3698 4618 intrantem

860 4653 1207 4741 collegium
1248 4655 1331 4720 de
1374 4678 1544 4722 novo
1585 4656 1707 4723 hoe
1753 4657 1944 4723 modo
2000 4657 2445 4740 distribuatur,
2503 4656 2676 4743 quod
2733 4664 3119 4743 procurator
3175 4654 3418 4720 habeat
3475 4653 3698 4718 medie·

858 4763 1056 4818 tatem
1110 4755 1326 4837 totiuS,
1383 4758 1698 4822 tertianus
1740 4779 1898 4822 vero
1955 4756 2195 4824 habeat
2235 4762 2273 4823 2
2316 4778 2604 4843 grossos,
2659 4756 2988 4821 residuum
3045 4764 3257 4820 autem
3315 4753 3506 4819 detur
3556 4775 3699 4819 coco

854 4862 966 4918 aut
1008 4874 1219 4919 cocae.

1012 5173 1034 5225 1
1075 5169 1446 5226 Geschrieben
1492 5169 1641 5225 steht
1684 5173 1795 5242 vel,
1838 5173 1951 5228 und
1997 5172 2088 5229 die
2134 5188 2313 5244 ganze
2357 5170 2745 5229 Uebersehrift
2793 5172 2867 5225 ist
2914 5170 2999 5225 als
3050 5188 3177 5226 zum
3223 5170 3699 5245 voraufgehenden

854 5252 1021 5309 sune
1054 5253 1291 5326 geh6rig
1322 5254 1636 5312 behandelt.
3147 5270 3158 5279 ¹
