4038 6358
735 619 856 683 624
1756 619 1855 668 Die
1893 618 2264 668 medicinische
2298 618 2553 671 Faculffit.

746 796 1125 862 doctoresve
1167 795 1594 885 appellentur,
1645 821 1867 865 eorum
1907 800 2345 887 unusquisque
2398 797 2694 886 publicos
2746 798 3077 865 ministros
3133 800 3576 867 universitatis

743 905 1001 961 nostrae
1033 905 1146 959 aut
1186 897 1711 963 convenientibus
1752 898 2040 964 vestibus
2087 898 2373 981 donabit,
2414 908 2544 980 aut,
2587 899 2640 963 si
2685 900 3044 984 pecuniam,
3089 908 3162 964 ut
3199 900 3330 986 ipsi
3367 911 3577 966 vestes

748 1004 1154 1082 comparent,
1220 994 1378 1059 dare
1454 995 1778 1080 maluerit,
1855 1020 1982 1062 non
2056 998 2302 1079 minus,
2374 1021 2569 1086 quam
2643 1006 2949 1085 quantum
3015 996 3231 1063 florini
3299 1000 3578 1087 quinque

743 1117 1046 1160 renenses
1093 1092 1382 1178 valeant,
1442 1094 1568 1160 illis
1623 1105 1934 1161 numeret.
2038 1097 2173 1183 Ipsi
2216 1108 2439 1163 contra
2480 1098 2759 1162 ministri
2812 1095 3056 1183 publici
3098 1097 3478 1164 cathedram
3517 1109 3577 1163 et

658 1204 690 1259 5
745 1191 1052 1259 subsellia
1093 1195 1228 1261 suis
1269 1193 1584 1260 sumtibus
1628 1195 1917 1283 diligenti
1962 1218 2164 1283 opera
2207 1206 2506 1262 extruere
2545 1208 2609 1262 et
2647 1219 2967 1262 exornare
3011 1195 3355 1262 debebunt.

916 1291 1045 1358 Sed
1103 1316 1247 1358 cum
1302 1303 1568 1381 propter
1627 1293 1965 1382 praedicta
2024 1294 2341 1361 dissensio
2383 1305 2613 1361 exorta
2661 1306 2861 1379 esset,
2904 1318 3056 1361 num
3102 1319 3221 1383 per
3260 1296 3573 1363 florenum

742 1414 1077 1458 renensem
1109 1415 1342 1458 aureus
1379 1394 1447 1458 in
1480 1403 1736 1459 moneta
1767 1393 2204 1460 numerandus
2248 1398 2350 1478 sit,
2395 1404 2461 1459 et
2501 1418 2646 1461 cum
2686 1396 3023 1482 inreperiti
3062 1417 3290 1461 aurum
3316 1392 3451 1484 [20]
3480 1397 3573 1461 vel

749 1491 1033 1558 valorem
1078 1493 1222 1557 auri
1263 1503 1634 1576 numerant,
1693 1492 2021 1559 decretum
2075 1504 2203 1576 est,
2263 1505 2326 1559 et
2384 1494 2506 1559 hoc
2556 1492 2944 1563 famulorum
2998 1515 3351 1577 consensu,
3406 1496 3574 1583 quod

753 1590 1024 1678 posthac
1066 1593 1132 1656 in
1175 1590 1427 1656 medica
1469 1594 1869 1679 promotione
1910 1592 2152 1659 talerus
2195 1615 2316 1679 pro
2360 1593 2602 1658 floreno
2646 1596 2711 1658 in
2755 1615 2915 1659 auro
2957 1597 3281 1660 numerari
3326 1594 3574 1661 debeat.

665 1748 728 1803 ιο
1406 1741 1582 1809 VIII.
1629 1738 1722 1829 [S.
1746 1739 1849 1830 21]
1903 1760 1995 1806 DE
2041 1759 2554 1809 msrn‘rAriom:
2597 1759 2913 1809 Poenos.

910 1855 1194 1923 Decreta
1233 1880 1347 1922 seu
1388 1861 1860 1945 propositiones
1917 1859 2425 1946 disputationum
2448 1907 2466 1941 ‚
2518 1861 2897 1946 priusquam
2959 1860 3141 1947 prelo
3194 1860 3573 1944 subdantur,

748 1954 833 2019 ad
877 1978 1211 2021 censuram
1256 1957 1483 2021 decani
1527 1958 1908 2023 referantur.

907 2054 1171 2120 Eidem¹
1212 2068 1357 2122 octo
1394 2055 1532 2121 dies
1561 2044 1709 2121 ante
1749 2056 2248 2143 disputationem
2294 2055 2662 2122 doctoribus
2707 2067 2770 2121 et
2809 2055 3166 2123 scolasticis
3207 2081 3326 2147 per
3368 2059 3572 2124 famu-

747 2152 843 2218 los
900 2156 1340 2219 universitatis
1384 2154 1851 2220 distribuantur
1907 2167 1970 2221 et
2011 2155 2330 2220 theatrum
2389 2155 2472 2220 ab
2534 2157 2696 2242 ipsis
2751 2166 3146 2243 expurgetur
3201 2179 3280 2222 ac
3337 2159 3572 2244 tapetis

667 2262 729 2316 15
746 2252 1094 2318 adornetur
1137 2264 1200 2318 et
1240 2263 1373 2320 toto
1417 2254 1875 2341 disputationis
1921 2266 2210 2342 tempore
2254 2278 2369 2321 suo
2415 2255 2624 2320 officio
2665 2265 2907 2320 attente
2946 2256 3317 2343 fungantur.

911 2351 1291 2439 Quicunque
1347 2352 1671 2418 scolastici
1720 2351 1824 2417 vel
1880 2353 2291 2418 baccalaurei
2349 2353 2568 2419 titulos
2628 2354 2939 2419 honorum
2999 2355 3168 2419 ferre
3220 2355 3399 2442 apud
3457 2377 3570 2420 nos

753 2454 1041 2539 cupiunt,
1083 2474 1212 2517 una
1241 2475 1384 2517 cum
1417 2452 1718 2539 praeside
1760 2452 1844 2517 ab
1883 2454 2065 2517 initio
2110 2453 2195 2517 ad
2234 2462 2628 2539 postremum
2674 2475 2875 2539 usque
2919 2453 3342 2541 disputationi
3382 2456 3570 2519 inter-

753 2553 897 2633 sint,
939 2575 1019 2616 ne
1047 2573 1314 2638 praeses
1345 2549 1572 2616 surdos
1597 2554 1880 2638 parietes
1915 2553 2109 2617 ferire
2146 2552 2443 2617 videatur
2485 2564 2549 2616 et
2592 2575 2672 2617 ne
2714 2555 2809 2618 sic
2852 2553 3339 2620 scolasticorum
3382 2553 3571 2640 culpa

748 2649 1122 2737 disputandi
1166 2673 1394 2715 munus
1438 2661 1716 2716 corruat.

664 2759 733 2815 20
911 2749 1196 2815 Studiosi
1238 2748 1597 2814 medicinae
1635 2752 1803 2815 inter
1857 2748 2318 2836 disputandum
2379 2762 2551 2817 certo
2602 2750 2746 2817 loco
2807 2752 3073 2817 sedeant
3113 2752 3182 2816 in
3228 2763 3573 2841 conspectu

744 2851 1060 2932 omnium,
1107 2847 1220 2913 sed
1262 2849 1658 2914 medicorum
1701 2850 2032 2935 inprimis,
2077 2860 2179 2930 ut,
2225 2871 2421 2936 quam
2475 2853 2687 2936 parati
2740 2862 2805 2915 et
2857 2853 3152 2916 instructi
3211 2852 3297 2917 ad
3352 2852 3573 2940 dispu-

754 2951 1061 3014 tationem
1107 2952 1369 3013 veniant
1422 2959 1485 3013 et
1537 2960 1843 3035 quantum
1904 2949 2296 3035 profecerint
2316 2998 2334 3031 ,
2399 2960 2510 3014 aut
2576 2971 2706 3037 qua
2774 2952 3032 3015 omnino
3079 2972 3197 3037 spe
3236 2961 3575 3016 versentur

753 3044 879 3135 [22]
923 3049 990 3111 in
1030 3047 1154 3112 hac
1196 3047 1435 3129 schola,
1484 3047 1731 3135 liquido
1779 3050 2080 3133 cognosci
2124 3057 2187 3111 et
2225 3047 2502 3112 iudicari
2541 3050 2765 3135 possit.

905 3146 1052 3213 Hoc
1094 3146 1421 3212 decretum
1461 3149 1517 3211 si
1559 3149 1702 3233 quis
1745 3149 2203 3234 contempserit
2259 3158 2322 3212 et
2370 3147 2585 3212 facere
2643 3146 3034 3234 neglexerit,
3089 3149 3147 3213 is
3190 3171 3308 3214 nec
3353 3149 3573 3238 dispu-

665 3259 730 3315 25
751 3250 946 3314 tantis
987 3248 1344 3333 praemium
1386 3249 1549 3311 feret
1588 3268 1710 3311 nec
1750 3246 1837 3311 ad
1876 3246 2188 3312 honorum
2230 3249 2573 3332 petitiones
2611 3247 3004 3312 admittetur.

915 3345 1308 3411 Scolasticus
1351 3345 1438 3409 ad
1481 3344 2010 3410 baccalaureatus
2067 3346 2342 3433 gradum
2396 3369 2526 3412 non
2580 3346 2986 3430 admittatur,
3046 3349 3171 3413 nisi
3233 3350 3445 3413 sexies
3490 3349 3574 3413 ad

755 3448 1088 3512 minimum
1145 3445 1213 3509 in
1270 3442 1815 3531 disputationibus
1868 3448 2248 3532 apparuerit
2303 3467 2413 3528 ac,
2469 3467 2612 3511 cum
2670 3444 2861 3511 datur
2906 3449 3124 3533 copia,
3180 3448 3326 3534 ipse
3385 3450 3577 3513 etiam

753 3545 1199 3633 disputaverit.

912 3644 1023 3710 Sic
1043 3645 1238 3708 etiam
1269 3647 1587 3709 sancitum
1611 3655 1726 3726 est,
1765 3666 1846 3709 ne
1872 3645 1974 3709 cui
2007 3642 2431 3710 baccalaureo
2454 3644 2715 3709 licentia
2734 3643 3015 3710 adeundi
3055 3644 3139 3710 ad
3185 3645 3570 3711 doctoralem

668 3756 737 3812 30
757 3744 1216 3811 sublimitatem
1270 3745 1635 3808 conferatur
1648 3791 1667 3825 ,
1722 3744 1847 3808 nisi
1900 3743 2123 3808 itidem
2181 3746 2394 3809 sexies
2455 3766 2538 3808 ex
2588 3743 2842 3808 medica
2900 3744 3059 3810 sella
3110 3747 3198 3823 (si
3240 3747 3310 3810 in
3355 3747 3573 3832 spacio

754 3865 986 3931 nempe
1023 3841 1466 3929 completionis
1506 3852 1601 3907 tot
1642 3841 2111 3928 disputationes
2154 3842 2517 3907 celebratae
2558 3844 2821 3920 fuerint)
2867 3841 3315 3930 disputaverit.

915 3944 1221 4009 Decanus
1251 3940 1332 4006 de
1368 3940 1636 4027 singulis
1670 3941 2213 4028 disputationibus
2249 3942 2654 4028 cathalogum
2698 3943 3166 4029 disputantium
3211 3955 3275 4008 et
3316 3966 3578 4030 respon-

755 4045 1039 4110 dentium
1094 4063 1134 4104 a
1183 4040 1422 4106 famulo
1471 4042 1911 4106 universitatis
1955 4044 2178 4127 exigat
2239 4052 2303 4106 et
2344 4043 2410 4106 in
2451 4042 2775 4107 facultatis
2826 4042 3104 4107 indicem
3163 4043 3449 4130 redigat,
3507 4055 3580 4107 ut

750 4145 1058 4230 cuiusque
1099 4142 1330 4205 merita
1369 4139 1520 4204 inde
1562 4149 1938 4227 appareant.

670 4253 737 4309 35
922 4238 1015 4328 [S.
1049 4236 1154 4327 23]
1214 4239 1285 4304 Si
1330 4240 1664 4327 quisquam
1703 4240 1862 4304 haec
1901 4253 1965 4305 et
2006 4239 2137 4304 alia
2191 4246 2403 4325 (quae,
2446 4251 2516 4306 ut
2556 4263 2661 4306 res
2705 4242 2957 4307 medica
2998 4243 3381 4326 efflorescat,
3433 4265 3579 4308 con-

752 4344 974 4408 stituta
1015 4338 1191 4425 sunt)
1234 4339 1605 4426 despexerit
1646 4348 1711 4404 et
1752 4338 1880 4405 alio
1921 4362 1992 4405 se
2032 4339 2374 4405 contulerit
2408 4351 2471 4405 et
2509 4340 2814 4406 corollam
2845 4345 3222 4430 susceperit,
3253 4342 3583 4407 decretum

755 4451 886 4524 est,
928 4449 1000 4504 ut
1042 4461 1163 4525 par
1204 4443 1350 4524 pari
1391 4439 1726 4521 referatur,
1767 4460 1850 4503 ne
1902 4460 2185 4526 unquam
2226 4438 2333 4504 hic
2377 4439 2554 4527 apud
2593 4463 2713 4507 nos
2757 4443 2825 4506 in
2866 4464 3203 4510 numerum
3247 4443 3582 4508 doctorum

755 4553 869 4607 aut
908 4538 1279 4604 facultatem
1318 4537 1712 4602 medicorum
1751 4540 2158 4627 recipiatur.²

1087 4687 1203 4754 IX.
1260 4705 1353 4752 DE
1407 4705 1902 4754 EMOLUMENTIS
1944 4667 2432 4756 PROMOTORtiM
2473 4708 2563 4756 ET
2607 4708 3254 4760 COMPROMOTORUM.

672 4819 741 4875 40
919 4807 1050 4873 Pro
1105 4806 1336 4870 maiori
1388 4804 1733 4870 concordia
1787 4806 2110 4872 facultatis
2164 4806 2455 4871 medicae
2506 4807 2915 4875 observatum
2960 4820 3025 4875 et
3068 4833 3323 4899 semper
3365 4811 3579 4877 obser·

758 4905 1042 4973 vandum
1108 4906 1349 4992 placet,
1411 4916 1478 4969 ut
1528 4906 1717 4969 iuxta
1767 4903 2058 4970 ordinem
2114 4906 2444 4971 doctorum
2501 4901 2581 4973 de
2635 4907 2902 4975 consilio
2955 4909 3284 4977 facultatis
3354 4910 3577 4976 bacca-

760 5004 1257 5073 laureandorum
1302 5015 1364 5068 et
1401 5003 1938 5070 licentiandorum
1982 5014 2312 5092 promotor
2365 5007 2735 5094 designetur
2791 5019 2854 5073 et
2910 5009 3024 5074 fiat
3043 5059 3063 5094 ,
3122 5021 3315 5096 atque
3355 5013 3410 5075 is
3458 5033 3579 5099 pro

930 5215 950 5262 1
994 5206 1068 5262 So
1103 5205 1250 5261 steht
1285 5203 1656 5275 geschrieben.
3039 5274 3043 5278 .

924 5295 954 5348 2
993 5293 1098 5344 Am
1136 5290 1355 5345 Raude:
1395 5290 1553 5345 Haec
1582 5291 1936 5363 praescripta
1969 5301 2031 5346 ut
2054 5294 2409 5363 praecedenti
2445 5293 2589 5348 libro
2623 5299 2943 5348 statutorum
2978 5297 3299 5364 confirmata
3328 5301 3465 5352 eunt.
