4038 6358
893 664 1013 731 612
1389 689 1397 697 ·
1915 660 2013 712 Die
2050 650 2420 713 me'dicinische
2454 658 2707 713 Facultat.

895 844 1235 931 diligenter
1278 843 1624 925 audivisse,
1672 853 1736 908 et
1778 866 1893 931 per
1945 842 2310 910 huiusmodi
2350 853 2602 930 tempus
2646 838 2894 908 biennii
2954 841 3145 908 debet
3188 841 3386 911 etiam
3438 862 3586 905 cum
3629 839 3730 904 ali-

891 967 1016 1030 quo
1061 967 1283 1010 eorum
1325 943 1428 1008 vel
1471 943 1744 1008 aliorum
1799 943 2131 1009 doctorum
2187 945 2546 1029 practicam
2586 942 2654 1008 in
2696 942 3038 1007 medicinis
3093 941 3436 1028 diligenter
3481 939 3732 1005 adiisse.

894 1043 1083 1126 Quod
1125 1055 1520 1130 postremum
1564 1046 1620 1107 si
1662 1066 1788 1121 non
1832 1041 2286 1131 adimpleverit
2327 1042 2510 1129 (quia
2551 1042 2866 1109 conmode
2901 1042 3116 1107 facere
3159 1043 3427 1127 nequit),
3468 1037 3733 1104 facultas

891 1166 1107 1209 secum
1146 1142 1496 1230 dispenset.

807 1254 840 1308 ⁵
1061 1251 1117 1308 4.
1167 1241 1780 1308 Baccalaureandus
1821 1240 2090 1327 quilibet
2145 1250 2406 1305 nostrae
2460 1239 2806 1321 facultatiS,
2862 1261 2981 1326 per
3035 1239 3330 1305 doctores
3371 1239 3439 1303 in
3480 1236 3732 1302 medici-

888 1345 989 1413 nis
1034 1341 1119 1407 ad
1162 1343 1526 1427 rigorosum
1573 1364 1847 1406 examen
1899 1340 2226 1406 admissus
2281 1350 2343 1404 et
2393 1343 2819 1422 examinatus,
2878 1346 3224 1426 antequam
3271 1338 3398 1403 sibi
3444 1362 3563 1426 per
3606 1360 3732 1403 eos-

893 1442 1036 1507 dem
1103 1441 1401 1507 doctores
1460 1443 1940 1506 examinatores
1996 1438 2188 1504 finale
2244 1461 2628 1526 responsum
2684 1437 2766 1512 de
2822 1439 2959 1504 eius
3017 1436 3414 1503 admissione
3469 1437 3732 1518 dicatur,

895 1541 1146 1607 solvere
1190 1550 1441 1605 tenetur
1483 1538 1744 1604 realiter
1788 1549 1852 1604 et
1910 1561 2053 1604 cum
2115 1539 2344 1603 effectu
2405 1559 2521 1603 sex
2581 1537 2859 1603 florenos
2917 1539 2984 1601 in
3042 1560 3203 1601 auro
3259 1560 3566 1601 renenses
3618 1559 3731 1623 pro

890 1640 1111 1705 labore
1162 1650 1224 1705 et
1266 1639 1506 1704 honore
1560 1638 1924 1704 eorundem.
2008 1637 2097 1703 Et
2154 1636 2346 1703 debet
2401 1637 2520 1702 sub
2563 1637 2787 1703 eodem
2830 1637 3129 1701 examine
3171 1658 3292 1723 pro
3338 1635 3572 1702 solatio
3612 1635 3731 1700 dis-

813 1751 876 1805 10
897 1762 1136 1826 ponere
1181 1761 1376 1804 unum
1417 1736 1796 1805 cantharum
1836 1738 1970 1803 vini
2012 1736 2217 1813 dulcis
2261 1740 2353 1802 et¹
2399 1735 2560 1802 duos
2605 1736 2949 1802 cantharos
2990 1737 3343 1809 cerevisiae
3389 1733 3732 1800 secundum

891 1840 1216 1924 optionem
1261 1837 1595 1902 doctorum
1637 1859 1786 1901 cum
1828 1860 1951 1902 uno
1996 1836 2234 1901 talento
2278 1835 2570 1903 confecti.

1054 1944 1107 2003 5.
1152 1937 1474 2002 Doctores
1519 1935 1845 2001 facultatis
1889 1933 2178 2001 medicae
2221 1933 2458 1999 debent
2496 1933 2859 2000 deliberare
2903 1944 2967 1999 et
3009 1935 3401 1999 constituere
3446 1932 3730 2020 diligenti

892 2058 1048 2101 cura
1092 2045 1156 2100 et
1196 2039 1465 2118 ratione,
1507 2036 1618 2123 qui
1658 2034 1811 2101 libri
1851 2034 1936 2099 ad
1976 2034 2469 2121 completionem
2511 2056 2594 2098 ex
2634 2033 3019 2121 Hipocrate,
3060 2033 3331 2115 Galeno,
3376 2033 3728 2113 Avicenna,

887 2133 1102 2199 Rasae
1147 2158 1289 2200 cum
1350 2138 1637 2200 maxima
1698 2134 2067 2200 auditorum
2122 2132 2395 2197 utilitate
2455 2131 2585 2219 legi
2646 2135 2929 2220 possint,
2988 2143 3052 2198 et
3105 2155 3371 2220 operam
3430 2133 3613 2215 dare,
3669 2144 3734 2196 ut

815 2244 873 2299 15
899 2234 1225 2320 legantur3
1273 2244 1337 2299 et
1378 2256 1461 2299 ex
1499 2233 1629 2299 illis
1674 2243 1914 2321 puncta
1956 2234 2330 2297 examinum
2374 2232 2694 2319 capienda
2740 2232 2887 2298 sint.

1051 2338 1105 2399 6.
1148 2333 1364 2398 Debet
1420 2334 1614 2398 etiam
1673 2331 1940 2420 quilibet
1993 2329 2695 2420 baccalaureandorum
2751 2343 3042 2419 tempore
3098 2355 3253 2396 suae
3311 2333 3729 2419 promotionis

889 2432 1138 2499 solvere
1197 2433 1552 2520 promotori
1612 2454 1728 2497 suo
1786 2442 2060 2517 quatuor
2119 2431 2397 2498 florenos
2459 2442 2607 2495 ante
2667 2433 3140 2518 promotionem
3200 2430 3525 2514 habitam3
3586 2434 3732 2496 item

887 2542 1035 2597 ante
1079 2554 1351 2597 examen
1395 2531 1558 2597 duos
1601 2530 1879 2596 florenos
1925 2553 2228 2596 renenses
2294 2530 2379 2596 ad
2439 2531 2664 2595 fiscum
2720 2530 3046 2596 facultatis
3101 2530 3428 2608 (similiter
3481 2532 3732 2596 famulis

886 2634 952 2695 in
993 2640 1144 2695 actu
1185 2631 1606 2718 promotionis
1646 2652 1841 2695 unum
1886 2652 2151 2695 aureum
2195 2653 2522 2717 nummum
2568 2629 2672 2694 vel
2715 2630 3085 2705 valorem.)²

802 2740 870 2798 20
1053 2736 1108 2795 7.
1150 2728 1760 2795 Baccalaureandus
1813 2728 2279 2810 medicinarum
2330 2730 2399 2793 in
2451 2739 2773 2817 apparatu
2831 2751 2985 2794 suae
3036 2730 3465 2815 promotionis
3520 2732 3732 2796 iurare

883 2829 1224 2912 tenebitur,
1284 2828 1456 2916 quod
1506 2827 1664 2894 velit
1720 2851 2093 2916 procurare,
2150 2838 2462 2913 quantum
2504 2830 2573 2892 in
2624 2851 2692 2893 se
2742 2830 2965 2911 fuerit,
3024 2827 3262 2893 bonum
3304 2832 3495 2894 istius
3539 2830 3731 2894 facul·

885 2931 1057 3012 tatis,
1115 2928 1201 2993 ad
1255 2950 1694 3016 quemcunque
1754 2937 1990 2993 statum
2034 2926 2393 3010 devenerit,
2451 2936 2514 2991 et
2568 2927 2743 3014 quod
2800 2926 3044 2992 dictum
3103 2928 3378 3014 gradum
3433 2931 3501 2993 in
3560 2928 3731 2994 nulla

889 3027 1020 3093 alia
1084 3031 1505 3093 universitate
1582 3037 2061 3113 resumpturus3
2129 3035 2191 3091 et
2257 3027 2326 3090 in
2387 3036 2535 3091 actu
2598 3027 3023 3113 promotionis
3087 3050 3241 3092 suae
3304 3030 3730 3093 iuramentum

886 3127 1257 3194 huiusmodi
1303 3127 1669 3194 solemniter
1713 3149 1831 3214 per
1873 3149 2074 3192 unum
2119 3148 2203 3191 ex
2244 3124 2504 3191 famulis
2547 3126 2987 3192 universitatis
3030 3125 3484 3214 publicabitur.

801 3238 868 3294 25
1055 3232 1109 3295 8.
1152 3226 1390 3292 Volens
1446 3227 1514 3291 in
1574 3225 2072 3291 baccalaureum
2131 3228 2496 3311 promoveri
2550 3225 2908 3291 medicinae
2965 3226 3200 3292 debeat
3252 3237 3400 3292 ante
3459 3252 3728 3294 examen

885 3351 1068 3393 suum
1114 3328 1440 3413 privatum
1481 3335 1545 3390 et
1587 3335 1738 3391 ante
1779 3323 2352 3411 dispensationem,
2409 3346 2575 3410 quae
2617 3324 2778 3389 flunt
2829 3347 2945 3411 per
2996 3325 3294 3392 doctores
3340 3328 3422 3392 de
3467 3327 3728 3394 consilio

885 3424 1213 3492 facultatis
1271 3424 1581 3508 eiusdem,
1641 3422 1903 3510 publice
1953 3425 2021 3488 in
2075 3424 2310 3490 scholis
2370 3423 2488 3489 sub
2547 3423 2760 3511 aliquo
2815 3423 3173 3490 medicinae
3227 3426 3489 3492 doctore
3543 3450 3728 3515 quae-

885 3528 1158 3590 stionem
1211 3522 1659 3589 medicinalem
1717 3523 2184 3588 determinasse
2244 3533 2309 3588 et
2365 3526 2570 3588 eidem
2631 3523 2880 3589 doctori
2933 3535 2997 3589 et
3061 3523 3207 3589 aliis
3263 3529 3598 3611 magistris
3655 3549 3728 3591 ac

886 3622 1287 3689 scholaribus
1340 3632 1600 3689 nostrae
1653 3620 1998 3705 facultatis,
2057 3633 2281 3688 contra
2338 3645 2521 3687 suam
2583 3624 2973 3709 positionem
3030 3647 3303 3708 arguere
3346 3626 3728 3711 volentibus,

801 3733 1009 3811 30pro
1051 3720 1224 3787 virili
1266 3722 1699 3808 respondisse.

1051 3828 1109 3888 9.
1155 3819 1445 3902 Quilibet
1498 3817 1962 3886 baccalaureus
2022 3844 2136 3885 seu
2199 3820 2512 3888 scholaris
2563 3821 2889 3888 facultatis
2945 3824 3237 3888 medicae
3293 3835 3546 3889 tenetur
3612 3848 3728 3912 pro

884 3922 1024 3987 loco
1068 3930 1130 3986 et
1174 3931 1461 4008 tempore
1502 3921 1884 4006 congruenti
1931 3919 2176 3986 decano
2220 3931 2283 3985 et
2326 3920 2698 3986 doctoribus
2744 3921 3029 3987 eiusdem
3072 3921 3401 3988 facultatis
3444 3924 3729 3989 debitum

889 4020 1195 4086 honorem
1239 4033 1302 4085 et
1340 4021 1769 4085 reverentiam
1816 4020 2210 4106 impendere,
2269 4019 2387 4084 sub
2428 4042 2640 4106 poena
2679 4043 2809 4087 non
2850 4021 3265 4087 admissionis
3310 4023 3395 4087 ad
3451 4022 3726 4109 aliquem

884 4119 1183 4206 gradum.
1262 4120 1426 4185 Item
1486 4121 1541 4182 si
1596 4120 1739 4205 quis
1798 4142 2016 4184 eorum
2064 4117 2340 4205 aliquem
2386 4141 2470 4182 ex
2514 4118 2885 4184 doctoribus
2932 4121 3136 4206 (quod
3176 4119 3376 4208 absit)
3423 4123 3729 4188 iniuriose

799 4219 1361 4301 asmolestaverm
1416 4216 1565 4282 talis
1618 4240 1747 4282 non
1808 4217 2183 4282 admittatur
2233 4217 2318 4282 ad
2368 4219 2836 4304 promotionem
2880 4218 3182 4306 aliquam,
3236 4222 3364 4286 nisi
3408 4224 3590 4308 prius
3632 4245 3726 4286 re·

882 4316 1259 4382 conciliatus
1319 4319 1526 4382 fuerit.
1609 4317 1778 4381 Nam
1836 4339 1965 4381 non
2010 4327 2108 4380 est
2163 4316 2398 4402 dignus
2460 4314 2677 4404 aliqua
2733 4321 3134 4406 promotione
3188 4322 3298 4407 qui
3352 4324 3484 4386 suis
3542 4344 3725 4409 prae·

889 4416 1277 4502 ceptoribus,
1322 4439 1362 4481 a
1406 4414 1641 4503 quibus
1685 4437 1828 4479 eam
1870 4414 2172 4499 adfectat,
2215 4417 2645 4482 irreverenter
2689 4417 3089 4483 adversatur.

883 4596 1007 4687 [Bl.
1053 4595 1165 4686 4¹³]
1212 4613 1424 4682 cmm,
1469 4614 1610 4675 Quo
1659 4613 1856 4664 mono
1901 4614 2358 4663 Pnomovsnm
2398 4615 3059 4685 BACCALAUREAnn13
3143 4620 3357 4680 moun
3401 4620 3728 4670 LEGATUR

1841 4720 1850 4726 ¹
1911 4713 2357 4762 nom-omnus
2404 4716 2704 4764 TANTUM.

793 4841 862 4898 40
1816 4833 2037 4897 Caput
2074 4832 2253 4882 XIII.
2296 4831 2441 4897 (Vgl.
2479 4837 2526 4885 ii.
2561 4832 2636 4883 St.
2667 4834 2770 4894 20.)

1049 4946 1313 5031 Placet,
1374 4947 1544 5034 quod
1605 4947 1912 5034 deinceps
1975 4949 2160 5012 iuxta
2218 4949 2463 5012 senium
2524 4947 2861 5014 doctorum
2928 4949 3008 5015 de
3068 4952 3339 5018 consilio
3402 4953 3727 5019 facultatis

882 5049 1298 5112 existentium
1359 5045 1903 5111 baccalaureandi
1963 5058 2483 5131 promoveantur,
2541 5049 2634 5112 ita
2688 5049 2859 5135 quod
2910 5049 3203 5116 doctores
3249 5054 3533 5118 vicissim
3580 5076 3727 5141 pro·

1050 5252 1081 5384 ὲ
1116 5246 1776 5400 ξζαΕιὶιιιιιὲἔΗαωωθηε
1811 5328 1883 5383 ist
1920 5327 2354 5402 nachgetragen,
2388 5329 2531 5384 doch
2562 5330 2706 5387 wohl
2743 5331 3105 5406 gleichzeitig.
