4038 6358
837 632 877 692 4
1653 625 1755 675 Die
1791 624 2291 689 Stifmngsurkunde
2326 637 2450 675 vom
2486 624 2653 675 Jahn-e
2692 628 2836 674 1⁴09.

1648 857 1743 904 DE
1784 857 2298 907 LtBER'rAcIoNE
2344 855 2866 906 COLLEGIORUM.

1003 992 1166 1058 Item
1206 990 1276 1056 in
1306 990 1480 1058 dicto
1523 990 1719 1079 opido
1760 1014 1880 1079 pro
1922 990 2261 1080 praedicta
2294 990 2720 1057 universitate
2759 986 2847 1053 ad
2883 991 3346 1055 incrementum
3392 981 3742 1053 eiusdem

838 1091 1233 1157 instituimus
1276 1099 1342 1156 et
1376 1089 1789 1156 fundavimus
1829 1090 1957 1157 duo
2001 1090 2306 1177 collegia,
2362 1112 2528 1178 quae
2567 1087 3069 1154 nominabuntur
3123 1086 3405 1176 collegia
3456 1085 3741 1175 princi-

843 1213 1026 1279 pum,
1084 1213 1355 1278 quorum
1396 1212 1594 1256 unum
1630 1190 1969 1257 vocabitur
2010 1194 2221 1256 maius
2237 1240 2255 1275 ‚
2305 1188 2488 1255 aliud
2541 1211 2699 1255 vero
2755 1189 2987 1255 minus.
3070 1187 3203 1253 Pro
3244 1186 3500 1274 quibus
3552 1184 3743 1251 duas

792 1301 825 1357 5
845 1290 1075 1357 domus
1118 1288 1499 1357 donavimus
1526 1301 1589 1354 et
1617 1292 2095 1377 assignavimus
2138 1313 2259 1379 pro
2277 1288 2698 1371 ieccionibus,
2742 1286 3300 1376 disputacionibus
3324 1288 3742 1371 ceterisque

842 1390 1096 1457 actibus
1137 1390 1543 1457 scholasticis
1585 1388 1749 1455 inibi
1792 1390 2207 1475 exercendis,
2261 1402 2330 1456 et
2370 1388 2628 1456 easdem
2675 1387 2904 1454 domus
2946 1387 3368 1477 collegiorum
3422 1385 3531 1453 ab
3585 1408 3740 1452 om·

840 1490 1034 1557 nibus
1063 1490 1377 1578 losungis,
1411 1488 1892 1572 exaccionibus,
1934 1489 2550 1572 contribucionibus,
2596 1489 2849 1573 steuris,
2890 1488 3162 1572 iuribus,
3205 1487 3536 1555 oneribus
3568 1494 3647 1552 et
3693 1508 3738 1550 a

843 1588 1253 1657 subieecione
1308 1592 1545 1657 civium
1601 1588 1780 1677 opidi
1835 1590 2116 1676 praefati
2167 1588 2616 1656 libertavimus
2672 1598 2739 1654 et
2788 1589 2874 1654 ad
2925 1587 3266 1655 comodum
3309 1595 3738 1677 praetactae

842 1690 1286 1757 universitatis
1330 1689 1412 1755 de
1458 1698 1637 1755 certa
1675 1698 1902 1755 nostra
1945 1690 2218 1755 scientia
2259 1690 2559 1777 graciose
2603 1690 3094 1777 incorporamus
3141 1698 3206 1754 et
3244 1687 3690 1756 libertamus.

762 1882 828 1938 10
1586 1890 1681 1938 DE
1724 1889 2168 1951 QUAN'HTATE
2214 1890 2527 1940 SALLABH
2571 1891 2937 1941 PERPETUI.

1011 2024 1175 2090 Item
1213 2045 1340 2110 quo
1384 2024 1682 2111 magistri
1696 2072 1714 2108 ,
1759 2022 2058 2090 doctores
2075 2073 2093 2107 ,
2153 2022 2482 2090 studentes
2523 2047 2599 2091 eo
2640 2024 2955 2091 libencius
2988 2022 3075 2089 ad
3117 2022 3359 2090 dictum
3403 2017 3730 2087 studium

845 2121 1191 2206 confluant,
1237 2123 1538 2189 studeant
1581 2133 1644 2188 et
1684 2121 2003 2205 laborent,
2048 2121 2501 2210 deputavimus
2544 2146 2665 2212 pro
2707 2125 2943 2212 viginti
2979 2124 3314 2212 magistris
3358 2115 3730 2208 stipendia

843 2244 958 2288 seu
989 2221 1328 2289 sallarium
1369 2233 1751 2311 perpetuum
1778 2225 2274 2310 quingentorum
2299 2222 2711 2309 florenorum,
2762 2246 2924 2312 quos
2949 2225 3282 2290 annuatim
3316 2222 3397 2287 de
3427 2239 3729 2286 camera

846 2332 1076 2388 nostra
1129 2321 1502 2409 persolvere
1568 2321 1867 2387 volumus
1924 2324 2110 2387 iuxta
2172 2321 2656 2390 ordinacionem
2713 2324 2887 2390 infra
2945 2325 3289 2412 scriptam,
3357 2338 3728 2409 quousque

764 2431 826 2487 15
844 2430 1098 2487 tantum
1138 2423 1207 2486 in
1246 2422 1577 2510 perpetuis
1618 2418 1985 2486 redditibus
2026 2423 2381 2509 poterimus
2427 2424 2590 2511 ipsis
2633 2423 3011 2511 providere,
3065 2433 3128 2489 et
3169 2443 3365 2510 quam
3407 2422 3724 2509 primum

842 2523 1199 2609 poterimus
1240 2520 1322 2586 de
1363 2519 1663 2586 censibus
1705 2522 2038 2608 perpetuis
2079 2521 2242 2608 ipsis
2288 2522 2656 2589 curabimus
2697 2523 3060 2610 providere.

1593 2721 1688 2768 DE
1736 2720 2211 2770 ORDINACIONE
2257 2722 2539 2772 molus
2584 2722 2933 2772 COLLEGII.

1006 2857 1171 2923 Item
1212 2854 1508 2921 volumus
1551 2865 1615 2920 et
1656 2852 2064 2936 ordinamus,
2119 2854 2295 2941 quod
2333 2857 2404 2920 in
2445 2856 2678 2922 maiori
2731 2855 3006 2943 collegio
3053 2855 3181 2919 sint
3226 2870 3326 2919 xn
3365 2848 3711 2938 magistri,

846 2955 929 3021 de
970 2954 1260 3042 qualibet
1298 2955 1571 3021 nacione
1610 2965 1765 3038 tres,
1808 2976 2082 3039 quorum
2121 2953 2392 3038 quilibet
2432 2977 2553 3042 pro
2595 2953 2858 3022 sallario
2902 2953 3171 3021 habebit
3213 2970 3363 3019 xxx
3405 2949 3710 3017 florenos

761 3067 831 3125 20
851 3056 1223 3135 annuatim„
1266 3054 1440 3121 Inter
1484 3076 1644 3141 quos
1687 3052 1880 3119 debet
1922 3076 2065 3119 esse
2106 3075 2270 3118 unus
2313 3056 2625 3140 magister
2668 3076 2896 3121 sacrae
2935 3053 3321 3140 theologiae,
3366 3051 3474 3138 qui
3517 3047 3711 3115 ultra

844 3155 1249 3246 praedictam
1303 3175 1615 3219 summam
1686 3152 1955 3220 habebit
2006 3172 2156 3220 xxx
2216 3152 2497 3221 florenos
2558 3155 2733 3220 omni
2796 3176 2988 3222 anno.
3081 3153 3170 3220 Et
3227 3154 3323 3219 sic
3370 3148 3707 3241 praedicti

845 3255 1143 3344 magistri
1183 3272 1284 3321 xll
1326 3255 1395 3318 in
1437 3263 1574 3320 tota
1620 3277 1868 3320 summa
1911 3272 2041 3320 000
2082 3254 2439 3341 nonaginta
2481 3252 2762 3320 florenos
2803 3254 3152 3321 habebunt.

1600 3455 1696 3503 DE
1743 3454 2216 3503 ORDmACIONE
2259 3454 2386 3502 m
2389 3453 2545 3503 oms
2585 3454 2933 3505 COLLEGH.

1009 3589 1173 3656 Item
1214 3587 1541 3669 volumus,
1604 3584 1775 3671 quod
1816 3586 1885 3650 in
1918 3586 2155 3652 minori
2200 3584 2469 3671 collegio
2523 3587 2653 3652 sint
2693 3598 2836 3654 octo
2877 3587 3210 3675 magistri,
3267 3585 3349 3652 de
3407 3582 3706 3673 qualibet

762 3698 832 3755 25
849 3690 1124 3755 nacione
1165 3685 1314 3771 duo,
1361 3709 1631 3774 quorum
1676 3684 1944 3773 quilibet
1982 3707 2106 3773 pro
2152 3683 2414 3751 sallario
2458 3687 2790 3753 annuatim
2827 3685 3096 3753 habebit
3136 3703 3236 3752 x11
3277 3685 3577 3752 florenos.

1510 3870 1604 3918 DE
1649 3870 2188 3920 PRAEROGATIVA
2231 3870 2632 3919 TEMPORALI
2681 3870 3030 3920 SAxomm.

1006 4002 1170 4069 Item
1224 4023 1308 4067 ex
1368 4002 1561 4068 certis
1615 4002 1874 4067 motivis
1928 4000 2176 4087 absque
2233 3999 2632 4089 praeiudicio
2690 4002 3053 4069 antedictae
3104 4013 3368 4070 nostrae
3436 4001 3698 4069 ordina·

846 4103 1050 4169 cionis
1093 4101 1175 4167 de
1216 4122 1533 4166 consensu
1574 4103 1920 4167 nacionum
1959 4099 2387 4167 Misnensium
2442 4110 2506 4166 et
2544 4101 2939 4170 Polonorum
2981 4103 3452 4191 disposuimus,
3518 4099 3698 4188 quod

844 4203 1034 4268 nacio
1065 4201 1397 4267 Saxonum
1437 4201 1504 4265 in
1533 4202 1770 4266 minori
1813 4199 2085 4288 collegio
2129 4221 2424 4289 pronunc
2464 4199 2701 4267 debeat
2739 4201 2981 4269 habere
3010 4211 3285 4290 quatuor
3324 4202 3698 4289 magistros,

762 4312 832 4369 30
850 4305 947 4368 sic
986 4299 1160 4388 quod
1197 4299 1560 4366 Misnenses
1618 4309 1683 4364 et
1720 4298 1954 4366 Poloni
1997 4300 2085 4366 ad
2133 4300 2665 4388 complacendum
2708 4301 2898 4368 nobis
2953 4301 3473 4369 condescendant
3530 4302 3696 4390 ipsis

846 4403 914 4468 in
968 4400 1242 4467 duobus.
1328 4401 1417 4465 Et
1458 4400 1621 4466 haec
1661 4398 2014 4486 disposicio
2066 4400 2254 4466 huius
2303 4400 2560 4465 articuli
2617 4401 2959 4467 dumtaxat
3014 4401 3101 4468 ad
3155 4425 3361 4469 annos
3419 4411 3697 4488 quatuor

845 4500 1247 4591 perdurabit.
1330 4500 1590 4586 Itaque,
1649 4499 1704 4564 si
1744 4500 1917 4566 infra
1956 4498 2165 4567 dictos
2208 4509 2485 4587 quatuor
2529 4521 2733 4567 annos
2782 4501 3016 4589 aliquis
3056 4501 3376 4568 dictorum
3419 4509 3697 4589 quatuor

845 4604 1308 4691 magistrorum
1351 4599 1613 4666 cederet
1649 4598 1754 4666 vel
1796 4598 2157 4686 decederet,
2199 4599 2364 4667 alius
2397 4598 2684 4666 eiusdem
2708 4602 3001 4668 nacionis
3043 4604 3356 4690 capiatur.
3439 4597 3695 4682 Quibus

847 4712 1122 4790 quatuor
1165 4703 1351 4768 annis
1394 4699 1620 4788 lapsis,
1661 4710 1900 4765 extunc
1939 4723 2060 4766 nos
2101 4700 2289 4766 huius
2332 4699 2589 4766 articuli
2633 4700 3119 4769 ordinacionem
3157 4723 3272 4768 seu
3313 4699 3694 4788 disposicio·

762 4811 829 4869 35
843 4823 993 4868 nem
1034 4800 1416 4867 immutandi
1453 4799 1559 4865 vel
1599 4799 1869 4865 ulterius
1913 4800 2330 4868 continuandi
2374 4799 2620 4886 absque
2663 4804 3040 4890 cuiusquam
3089 4801 3385 4869 nacionis
3441 4809 3693 4867 eontra·

848 4899 1141 4967 diceione
1182 4899 1443 4988 plenam
1487 4909 1552 4965 et
1595 4897 1872 4966 liberam
1912 4900 2296 4968 habebimus
2339 4900 2732 4968 facultatem.

1530 5086 1623 5133 DE
1663 5084 1924 5134 ORDINE
1970 5086 2470 5136 MAGISTRORUM
2512 5089 2584 5136 m
2631 5086 3014 5137 COLLEGns.

1011 5216 1175 5280 Item
1218 5227 1317 5282 est
1356 5218 1741 5283 intencionis
1783 5227 1849 5283 et
1888 5218 2241 5284 voluntatis
2266 5228 2547 5302 nostrae,
2590 5218 2763 5305 quod
2795 5219 3112 5305 magistri,
3155 5218 3266 5306 qui
3295 5217 3695 5307 recipiuntur

847 5337 1139 5403 pronune
1182 5315 1267 5381 ad
1315 5315 1617 5403 collegia,
1660 5317 1951 5383 ordinem
1996 5317 2346 5383 secundum
2391 5320 2636 5384 senium
2679 5319 3042 5405 magisterii
3084 5316 3543 5386 observabunt.
