4038 6358
1390 659 1491 711 Die
1526 661 1763 713 saturon
1799 675 1908 712 von
1949 659 2294 714 1415—1490.
3120 654 3243 723 587

554 843 611 905 5.
667 837 830 905 Item
891 840 961 907 in
1025 842 1605 909 convocacionibus
1667 854 1779 910 aut
1837 846 1906 910 in
1964 842 2374 909 examinibus
2436 840 2764 909 facultatis
2832 835 3238 904 medicinalis

368 935 602 1002 nullus
643 937 820 1005 dicat
863 939 1051 1006 alteri
1091 941 1296 1008 verba
1333 944 1662 1026 iniuriosa,
1719 944 2169 1011 maledictoria
2209 950 2323 1010 aut
2361 940 2814 1031 opprobriosa,
2867 938 2986 1005 sub
3030 956 3241 1026 poena

367 1037 580 1101 unius
643 1037 872 1104 floreni
931 1041 1209 1107 rinensis
1274 1043 1569 1109 facultati
1635 1042 2081 1132 persolvendi3
2146 1040 2622 1108 nichillominus
2685 1062 2843 1127 pars
2907 1036 3238 1103 offendens

367 1138 562 1221 parti
604 1135 821 1203 laesae
861 1138 1036 1207 ultra
1078 1140 1319 1207 dictam
1375 1166 1655 1231 poenam
1697 1154 1948 1210 tenetur
2003 1142 2376 1209 satisfacere
2426 1143 2612 1206 iuxta
2664 1139 2991 1205 dictamen
3040 1135 3240 1202 facul-

376 1235 570 1318 tatis,
617 1236 672 1300 si
715 1258 842 1303 non
889 1242 1131 1326 poterit
1172 1242 1341 1307 inter
1384 1265 1495 1308 eos
1539 1243 1666 1311 alio
1707 1243 1899 1311 modo
1944 1239 2307 1307 amicabilis
2350 1241 2722 1327 conposicio
2761 1238 3169 1304 intervenire.
3290 1242 3325 1300 5

554 1339 614 1401 6.
657 1335 822 1402 Item
863 1338 933 1402 in
978 1341 1277 1407 examine
1316 1342 1703 1409 licenciandi
1744 1344 1850 1409 vel
1888 1340 2375 1409 baccalariandi
2421 1362 2546 1428 quo
2574 1338 2659 1405 ad
2704 1360 2924 1404 eorum
2954 1358 3241 1423 assump-

375 1432 679 1500 cionem¹
721 1435 826 1501 vel
880 1438 1300 1506 reieccionem
1360 1444 1416 1507 si
1465 1443 1706 1508 fuerint
1760 1466 1953 1532 pares
2005 1462 2222 1523 voces,
2274 1442 2369 1505 ita
2411 1438 2586 1527 quod
2639 1448 2735 1504 tot
2774 1439 3012 1515 fuerint
3050 1457 3244 1501 voces

370 1534 830 1620 approbantes
886 1545 1042 1624 quot
1095 1539 1453 1623 reicientes,
1511 1553 1749 1608 extunc
1800 1542 2085 1607 decanus
2143 1539 2406 1606 cuilibet
2460 1540 2529 1604 in
2585 1540 2884 1605 examine
2941 1535 3245 1602 existenti

373 1630 588 1698 habet
626 1633 959 1718 mandare,
1005 1636 1179 1726 quod
1221 1638 1304 1706 de
1345 1664 1514 1707 novo
1557 1640 1666 1707 det
1707 1664 1934 1708 vocem
1973 1642 2044 1705 in
2088 1663 2208 1706 sua
2247 1639 2673 1720 consciencia,
2716 1648 2788 1704 ut
2829 1636 3245 1726 perveniatur

374 1729 475 1795 ad
524 1731 965 1820 pluralitatem
1007 1759 1238 1803 vocum
1283 1741 1844 1807 concordancium.
3263 1742 3326 1797 ¹⁰

557 1840 617 1898 7.
660 1833 824 1899 Item
866 1834 1139 1920 quilibet
1180 1836 1405 1905 doctor
1445 1849 1698 1906 tenetur
1743 1848 1995 1906 secreta
2039 1838 2291 1905 consilii
2346 1836 2675 1903 facultatis
2732 1836 2818 1901 ad
2874 1845 3064 1902 extra
3113 1857 3241 1901 non

380 1931 706 2017 revelare,
752 1932 1011 2020 quando
1053 1935 1181 2001 sibi
1222 1961 1343 2025 per
1386 1938 1696 2005 decanum
1741 1941 2163 2025 iniunguntur
2206 1962 2333 2004 non
2373 1960 2516 2002 esse
2559 1936 2836 2002 adextra
2875 1932 3241 2002 revelanda.

553 2038 608 2101 8.
661 2032 825 2098 Item
887 2034 1223 2121 quodlibet
1280 2040 1684 2125 suppositum
1746 2038 2072 2104 facultatis
2113 2037 2473 2104 medicinae
2511 2045 2762 2101 tenetur
2823 2058 2943 2124 pro
2998 2035 3139 2100 loco
3179 2042 3245 2099 et

372 2138 682 2216 tempore
747 2137 1127 2220 congruenti
1189 2136 1434 2204 decano
1488 2136 1775 2204 eiusdem
1834 2138 2122 2204 debitum
2175 2137 2486 2203 honorem
2542 2148 2606 2200 et
2659 2135 3093 2200 reverentiam
3146 2134 3241 2198 in·

373 2227 688 2314 pendere.
1259 2239 1276 2257 ‘
3263 2240 3325 2297 15

554 2337 614 2397 9.
656 2330 819 2397 Item
876 2333 1234 2401 baccalarii
1296 2345 1359 2400 et
1417 2334 1749 2403 studentes
1809 2335 2173 2402 medicinae
2238 2358 2357 2423 pro
2422 2335 2563 2402 loco
2619 2343 2683 2399 et
2738 2343 3029 2420 tempore
3093 2354 3239 2396 con-

372 2431 645 2512 gruenti
709 2440 1009 2498 tenentur
1067 2435 1202 2499 suis
1262 2433 1633 2500 doctoribus
1694 2434 1976 2500 debitam
2039 2436 2479 2501 reverenciam
2536 2445 2599 2500 et
2654 2432 2957 2498 honorem
3015 2432 3238 2519 inpen-

375 2526 562 2594 dere.

561 2635 649 2698 10.
700 2630 862 2696 Item
906 2629 1178 2717 quilibet
1229 2633 1706 2720 promovendus
1757 2634 1824 2699 in
1880 2633 2345 2713 hamalarium,
2396 2631 2805 2697 licenciatum
2859 2629 2964 2695 vel
3023 2630 3239 2695 docto-

375 2748 520 2791 rem
587 2728 918 2796 facultatis
981 2729 1339 2797 medicinae
1404 2735 1473 2798 in
1536 2743 1688 2798 actu
1761 2756 1917 2798 suae
1979 2732 2417 2820 promocionis
2480 2739 2733 2795 tenetur
2791 2731 3009 2794 iurare
3072 2727 3239 2794 velle
3258 2738 3326 2794 20

377 2847 763 2911 procurare,
815 2840 1126 2919 quantum
1186 2832 1258 2896 in
1314 2854 1387 2898 eo
1455 2844 1584 2917 est,
1647 2831 1885 2898 bonum
1942 2831 2292 2913 facultatis,
2353 2829 2440 2895 ad
2498 2851 2943 2916 quemcunque
3002 2838 3241 2894 statum

379 2922 738 2992 devenerit.

557 3031 648 3092 11.
696 3023 786 3114 [S.
827 3024 892 3115 2]
933 3028 1098 3094 Item
1141 3027 1704 3114 baccalariandus,
1748 3030 2187 3098 licenciandus
2231 3029 2334 3095 vel
2379 3028 2651 3117 quilibet
2692 3027 3129 3094 doctorandus
3172 3029 3240 3092 in

376 3132 536 3189 actu
578 3148 733 3190 suae
778 3128 1212 3215 promocionis
1255 3139 1508 3195 tenetur
1550 3130 1808 3218 publice
1851 3133 2069 3198 iurare
2127 3131 2370 3196 dictum
2427 3128 2705 3215 gradum
2753 3129 2822 3193 in
2876 3126 3053 3194 nulla
3109 3125 3240 3193 alia

376 3225 808 3292 universitate
859 3249 1215 3312 resumere3
1278 3229 1450 3317 quod
1508 3233 1561 3295 si
1615 3235 2009 3297 contrarium
2067 3230 2239 3298 illius
2298 3229 2519 3294 statuti
2572 3230 2822 3308 fecerit,
2882 3237 3119 3292 extunc
3159 3249 3234 3292 eo
3253 3235 3320 3290 25

377 3324 527 3410 ipso
575 3326 657 3390 sit
698 3327 1014 3413 periurus.

559 3431 654 3490 12.
709 3425 873 3490 Item
916 3426 1129 3493 nullus
1172 3438 1633 3517 promoveatur
1677 3430 1763 3495 ad
1818 3429 2098 3520 aliquem
2145 3428 2423 3516 gradum
2478 3424 2804 3490 facultatis
2858 3425 3237 3509 medicinae,

375 3524 509 3589 nisi
556 3523 738 3611 prius
779 3526 1159 3593 matriculae
1203 3528 1646 3593 universitatis
1695 3530 1779 3594 sit
1819 3530 2195 3615 inscriptus·
2253 3525 2463 3614 (Idem
2504 3523 2889 3611 intelligitur
2932 3523 3013 3589 de
3056 3549 3235 3591 assu·

383 3623 641 3688 mendis
685 3622 770 3688 ad
815 3625 1202 3693 facultatem.
1213 3624 1267 3713 ²)

565 3728 660 3790 13.
705 3722 866 3788 Item
911 3723 1123 3790 nullus
1175 3736 1632 3812 promoveatur
1675 3727 1761 3793 ad
1818 3726 2096 3813 aliquem
2153 3724 2432 3812 gradum
2487 3721 2812 3788 facultatis
2855 3723 3235 3805 medicinae,
3256 3734 3326 3789 30

376 3823 504 3887 nisi
564 3823 746 3910 prius
804 3845 1022 3888 coram
1080 3824 1391 3890 facultate
1445 3826 1806 3892 medicinae
1845 3825 2162 3890 iuraverit
2202 3823 2368 3890 velle
2416 3845 2681 3888 servare
2739 3832 2982 3908 statuta
3038 3822 3238 3888 facul-

376 3922 535 3987 tatis
602 3920 993 4006 medicinae,
1061 3946 1228 4012 quae
1299 3935 1447 3990 sunt
1513 3936 1576 3990 et
1638 3935 1825 3992 erunt
1887 3948 2006 4012 pro
2068 3921 2237 3989 bono
2300 3921 2627 3990 facultatis
2689 3922 3057 4009 approbata
3123 3945 3239 4010 per

376 4020 772 4086 facultatem.

554 4129 651 4188 14.
696 4120 856 4186 Item
897 4120 1110 4188 nullus
1167 4123 1526 4209 graduatus
1583 4126 1650 4189 in
1700 4123 2027 4189 medicina
2068 4121 2134 4186 in
2191 4120 2322 4186 alia
2366 4121 2789 4186 universitate
2834 4119 2919 4186 ad
2970 4120 3239 4186 faculta-

380 4231 511 4286 tem
571 4219 932 4287 medicinae
993 4232 1379 4304 assumatur,
1438 4226 1565 4289 nisi
1625 4224 1808 4312 prius
1864 4223 2180 4287 iuraverit
2233 4243 2451 4286 coram
2507 4219 2816 4285 facultate
2875 4220 3316 4287 medicinae35

382 4318 550 4385 velle
593 4341 857 4386 servare
900 4329 1144 4386 statuta
1185 4321 1512 4389 facultatis
1555 4322 1910 4389 medicinae
1965 4331 2033 4386 et
2088 4320 2447 4401 statuenda,
2507 4341 2673 4407 quae
2731 4328 2880 4385 sunt
2935 4329 2999 4384 et
3052 4331 3240 4386 erunt

382 4440 503 4506 pro
547 4417 720 4483 bono
763 4419 1092 4485 facultatis
1136 4421 1496 4488 medicinae
1540 4445 1660 4510 per
1699 4422 2067 4488 facultatem
2112 4420 2473 4486 medicinae
2515 4419 2900 4508 approbata.

558 4526 651 4584 15.
693 4518 858 4583 Item
902 4519 1171 4606 quilibet
1214 4522 1638 4587 assumendus
1683 4521 1769 4587 ad
1809 4520 2177 4586 facultatem
2228 4519 2585 4586 medicinae
2638 4529 2962 4605 tamquam
3008 4519 3235 4585 doctor

382 4617 764 4700 medicinae,
822 4617 1202 4685 licenciatus
1241 4623 1346 4688 vel
1390 4622 1798 4692 baccalarius
1842 4631 1990 4687 ante
2037 4620 2135 4685 sui
2177 4620 2691 4705 assumpcionem
2733 4618 2819 4683 ad
2861 4619 3234 4685 facultatem

384 4715 707 4782 tenebitur
750 4718 986 4800 iurare,
1042 4720 1099 4783 si
1141 4730 1241 4785 est
1297 4733 1630 4810 promotus
1671 4719 1741 4786 in
1782 4721 1913 4786 alia
1956 4720 2394 4800 universitate,
2453 4716 2625 4804 quod
2674 4715 2830 4782 velit
2885 4730 3321 4804 procurarem

383 4817 626 4884 bonum
667 4816 996 4883 facultatis
1038 4815 1400 4887 medicinae
1443 4821 1844 4907 Lipczensis,
1897 4830 2204 4906 quantum
2247 4821 2312 4884 in
2352 4840 2428 4884 eo
2474 4825 2600 4898 est,
2659 4815 2745 4880 ad
2789 4835 3239 4907 quemcunque

388 4927 628 4984 statum
673 4917 1028 4982 devenerit.

562 5170 584 5220 1
625 5163 1172 5237 Uebergeschrieben
1204 5166 1605 5221 adrniesionem.

557 5254 588 5303 2
627 5248 734 5304 Die
768 5249 1293 5323 eingeklammertcn
1329 5249 1526 5305 Worte
1575 5248 1698 5303 sind
1744 5248 2161 5321 nachgetragen
2193 5263 2303 5302 von
2333 5246 2619 5304 darselben
2653 5248 2835 5314 Hand,
2869 5250 2961 5305 die
2996 5250 3071 5306 im
3106 5249 3236 5305 Pro-

388 5334 1025 5391 motionsverzeichnisse
1059 5352 1149 5390 am
1183 5332 1442 5391 Schlusse
1475 5334 1572 5389 des
1606 5329 1826 5388 Bandes
1858 5334 1931 5388 im
1964 5332 2005 5388 J
2006 5331 2138 5388 abre
2176 5337 2298 5389 1451
2343 5331 2578 5401 cinti-ug.
