4038 6358
1209 555 1472 608 Entwurfo
1505 569 1604 608 aus
1633 555 1740 608 don
1771 555 1976 608 Jahren
2017 554 2362 610 1443—1446.
3142 560 3263 624 375

289 740 556 816 natur,
590 732 812 802 dum
839 737 1114 808 facultas
1137 737 1402 822 arcium,
1433 759 1598 828 quae
1619 737 1893 806 aliarum
1911 738 2405 808 fundamentum
2425 739 2568 807 fore
2592 738 2970 821 dinoscitur,
2988 738 3299 806 reforma-

303 834 544 900 tionis
603 833 932 906 debitae
988 838 1429 914 moderamine
1499 838 1695 904 fuerit
1766 838 2101 926 regulata:
2180 839 2332 906 hinc
2386 849 2515 924 est,
2582 839 2755 928 quod
2814 837 2900 906 ad
2951 837 3303 906 instantem

299 931 946 1006 sollicitationem
1019 937 1440 1006 illustrissimi
1495 939 1814 1026 principis
1831 988 1851 1022 ,
1914 938 2155 1006 domini
2220 938 2588 1022 Frederici,
2663 939 2768 1005 dei
2836 939 3063 1026 gracia
3116 938 3300 1006 ducis

307 1032 732 1102 Saxoniae
795 1049 944 1123 etc,
985 1061 1105 1104 nec
1146 1061 1274 1104 non
1324 1037 1664 1104 reverendi
1706 1040 1775 1104 in
1815 1038 2075 1106 Christo
2116 1039 2323 1126 patris
2366 1048 2432 1105 et
2471 1037 2735 1122 domini,
2780 1037 3027 1104 domini
3066 1038 3299 1106 Iohan-

307 1135 430 1198 nis
447 1183 474 1218 ,
549 1136 851 1204 eadem
893 1139 1118 1226 gracia
1160 1139 1452 1226 episcopi
1492 1137 2060 1225 Merzeburgensis
2077 1189 2097 1222 ,
2152 1137 2526 1206 cancellarii
2568 1139 2747 1206 unici
2788 1137 2997 1206 almae
3038 1138 3296 1209 univer·
3348 1149 3383 1206 5

315 1235 576 1302 sitatis
655 1247 996 1321 nostrae,
1059 1259 1230 1304 anno
1293 1237 1536 1303 domini
1611 1237 2122 1322 M⁰cccc⁰xle⁰,
2186 1237 2293 1304 die
2358 1250 2547 1304 sexta
2610 1239 2853 1304 mensis
2892 1237 3179 1326 Aprilis,
3231 1240 3303 1305 in

317 1332 560 1422 plena.
587 1339 1148 1425 congregatione
1169 1338 1630 1424 magistrorum
1664 1337 1748 1403 de
1785 1337 2053 1404 consilio
2098 1338 2316 1405 dictae
2360 1337 2688 1404 facultatis
2732 1339 3001 1424 arcium,
3044 1337 3131 1404 ad
3171 1338 3297 1405 hoc

327 1433 821 1523 specialiter,
865 1446 1061 1528 prout
1099 1438 1299 1504 moris
1343 1445 1460 1520 est,
1507 1446 1910 1520 vocatorum,
1954 1459 2077 1524 pro
2119 1436 2289 1504 bono
2334 1437 2664 1504 facultatis
2716 1436 3009 1504 eiusdem
3054 1447 3299 1506 statuta

325 1533 847 1628 instascripta
889 1546 1038 1604 sunt
1079 1537 1399 1604 conclusa.

1035 1711 1086 1770 1.
1129 1720 1224 1768 nn
1265 1717 1658 1770 Ennomon
1702 1719 1961 1770 onem
2006 1721 2099 1769 ΕΤ
2138 1719 2547 1770 mammo
2587 1721 2765 1770 mus.
3316 1716 3380 1772 10

533 1835 836 1902 Verum
926 1859 1072 1904 cum
1143 1835 1231 1904 ad
1294 1835 1784 1902 fimdamentum
1847 1835 2189 1903 cuiuslibet
2252 1837 2471 1924 operis
2537 1859 2667 1904 non
2732 1835 3146 1910 mediocriter
3214 1838 3298 1904 sit

355 1935 902 2002 attendendum
965 1943 1147 2014 (nam
1209 1935 1324 2002 ubi
1379 1933 1871 2002 fundamentum
1929 1935 2204 2002 solidum
2267 1958 2399 2002 non
2465 1945 2595 2020 est,
2661 1946 2869 2002 totum
2931 1935 3297 2004 aedificium

353 2038 908 2124 superpositum
965 2037 1222 2102 ruinam
1264 2035 1614 2118 minatur),
1672 2044 1736 2100 et
1793 2035 1948 2120 quia
2006 2035 2283 2101 facultas
2340 2037 2591 2101 arcium
2644 2035 3011 2102 liberalium
3064 2035 3295 2102 funda-

359 2144 702 2201 mentum
752 2136 976 2204 existit
989 2184 1008 2218 ,
1069 2134 1301 2224 quibus
1343 2134 1536 2200 bases
1578 2143 1647 2200 >et
1689 2133 2071 2222 columpnae
2114 2135 2392 2202 aliarum
2435 2135 2830 2202 innituntur:
2880 2134 3030 2204 ideo
3086 2139 3295 2203 eciam

365 2235 458 2300 de
507 2257 604 2302 ea
669 2237 946 2302 caucius
1003 2244 1101 2302 est
1141 2233 1634 2322 providendum.
1713 2233 1940 2300 Placet
1973 2235 2176 2320 igitur
2218 2237 2431 2323 primo
2444 2284 2465 2319 ,
2523 2235 2696 2321 quod
2753 2234 3039 2302 decanus
3089 2236 3289 2302 facul·
3313 2247 3376 2303 15

367 2335 544 2400 tatis
593 2336 870 2401 arcium
884 2385 904 2418 ,
957 2336 1013 2401 si
1055 2357 1138 2400 ex
1177 2344 1400 2400 mutua
1443 2343 1506 2398 et
1539 2335 1867 2400 communi
1910 2334 2252 2401 collatione
2294 2336 2788 2421 magistrorum,
2842 2335 2931 2400 ad
2972 2337 3111 2402 eius
3167 2336 3291 2402 ele-

371 2435 698 2500 ctionem
741 2443 1284 2522 congregatorum
1299 2483 1318 2518 ,
1359 2432 1766 2500 concorditer
1811 2433 1965 2521 eligi
2003 2457 2137 2500 non
2163 2434 2401 2523 poterit
2415 2483 2434 2517 ,
2474 2443 2714 2500 extunc
2750 2457 2868 2522 per
2913 2435 3294 2501 scrutinium

380 2557 646 2600 vocum
713 2533 1066 2601 eorundem
1116 2533 1342 2599 electio
1400 2531 1794 2616 celebretur3
1841 2544 1907 2598 et
1958 2535 2029 2598 in
2068 2557 2259 2622 quem
2316 2535 2526 2601 maior
2571 2543 2636 2600 et
2678 2534 2897 2601 sanior
2940 2556 3097 2621 pars
3142 2556 3291 2600 con-

382 2633 816 2717 cordaverit,
859 2632 968 2699 ille
1003 2655 1123 2720 pro
1165 2632 1412 2698 decano
1455 2631 1584 2698 ista
1625 2633 1772 2696 vice
1811 2631 2148 2699 habeatur.
2232 2633 2350 2699 Sin
2408 2643 2628 2700 autem
2664 2635 2735 2698 in
2778 2634 3090 2700 scrutinio
3136 2643 3293 2700 vota

391 2735 601 2820 paria
646 2733 916 2817 fuerint,
963 2731 1050 2798 ad
1087 2733 1624 2820 compromissum
1662 2731 2071 2819 procedatur.
3307 2743 3377 2799 20

571 2865 757 2931 Item
770 2914 791 2949 ,
841 2875 1189 2955 postquam
1229 2875 1486 2954 tempus
1530 2887 1714 2931 suum
1753 2865 2158 2966 expiraverit
2199 2875 2263 2931 et
2299 2866 2557 2932 fimctus
2600 2867 2684 2930 sit
2718 2863 2930 2932 officio
2960 2887 3097 2949 suo,
3138 2873 3295 2932 tunc

400 2987 527 3053 per
558 2963 856 3053 amplius
892 2964 979 3031 ad
1020 2964 1292 3032 eundem
1336 2963 1794 3031 assumendum
1829 2950 2012 3031 infra
2022 2965 2391 3050 quindecim
2432 2988 2635 3031 annos
2667 2973 2815 3052 post
2841 2963 2967 3030 hoc
2994 2967 3293 3032 continue

401 3065 767 3152 proximos
789 3066 1046 3131 omnino
1065 3064 1261 3130 debet
1277 3085 1419 3129 esse
1462 3063 1784 3146 exclusus,
1829 3062 1984 3130 dum
2026 3073 2243 3130 tamen
2284 3065 2457 3130 infra
2486 3064 2647 3130 illud
2674 3074 2929 3152 tempus
2961 3063 3043 3130 de
3065 3065 3293 3131 eadem

405 3164 692 3231 natione
741 3163 907 3231 alius
949 3165 1261 3253 magister
1305 3163 1500 3231 abilis
1541 3175 1605 3230 et
1645 3164 1938 3253 ydoneus
1979 3166 2221 3253 poterit
2263 3166 2561 3253 reperiri.

584 3296 778 3383 Item,
821 3296 996 3386 quod
1017 3296 1300 3363 decanus
1331 3298 1474 3386 ipse
1517 3297 1598 3363 de
1627 3306 1843 3365 cetero
1886 3320 2049 3386 pure
2093 3308 2157 3364 et
2198 3296 2599 3385 simpliciter,
2640 3320 2770 3363 non
2806 3297 2877 3363 vi
2917 3304 3033 3363 aut
3072 3319 3287 3385 prece,
3307 3306 3375 3363 25

413 3398 864 3483 promissione
908 3405 1023 3463 aut
1063 3397 1306 3485 preci0,
1347 3419 1556 3484 neque
1599 3396 1728 3463 alio
1761 3397 2051 3485 impulsu
2080 3406 2146 3463 et
2176 3396 2711 3464 subordinatione
2735 3396 3031 3484 eligatur.
3098 3396 3291 3477 Quod

415 3496 566 3585 ipse
621 3498 693 3563 in
753 3518 872 3563 sua
921 3498 1362 3583 assumptione
1418 3498 1588 3563 inter
1663 3496 1794 3565 alia
1860 3498 1960 3563 sui
2028 3497 2373 3563 iuramenti
2438 3496 2755 3584 capittula
2812 3498 3019 3562 eciam
3074 3498 3294 3563 iurare

419 3604 754 3680 teneatur,
800 3594 973 3682 quod
1014 3617 1134 3683 pro
1178 3597 1317 3663 eius
1365 3595 1713 3684 adeptione
1754 3620 1963 3685 neque
2006 3620 2127 3684 per
2168 3620 2239 3663 se
2284 3619 2397 3661 seu
2438 3619 2558 3684 per
2601 3596 2827 3679 alium,
2887 3595 3130 3662 directe
3176 3618 3293 3661 seu

432 3694 785 3779 indirecte,
843 3694 1103 3785 publice
1142 3694 1249 3761 vel
1288 3694 1571 3780 occulte,
1613 3698 1862 3763 instetit
1904 3706 2016 3763 aut
2058 3719 2177 3783 per
2219 3694 2383 3762 alios
2427 3719 2540 3761 seu
2584 3695 2783 3761 alium
2826 3698 3073 3761 instare
3116 3696 3288 3761 fecit.

426 3792 499 3860 Si
545 3796 696 3881 quis
740 3805 952 3861 autem
994 3794 1118 3862 hoc
1153 3795 1584 3862 iuramentum
1628 3806 1965 3884 praestare
2009 3797 2442 3879 recusaverit,
2486 3804 2727 3863 extunc
2768 3794 2854 3861 ad
2897 3794 3285 3861 decanatum
3302 3804 3372 3861 30

431 3892 614 3961 ἰΠιιιιι
657 3893 852 3961 debet
894 3918 1037 3961 esse
1077 3894 1547 3962 inhabilitatus.

656 4066 712 4129 2.
753 4080 850 4129 DE
891 4079 1508 4129 EXAmATOmBUS
1549 4081 1642 4129 m·
1683 4080 2093 4131 rummwro
2134 4080 2379 4129 nomm
2423 4080 2562 4129 PRO
2606 4076 3141 4128 MAGISTRANDIS.

584 4197 784 4281 Item,
847 4218 995 4263 cum
1040 4194 1297 4283 singula
1338 4196 1555 4265 officia
1607 4196 1876 4285 singulis
1943 4198 2075 4263 sint
2134 4195 2598 4263 committenda
2663 4196 2992 4283 personis,
3056 4193 3291 4281 placet,

429 4295 596 4383 quod
654 4296 937 4363 decanus
987 4296 1056 4363 in
1122 4298 1421 4363 examine
1477 4297 1973 4386 approbationis
2046 4305 2111 4363 et
2163 4294 2641 4383 reprobationis
2696 4293 3295 4381 magistrandorum

427 4416 629 4485 neque
671 4418 790 4485 per
833 4404 1090 4480 sortem,
1135 4395 1534 4481 electionem,
1577 4398 2088 4464 nominationem
2126 4418 2240 4462 seu
2284 4416 2733 4483 quamcunque
2778 4392 2973 4459 aliam
3016 4392 3292 4479 disposi-
3309 4400 3377 4457 35

429 4496 660 4562 tionem
717 4496 934 4563 locum
991 4507 1106 4562 aut
1158 4516 1388 4563 vocem
1440 4495 1702 4562 habeat.
1785 4494 1918 4561 Sed
1971 4494 2058 4561 ad
2109 4493 2272 4561 illud
2332 4493 2445 4560 alii
2502 4494 2803 4580 magistri
2866 4515 2986 4580 per
3048 4500 3291 4557 sortem

445 4593 777 4683 eligantur.

597 4730 762 4795 Item
803 4728 1019 4817 placet
1033 4778 1052 4813 ‚
1119 4728 1293 4818 quod
1335 4729 1536 4795 iidem
1577 4728 2059 4797 examinatores
2100 4728 2287 4795 iuxta
2330 4728 2667 4815 antiquum
2708 4725 2917 4812 ipsius
2959 4664 3293 4791 facultatis

429 4838 726 4896 statutum
764 4830 983 4895 iurare
1025 4828 1322 4895 debent
1302 4854 1373 4895 m
1411 4829 1536 4895 hac
1575 4829 1816 4896 forma·
1879 4827 2068 4913 „Ego
2110 4828 2189 4893 N.
2232 4828 2374 4893 iuro
2434 4825 2622 4894 vobis
2638 4874 2657 4908 ,
2708 4822 2969 4891 domino
3024 4823 3293 4907 decano,

429 4929 588 5015 quod
648 4928 846 4995 velim
911 4930 983 4995 in
1049 4928 1173 4995 hoc
1229 4929 1534 4997 examine
1583 4927 1926 4995 admittere
1990 4926 2227 5013 dignos
2286 4936 2351 4992 et
2410 4926 2681 4993 reiicere
2744 4922 3051 5010 indignos
3068 4970 3089 5007 ,
3160 4944 3290 4990 non
3305 4932 3377 4990 40

431 5026 714 5097 habendo
753 5036 1122 5115 respectum
1163 5029 1250 5095 ad
1291 5029 1826 5096 circumstancias
1882 5048 2314 5114 personarum
2358 5036 2471 5091 aut
2510 5024 2935 5108 conditiones,
2982 5045 3102 5113 per
3132 5045 3293 5108 quas

429 5127 666 5215 indigni
716 5130 1089 5219 promoveri
1143 5138 1412 5217 possent
1475 5138 1588 5197 aut
1629 5127 1813 5215 digni
1881 5126 2257 5193 ammoveri.
2338 5124 2452 5193 Sic
2522 5148 2627 5194 me
2687 5125 2845 5194 deus
2901 5122 3169 5192 adiuvet
3226 5132 3293 5191 et

424 5240 630 5299 sancta
669 5228 776 5299 dei
817 5228 1236 5317 ewangelia.“
2634 5252 2641 5259 ·
