4038 6358
1109 594 1204 642 mit
1235 553 1764 644 Zusatabeschltissen
1797 595 1878 644 bis
1917 610 2039 644 aaa
2073 597 2237 648 Jahre
2282 601 2424 646 1⁴90.
3098 601 3179 662 55

337 796 566 841 eornm
577 821 596 854 ,
649 781 782 836 tam
823 771 1084 839 illorum
1129 771 1340 840 officio
1383 773 1658 842 durante
1698 797 1892 862 quam
1932 789 2083 866 post
2106 779 2160 861 ¹,
2217 787 2289 842 ut
2330 779 2723 864 promissum
2770 788 2870 844 est
2886 828 2905 862 ‚
2963 779 3178 846 defen-

339 875 511 941 dere
547 881 608 938 et
645 870 930 938 totaliter
971 872 1341 960 exbrigare.

511 1074 563 1137 8.
615 1071 780 1136 Item
801 1073 828 1113 ²
869 1072 928 1136 si
969 1095 1180 1159 poena
1219 1073 1302 1139 de
1345 1074 1724 1146 excessibus
1767 1099 1884 1164 per
1929 1085 2245 1143 rectorem
2288 1075 2565 1143 collecta
2600 1101 2731 1144 non
2772 1077 3073 1142 extendit
3111 1099 3182 1142 se

331 1172 516 1238 ultra
555 1191 948 1256 sexagenum
961 1220 981 1254 ,
1035 1181 1247 1238 rector
1288 1173 1554 1240 habebit
1595 1197 1739 1241 eam
1783 1185 2016 1260 totam3
2062 1179 2119 1243 si
2160 1199 2317 1242 vero
2362 1177 2652 1243 extendit
2692 1199 2761 1243 se
2791 1177 2965 1243 ultra
2989 1199 3181 1242 sexa-

327 1293 609 1358 genam,
671 1277 887 1336 rector
953 1273 1164 1358 primo
1227 1272 1496 1341 habebit
1562 1273 1646 1340 de
1713 1297 1796 1342 ea
1863 1297 2261 1362 sexagenam
2332 1285 2397 1342 et
2456 1276 2537 1343 de
2588 1275 2849 1343 residuo
2908 1278 3178 1343 terciam
3192 1287 3225 1342 5

331 1380 616 1459 partem.

511 1475 569 1536 9.
624 1469 791 1536 Item
810 1471 838 1514 ³
892 1469 1163 1559 quilibet
1217 1471 1300 1538 de
1341 1473 1762 1540 universitate
1776 1524 1795 1559 ‚
1853 1476 2093 1542 rectori
2136 1475 2218 1541 de
2261 1499 2535 1542 excessu
2576 1475 2919 1542 commisso
2965 1498 3183 1562 suspe-

333 1578 492 1634 ctus
529 1578 640 1634 aut
679 1568 1142 1638 denuncciatus
1158 1621 1176 1654 ‚
1236 1581 1488 1638 tenetur
1531 1595 1600 1638 se
1638 1573 1720 1639 de
1761 1573 1990 1640 eodem
2034 1597 2179 1640 cum
2222 1599 2337 1642 suo
2380 1579 2738 1642 iuramento
2780 1597 3183 1662 expurgare3

327 1667 512 1736 alias
565 1677 895 1758 tamquam
937 1673 1268 1738 convictus
1309 1668 1392 1735 de
1432 1669 1660 1738 eodem
1701 1673 2033 1760 puniatur.
2116 1673 2205 1740 Et
2252 1676 2339 1741 ad
2378 1676 2875 1764 requisicionem
2912 1675 3185 1740 rectoris

335 1777 598 1835 tenetur
637 1769 934 1836 revelare
977 1771 1391 1854 excedentes,
1437 1772 1496 1836 si
1535 1771 1634 1838 sal
1647 1768 1746 1858 [11
1768 1769 1820 1860 ¹²}
1835 1783 1964 1838 tem
1995 1773 2123 1839 sibi
2150 1784 2467 1857 constant,
2514 1774 2633 1840 sub
2660 1797 2775 1840 suo
2798 1775 3178 1840 iuramento.
3204 1784 3268 1840 10

519 1873 612 1936 10.
672 1869 840 1936 Item
889 1881 1104 1936 rector
1154 1891 1298 1936 cum
1349 1871 1482 1936 suis
1537 1871 1976 1939 assessoribus
2019 1871 2263 1940 habent
2303 1874 2651 1942 arbitraris
2692 1875 2921 1962 punire
2962 1895 3186 1938 omnes

337 1991 660 2036 excessus
722 1971 1204 2058 suppositorum
1251 1971 1690 2038 universitatis
1701 2019 1720 2053 ,
1779 1971 1862 2037 de
1917 1972 2149 2060 quibus
2192 1975 2262 2038 in
2304 1976 2559 2040 statutis
2600 1995 2731 2039 non
2770 1981 2869 2040 est
2910 1983 3187 2039 cautum.

337 2067 438 2134 Et
475 2069 532 2134 si
571 2071 812 2136 rectori
855 2079 922 2136 et
963 2071 1096 2136 suis
1137 2068 1580 2137 assessoribus
1627 2093 1838 2158 poena
1877 2071 1946 2136 in
1989 2080 2227 2140 statuto
2270 2075 2485 2160 posita
2526 2082 2803 2161 apparet
2830 2073 3027 2140 nimis
3051 2075 3185 2138 exi-

335 2189 513 2254 gua,
551 2177 826 2256 possunt
861 2170 990 2257 ipsi
1030 2169 1368 2234 excedenti
1409 2170 1742 2256 imponere
1783 2171 2127 2255 maiorem,
2184 2174 2391 2240 eciam
2438 2195 2715 2260 poenam
2756 2175 3069 2256 carceris,
3126 2173 3184 2238 si

337 2268 580 2332 maiori
621 2271 798 2355 parti
837 2291 1240 2334 assessorum
1281 2268 1616 2356 placuerit.
3205 2280 3267 2337 15

513 2365 602 2432 Et
639 2368 1004 2460 impediens
1044 2389 1154 2434 eos
1193 2369 1265 2434 in
1301 2369 1458 2452 isto,
1501 2367 1746 2436 directe
1786 2367 1892 2434 vel
1933 2369 2249 2436 indirecte
2262 2417 2283 2456 ,
2330 2372 2685 2459 periurium
2726 2372 3002 2438 incurrit
3040 2372 3185 2458 ipso

341 2464 541 2532 facto.

1395 2607 1488 2668 14.
1553 2619 1696 2670 Vom
1735 2625 1782 2672 4.
1820 2618 1933 2670 Juli
1977 2623 2120 2673 1⁴22.

433 2789 440 2794 .
519 2731 709 2799 Anno
753 2731 998 2800 domini
1039 2733 1378 2802 millesimo
1423 2736 1748 2824 cccc⁰xxij
1763 2785 1782 2820 ‚
1843 2733 1950 2800 die
1990 2745 2224 2823 quarta
2264 2738 2504 2803 mensis
2552 2734 2735 2820 Iulii,
2786 2736 2857 2801 in
2899 2733 3190 2822 generali

349 2833 825 2898 convocacione
889 2835 1349 2920 magistrorum
1403 2835 1845 2901 universitatis
1907 2835 2277 2922 specialiter
2338 2835 2424 2901 ad
2476 2835 2600 2902 hoc
2650 2835 2824 2902 facta
2850 2836 2875 2877 ⁴
2927 2834 3189 2900 fuerunt
3206 2841 3274 2899 z)

349 2952 470 3017 per
521 2942 799 3019 quatuor
858 2933 1162 3000 naciones
1205 2934 1494 3010 eiusdem
1534 2935 1976 3001 universitatis
2019 2933 2423 3000 concorditer
2468 2934 2867 3023 approbata,
2924 2934 3191 3019 insuper

351 3041 539 3097 sexta
583 3030 690 3095 die
731 3033 972 3098 mensis
1017 3033 1418 3121 Septembris
1463 3034 1749 3100 eiusdem
1792 3035 1947 3099 anni
1987 3035 2248 3100 fuerunt
2286 3035 2354 3099 in
2392 3034 2683 3122 generali
2717 3032 3191 3100 convocacione

353 3132 558 3198 tocius
601 3131 1043 3199 universitatis
1086 3133 1442 3221 publicata.

521 3239 576 3297 1.
597 3232 623 3272 5
677 3230 900 3298 Primo
953 3234 1330 3320 percuciens
1384 3233 1489 3301 vel
1531 3233 1658 3300 alio
1700 3233 1891 3299 modo
1933 3234 2247 3299 iniuriose
2288 3233 2712 3323 corporaliter
2752 3231 3083 3299 offendens
3124 3232 3194 3296 in

351 3332 490 3398 loco
543 3342 878 3419 suspecto,
945 3334 1108 3399 citra
1174 3343 1392 3399 tamen
1465 3334 1841 3399 effiisionem
1894 3334 2230 3420 sanguinis
2284 3333 2389 3399 vel
2442 3330 2792 3422 offen[12⁸]
2807 3355 2945 3398 sam
2998 3354 3187 3399 enor-
3204 3340 3271 3398 25

351 3455 554 3517 mem,
602 3431 812 3499 solvat
851 3456 1047 3498 unum
1087 3432 1401 3500 florenum
1444 3456 1566 3521 pro
1609 3455 1823 3521 poena
1861 3432 1967 3499 vel
2012 3433 2235 3499 sedeat
2274 3434 2344 3498 in
2383 3434 2546 3499 turri
2595 3454 2714 3519 per
2754 3428 2893 3499 dies
2940 3441 3103 3498 octo.

516 3538 576 3599 2.
629 3530 794 3598 Item
851 3532 1181 3599 offendens
1232 3534 1302 3597 in
1353 3532 1496 3598 loco
1557 3532 1892 3620 praedicto
1945 3534 2257 3599 iniuriose
2306 3531 2392 3599 ad
2437 3532 2772 3619 sanguinis
2816 3531 3193 3597 effusionem

355 3632 456 3697 vel
497 3632 816 3698 offensam
858 3654 1181 3698 enormem
1196 3681 1214 3715 ,
1258 3633 1424 3698 citra
1464 3641 1681 3698 tamen
1723 3630 2202 3699 mutilacionem
2213 3681 2232 3715 ,
2288 3631 2500 3698 solvat
2542 3632 2705 3697 duos
2750 3630 3028 3697 florenos
3071 3653 3192 3719 pro

359 3753 566 3818 poena
608 3731 714 3796 vel
758 3730 981 3798 sedeat
1019 3734 1088 3799 in
1127 3732 1292 3797 turri
1330 3754 1451 3820 per
1494 3731 1903 3819 quindenam.
1973 3730 2046 3797 Si
2089 3756 2242 3798 vero
2284 3730 2566 3821 aliquem
2605 3732 2672 3797 in
2698 3730 2965 3797 minimo
2995 3753 3193 3796 mem-

359 3830 472 3897 bro
514 3830 941 3915 mutilaverit,
985 3834 1122 3897 sive
1163 3834 1229 3897 in
1272 3831 1413 3897 loco
1460 3839 1759 3918 suspecto
1803 3832 1940 3895 sive
1984 3840 2199 3915 extra,
2248 3832 2461 3898 solvat
2497 3853 2618 3919 pro
2662 3853 2877 3919 poena
2918 3840 3193 3921 quatuor
3209 3838 3279 3896 30

361 3930 637 3997 florenos
678 3930 783 3997 vel
829 3931 1053 3998 sedeat
1089 3932 1158 3996 in
1203 3932 1370 3997 turri
1409 3952 1527 4017 per
1569 3952 1874 3995 mensem.

522 4034 583 4097 3.
635 4028 798 4095 Item
853 4040 1042 4096 extra
1097 4029 1307 4097 locum
1365 4029 1770 4118 praedictum
1834 4032 2213 4118 percuciens
2280 4030 2384 4097 vel
2453 4031 2581 4098 alio
2648 4028 2841 4097 modo
2888 4020 3197 4097 iniuriose

363 4128 780 4217 corporaliter
831 4129 1194 4215 offendens,
1253 4132 1418 4197 citra
1461 4140 1678 4195 tamen
1721 4130 2055 4217 sanguinis
2099 4130 2472 4196 effusionem
2514 4130 2619 4197 vel
2662 4132 2971 4197 offensam
3014 4153 3197 4196 enor-

365 4252 559 4314 mem,
620 4228 831 4297 solvat
872 4230 1212 4297 dimidium
1253 4230 1569 4297 florenum
1614 4253 1734 4319 pro
1777 4253 1989 4318 poena
2031 4228 2135 4295 vel
2179 4229 2402 4297 sedeat
2441 4230 2510 4295 in
2553 4232 2715 4296 turri
2758 4252 2876 4317 per
2918 4238 3196 4317 quatuor

368 4328 518 4396 dies.
3209 4336 3276 4393 35

519 4437 582 4497 4.
643 4430 994 4499 Offendens
1036 4454 1192 4501 vero
1230 4430 1510 4520 aliquem
1542 4426 1966 4516 corporaliter
1995 4427 2309 4494 iniuriose
2343 4438 2531 4494 extra
2553 4428 2763 4495 locum
2790 4426 3195 4514 praedictum

373 4528 447 4596 ad
485 4532 821 4617 sanguinis
867 4532 1244 4598 effusionem
1287 4530 1391 4597 vel
1434 4530 1744 4595 offensam
1787 4550 2151 4611 enormem,
2209 4529 2372 4594 citra
2421 4538 2637 4594 tamen
2693 4527 3193 4609 mutilacionem,

375 4630 576 4697 solvat
608 4654 807 4697 unum
849 4630 1166 4698 florenum
1210 4652 1330 4718 pro
1373 4652 1588 4717 poena
1628 4627 1735 4693 vel
1777 4626 2004 4694 sedeat
2042 4630 2113 4694 in
2156 4630 2321 4695 turri
2363 4651 2483 4716 per
2526 4624 2665 4694 dies
2705 4636 2871 4694 octo.

595 4888 616 4937 1
653 4890 783 4953 post
823 4877 994 4949 fehlt,
1046 4878 1190 4934 anch
1225 4878 1284 4933 in
1318 4876 1426 4933 den
1461 4876 1722 4933 Statnten
1759 4892 1886 4930 vom
1919 4873 1974 4929 J.
2011 4879 2178 4943 15003
2230 4875 2289 4931 in
2312 4857 2603 4931 'letzteren
2646 4874 2781 4931 aber
2830 4875 2903 4930 ist
2944 4890 3006 4931 es
3042 4870 3278 4947 nachgo-

448 4972 680 5106 Ἤ
716 4962 1242 5103 ἔὼωὴθίηᾙοῑιοι·
1283 4962 1368 5019 als
1409 4962 1512 5019 das
1557 4957 1812 5017 einfache
1847 4966 1981 5029 post
2028 4958 2105 5013 ist
2151 4958 2293 5015 wohl
2326 4959 2473 5017 noch
2498 4968 2633 5033 poet
2662 4962 3091 5033 ww
3107 5000 3123 5029 ,
3179 4959 3280 5015 wie

452 5068 508 5107 es
540 5069 573 5107 o
775 5065 874 5105 ess.

578 5139 612 5189 2
647 5132 1378 5203 AmBandenonleyewr.
1651 5131 1684 5183 3
1723 5123 2061 5181 Amnando
2094 5127 2311 5197 legemr.

577 5224 612 5274 4
644 5216 809 5274 Fehlt
841 5216 958 5274 hiet
991 5214 1150 5271 nicht
1179 5222 1386 5271 etam
1417 5210 1830 5285 infrascripta!

587 5307 618 5357 5
651 5298 926 5358 Hieriiber
957 5300 1104 5357 steht
1136 5298 1334 5355 wieder
1366 5294 1726 5372 geschrieben
1760 5294 2012 5349 Primmn
2049 5293 2281 5364 loqutur.
