4038 6358
1308 630 1427 699 ‘me
1464 647 1699 700 stanton
1738 662 1846 700 von
1885 648 2243 703 1439—1511.
3112 656 3230 721 197

326 852 483 916 pro
531 830 856 915 defuncto,
917 831 1032 898 alii
1079 840 1291 898 autem
1336 831 1681 918 collegiati,
1723 854 1854 897 non
1893 831 2285 920 presbyteri,
2346 832 2619 920 quilibet
2659 843 2796 901 tres
2838 835 3099 922 vigilias
3144 837 3226 904 de

322 950 597 997 novem
637 930 1022 998 lectionibus
1068 930 1286 996 dicere
1317 939 1619 998 tenentur
1660 932 1837 998 intra
1872 933 2275 997 tricesimum
2315 933 2608 999 eiusdem
2639 934 2945 1001 defuncti.
2987 937 3077 1002 Et
3103 937 3224 1004 hoc

326 1050 493 1116 quo
537 1030 625 1095 ad
665 1031 1016 1117 magistros
1060 1040 1459 1118 praesentes,
1501 1030 1802 1097 absentes
1827 1053 1983 1096 vero
2029 1055 2223 1121 quam
2267 1034 2393 1098 cito
2435 1031 2522 1098 ad
2564 1032 2906 1120 collegium
2931 1038 3226 1108 venerint

326 1139 474 1195 aut
514 1152 689 1196 mors
735 1131 941 1218 ipsius
986 1131 1078 1195 eis
1120 1132 1429 1195 nunciata
1465 1130 1661 1196 fuerit
1701 1131 1876 1196 infra
1916 1152 2205 1195 mensem
2251 1129 2336 1197 ad
2379 1131 2554 1197 idem
2592 1142 2912 1199 tenentur.

783 1302 881 1366 42.
924 1313 1020 1363 DE
1064 1313 1733 1364 conswnrnnmmus
1774 1314 2284 1366 Lannsnmmns
2328 1316 2824 1366 oesERvAnms.
3274 1313 3307 1368 5

526 1432 690 1496 Item
729 1428 901 1497 ultra
945 1440 1187 1496 statuta
1229 1430 1568 1519 praedicta
1608 1440 1906 1496 tenentur
1950 1433 2247 1518 magistri
2299 1432 2385 1497 ad
2429 1431 2914 1499 observantiam
2959 1456 3225 1500 consue·

332 1529 662 1595 tudinum
700 1528 1126 1595 laudabilium
1173 1532 1349 1595 circa
1391 1530 1793 1596 honestatem
1833 1552 2097 1597 mensae
2141 1541 2204 1597 et
2257 1530 2533 1597 aliorum
2589 1534 2772 1620 prius
2829 1534 2897 1597 in
2952 1532 3224 1619 collegio
3273 1563 3288 1582 ¹

334 1628 475 1694 diu
541 1637 967 1713 servatorum,
1031 1630 1280 1696 scilicet
1341 1652 1422 1694 ne
1484 1652 1720 1716 panem
1776 1638 1841 1695 et
1898 1632 2246 1696 cervisiam
2310 1654 2351 1696 a
2415 1630 2687 1718 collegio
2749 1632 2899 1718 capi
2961 1655 3083 1719 pro
3152 1655 3223 1697 se

332 1728 625 1810 faciant,
667 1728 927 1816 quando
971 1740 1160 1795 extra
1202 1729 1543 1816 collegium
1587 1728 1673 1794 ad
1714 1728 2066 1817 prandium
2094 1729 2199 1795 vel
2242 1752 2513 1795 coenam
2554 1732 2813 1798 invitati
2855 1730 3218 1817 comedunt,

341 1837 423 1893 et
469 1851 553 1893 ne
597 1827 814 1893 cibum
859 1827 1114 1916 collegii
1154 1829 1240 1895 ad
1288 1828 1515 1894 domos
1560 1837 2021 1894 extraneorum
2064 1827 2301 1893 deferri
2347 1830 2622 1913 faciant,
2676 1840 2740 1895 et
2781 1842 3000 1897 cetera
3041 1833 3223 1919 prius
3247 1843 3309 1898 10

340 1929 425 1993 in
474 1927 748 2018 collegio
790 1937 984 1994 tenta.

700 2129 776 2196 V.
825 2127 1170 2214 Statuta
1213 2127 1825 2193 concernencia
1867 2126 2239 2192 scolares
2278 2128 2887 2213 magistrorum.

398 2297 505 2358 43.
545 2311 639 2357 ET
684 2311 899 2360 PRIMO
945 2311 1038 2359 DE
1082 2311 1282 2360 MODO
1327 2311 1779 2359 PROPONENDI
1817 2309 2204 2374 DEFECTUS,
2254 2309 2316 2357 sl
2358 2309 2539 2370 Quos
2580 2309 2859 2359 HABENT
2905 2310 3184 2360 CONTRA

1244 2410 1731 2459 PRAEPOSITUM
1771 2411 1906 2458 VEL
1949 2408 2375 2458 MAGISTRUM.
2463 2459 2472 2472 .

524 2525 784 2592 Placuit
822 2525 1115 2613 collegiO,
1167 2525 1342 2611 quod
1391 2524 1603 2590 nullus
1654 2524 1736 2589 de
1788 2524 2041 2589 familia
2081 2523 2339 2609 collegii
2389 2545 2599 2611 neque
2651 2524 2885 2611 aliquis
2943 2526 3213 2591 scolaris
3241 2536 3302 2592 15

351 2627 827 2712 magistrorum
881 2626 986 2692 vel
1050 2623 1575 2692 commensalium
1634 2631 1959 2711 proponat
2014 2621 2264 2711 aliquid
2328 2632 2555 2689 contra
2612 2626 3059 2711 praepositum
3114 2624 3220 2689 vel

350 2726 750 2811 magistrum
805 2736 915 2792 aut
965 2724 1464 2791 commensalem
1504 2724 1677 2789 infra
1714 2745 2022 2790 mensam.
2108 2720 2240 2786 Sed
2299 2722 2352 2785 si
2410 2720 2687 2810 aliquem
2732 2722 3054 2788 defectum
3108 2723 3218 2788 ha-

350 2823 605 2907 buerit,
664 2824 840 2890 dicat
877 2826 1251 2913 praeposito
1295 2823 1399 2889 vel
1442 2824 1755 2909 magistro
1801 2845 1932 2897 suc,
1994 2831 2257 2886 servata
2300 2820 2634 2885 honestate
2678 2821 2880 2887 verbo
2923 2832 2989 2887 et
3026 2824 3218 2906 facto,

354 2922 478 2989 sub
516 2946 734 3010 poena
774 2924 1167 2990 exclusionis
1215 2921 1339 3010 [8¹²]
1385 2945 1426 2987 a
1464 2921 1737 3009 collegio
1781 2942 1987 3008 usque
2030 2919 2116 2984 ad
2157 2918 2412 3005 collegii
2455 2919 3075 2987 reconciliacionem.

846 3097 947 3158 44.
990 3108 1085 3154 m:
1131 3106 1330 3155 nono
1373 3104 1788 3156 EMENDANDI
1832 3103 2181 3152 sconAmss
2223 3103 2741 3152 mels‘rnomm.
3239 3096 3305 3153 20

523 3225 690 3289 Item
748 3220 802 3289 si
861 3225 1271 3311 praepositus
1328 3222 1528 3288 habet
1584 3202 2072 3309 displicenciam
2129 3242 2326 3308 super
2387 3220 2559 3285 facto
2620 3221 2889 3286 scolaris
2948 3221 3222 3289 alicuius

359 3324 682 3410 magistri,
726 3322 900 3409 quod
941 3321 1279 3408 collegium
1321 3323 1558 3407 tangit,
1603 3331 1843 3385 extunc
1886 3321 2300 3407 praepositus
2345 3330 2668 3407 proponat
2712 3322 3025 3406 magistro
3069 3320 3219 3385 talis
3333 3359 3346 3373 .

360 3421 654 3504 scolaris,
712 3445 979 3488 monens
1022 3444 1171 3487 eum
1212 3444 1408 3509 super
1451 3421 1848 3486 correctione
1907 3419 2214 3484 eiusdem.
2298 3418 2490 3499 Quod
2543 3421 2598 3484 si
2657 3421 2970 3506 magister
3024 3419 3220 3485 talem

360 3521 679 3589 scolarem
725 3523 1052 3609 corrigere
1089 3544 1220 3588 non
1274 3520 1603 3587 curaverit
1657 3527 1769 3585 aut
1822 3518 2092 3583 scolaris
2148 3541 2265 3605 per
2317 3521 2702 3605 magistrum
2760 3528 3087 3585 correctus
3149 3542 3220 3585 se

357 3644 489 3686 non
534 3619 994 3704 emendaverit,
1038 3630 1277 3686 extunc
1324 3621 1734 3708 praepositus
1763 3617 2018 3704 collegii
2064 3640 2328 3682 causam
2366 3617 2543 3682 illam
2579 3616 2846 3704 collegio
2877 3630 3218 3706 proponat,
3237 3628 3302 3684 25

359 3743 560 3809 quam
605 3719 949 3807 collegium
990 3722 1175 3785 iuxta
1218 3719 1597 3807 qualitatem
1637 3720 1792 3784 facti
1831 3716 2114 3782 decidat.

442 3891 545 3952 45.
607 3903 702 3951 DE
745 3902 1125 3952 nummus
1166 3902 1313 3951 NON
1354 3900 1681 3950 FIGENDIS
1723 3902 1817 3950 AD
1862 3900 2215 3949 PARIETEM
2259 3900 2523 3949 STUBAE
2568 3900 2864 3949 YEMALIS
2906 3901 2997 3949 13:⁹1:
3040 3902 3135 3948 DE

1092 4001 1429 4050 mTRol'rU
1470 4001 1609 4049 AUT
1654 4000 1870 4049 EXITU
1914 4000 2052 4047 PER
2089 3999 2505 4047 FENESTRAS.

522 4116 689 4182 Item
744 4118 959 4184 nullus
1019 4118 1371 4184 scolarium
1424 4119 1687 4181 inantea
1739 4114 1940 4201 figere
1993 4113 2188 4181 debet
2241 4137 2355 4179 seu
2407 4112 2542 4178 lere
2563 4114 2660 4191 (P)
2704 4113 3044 4180 candelam
3107 4140 3222 4182 seu

359 4214 576 4280 lumen
621 4215 707 4281 ad
732 4219 1062 4307 'parietem
1107 4217 1334 4284 stubae
1379 4217 1771 4298 interiorem,
1828 4236 1950 4278 nec
2004 4215 2186 4279 exire
2227 4236 2345 4300 per
2400 4214 2752 4278 fenestram
2798 4225 2911 4280 aut
2949 4216 3214 4300 intrare,
3234 4227 3310 4283 30

359 4338 480 4381 nec
522 4316 847 4402 frangere,
891 4317 1010 4382 sub
1057 4340 1268 4404 poena
1311 4316 1649 4381 carenciae
1692 4313 1822 4379 cibi
1864 4336 1985 4400 per
2031 4335 2226 4378 unam
2270 4312 2719 4399 septimanam.
2808 4313 2896 4378 Et
2937 4315 3221 4380 secunda

358 4415 504 4480 vice
547 4416 793 4481 faciens
838 4438 879 4480 a
920 4415 1192 4502 collegio
1237 4413 1619 4480 excludatur
1660 4415 1799 4479 sine
1844 4411 2122 4477 alicuius
2165 4413 2462 4497 magistri
2501 4411 2892 4480 defensione.

611 4585 712 4647 46.
771 4598 866 4645 m:
906 4597 1137 4646 ros-NA
1183 4597 1578 4646 sconxnmu
1619 4596 1692 4643 m
1737 4595 1965 4643 mansa
2006 4595 2306 4643 poemen
2351 4594 2969 4644 conrnunnnmnn.

528 4715 695 4779 Item
740 4712 1023 4779 scolares
1072 4711 1330 4800 publice
1371 4713 1439 4777 in
1482 4733 1709 4776 mensa
1751 4710 2211 4777 contendentes
2257 4733 2374 4775 sua
2416 4720 2680 4775 careant
2736 4712 3042 4797 porcione
3102 4733 3225 4798 per

358 4824 561 4881 totam
607 4812 797 4878 diem.
884 4812 954 4878 Si
997 4834 1151 4876 vero
1198 4823 1387 4878 extra
1434 4833 1725 4876 mensam
1784 4809 2262 4893 contenderint,
2317 4809 2540 4874 eadem
2595 4820 2860 4873 careant
2910 4832 3040 4876 una
3079 4813 3222 4876 vice
3239 4821 3307 4877 35

361 4923 629 4979 tantum.
712 4911 801 4976 Et
842 4911 1015 4986 idem
1058 4912 1202 4993 fiat,
1246 4912 1300 4976 si
1347 4914 1493 4975 cum'
1532 4910 1748 4997 aliquo
1789 4909 2098 4974 familiari
2144 4909 2397 4995 collegii
2443 4907 2852 4973 contendant.

806 5081 905 5139 47.
952 5093 1046 5140 ΒΕ
1091 5092 1323 5141 romu
1361 5093 1861 5141 Pnncncmn'rls
1908 5092 2220 5152 ALIQUEM
2264 5091 2780 5140 comneni-ma.

526 5210 692 5274 Item
737 5210 1102 5296 quicunque
1150 5207 1583 5290 baccalarius,
1630 5206 1913 5289 studens,
1961 5205 2232 5273 scolaris
2263 5205 2362 5270 vel
2404 5207 2743 5272 familiaris
2787 5209 3070 5294 percutit
3113 5206 3224 5272 ali—

366 5331 559 5396 quem
600 5309 984 5393 magistrum
1026 5310 1095 5373 in
1135 5308 1406 5394 collegio
1448 5309 1614 5373 citra
1654 5305 2015 5389 emendam,
2060 5329 2254 5392 quam
2296 5316 2547 5370 tenetur
2585 5309 2759 5393 parti
2799 5306 3036 5388 laesae,
3083 5328 3225 5393 per·
