4038 6358
1195 569 1385 619 Zweite
1420 569 1952 632 Statutenredaction,
1989 584 2096 619 von
2137 568 2483 621 1436-1465.
3152 576 3273 640 343

378 746 499 813 vel
553 750 788 837 aliquo
831 771 1052 816 eorum
1091 752 1290 816 fuerit
1328 773 1447 838 per
1488 749 1865 816 facultatem
1907 752 2156 818 arcium
2201 752 2646 839 dispensatum
2695 753 2982 841 satisque
3031 754 3273 820 factum

382 871 524 936 pro
577 872 684 935 eo,
733 849 911 937 quod
951 852 1196 937 petitur
1238 852 1424 918 iuxta
1467 851 1803 939 antiquam
1846 861 2071 916 taxam
2115 852 2326 917 eidem
2367 850 2683 917 facultati.

1802 1155 1901 1221 86.
1915 1153 1935 1195 ¹

702 1293 757 1352 1.
804 1305 898 1351 DE
940 1303 1351 1352 HONESTATE
1392 1303 1894 1352 MAGISTRORUM
1935 1305 2008 1352 m
2047 1303 2209 1351 VITA
2251 1304 2341 1351 ΕΤ
2390 1302 2980 1351 CONVERSACIONE.

1000 1413 1007 1420 ’
1589 1421 1712 1485 vgl.
1753 1438 1801 1474 8.
1837 1422 1913 1473 81.
1948 1423 2032 1488 27,
2067 1421 2114 1474 3.
3321 1431 3354 1486 5

577 1535 766 1619 Item,
820 1536 876 1600 si
938 1535 1021 1601 de
1085 1534 1304 1624 aliquo
1368 1533 1680 1621 magistro
1732 1547 2136 1624 compertum
2192 1537 2413 1618 fuerit,
2469 1536 2646 1622 quod
2709 1538 2778 1602 in
2829 1537 3098 1603 comodo
3153 1560 3269 1603 suo

389 1634 748 1721 publicam
791 1637 1197 1701 meretricem
1237 1634 1538 1701 habuerit
1582 1635 1686 1702 vel
1722 1638 1789 1700 in
1829 1634 2032 1701 bursa
2070 1635 2173 1702 vel
2217 1635 2348 1701 alia
2389 1633 2493 1724 [63
2510 1633 2561 1722 b]
2606 1634 2800 1702 domo
2845 1660 2959 1702 seu
2999 1636 3265 1701 domun-

393 1734 564 1799 cula
624 1757 738 1802 seu
794 1734 1064 1801 comodo
1120 1736 1443 1801 meretrici
1503 1734 1804 1823 publicae
1858 1736 1963 1802 vel
2019 1733 2466 1801 meretricibus
2519 1734 2796 1821 publicis
2852 1747 3270 1803 conversatus

391 1833 631 1919 fuerit,
684 1834 789 1901 vel
843 1837 910 1900 in
963 1834 1424 1901 collacionibus
1467 1845 1603 1901 aut*
1621 1834 1936 1922 prandiis,
1994 1835 2107 1902 ubi
2162 1835 2356 1901 talem
2410 1832 2515 1899 vel
2570 1833 2733 1899 tales
2786 1858 2930 1901 esse
2987 1836 3271 1918 sciverit,

392 1933 631 2018 fuerit,
674 1934 779 2001 vel
818 1938 888 2001 in
927 1933 1339 2000 habitacione
1382 1957 1500 2000 sua
1539 1933 1966 2000 concubinam
2008 1934 2269 2022 publice
2310 1936 2606 2016 tenuerit,
2646 1933 2750 2000 vel
2793 1934 3006 2001 locum
3049 1958 3267 2022 suspe·
3290 1945 3355 2000 10

396 2041 613 2117 ctum,
657 2033 959 2099 videlicet
1010 2033 1459 2121 prostibulum,
1512 2034 1875 2099 visitaverit
1929 2045 2043 2099 aut
2098 2035 2154 2098 si
2206 2035 2288 2100 (16
2342 2034 2464 2099 1106
2518 2044 2855 2121 suspectus
2910 2057 2980 2100 se
3036 2058 3272 2123 expur-

396 2155 577 2219 gare
620 2135 1000 2222 nequiverit,
1057 2133 1163 2199 vel
1222 2133 1303 2200 de
1353 2132 1475 2199 hoc
1519 2135 1851 2198 convictus
1891 2134 2104 2216 fuerit,
2158 2132 2310 2199 talis
2352 2134 2438 2197 sit
2477 2132 2739 2198 inabilis
2781 2133 2868 2199 ad
2909 2145 3092 2200 actus
3134 2156 3270 2200 sco-

398 2230 680 2299 lasticos
743 2233 1177 2299 exercendum
1241 2243 1304 2298 et
1363 2232 1449 2298 ad
1514 2231 1795 2317 aliquem
1858 2230 1964 2298 vel
2027 2231 2281 2319 aliquos
2346 2232 2856 2319 promovendum
2923 2233 3009 2299 ad
3073 2256 3272 2299 unum

402 2353 689 2416 annum}
750 2356 871 2399 nec
919 2332 1003 2399 ad
1048 2333 1383 2400 consilium
1425 2331 1772 2415 facultatis,
1830 2333 1888 2397 si
1943 2332 2026 2397 de
2078 2332 2252 2397 facto
2309 2334 2376 2396 in
2434 2355 2509 2398 eo
2561 2354 2689 2398 non
2748 2332 2959 2414 fuerit,
3018 2334 3144 2398 nisi
3200 2356 3270 2398 se

402 2432 775 2498 correxerit
818 2442 883 2499 et
919 2433 1212 2499 facultati
1257 2454 1454 2520 super
1496 2431 1618 2497 hoc
1662 2431 2085 2498 sufficientem
2128 2432 2466 2499 emendam
2508 2432 2754 2515 fecerit,
2796 2441 3182 2498 assumatur.
3291 2444 3352 2498 15

1122 2605 1182 2665 2.
1225 2617 1320 2665 DE
1338 2616 1683 2667 nonns‘ro
1726 2617 1986 2666 mm]
2031 2615 2552 2666 melsrnonuu.

1584 2734 1706 2797 vgl.
1747 2750 1798 2787 a.
1836 2733 1910 2786 St.
1947 2735 2031 2799 27,
2068 2736 2116 2786 4.

579 2851 745 2917 Item
804 2849 1018 2915 nullus
1079 2849 1537 2936 magistrorum
1601 2856 1819 2935 portet
1883 2849 2153 2937 pallium
2219 2872 2301 2915 ex
2363 2857 2636 2935 utroque
2703 2849 2907 2914 latere
2968 2848 3071 2914 vel
3141 2871 3267 2914 uno

409 2961 716 3039 apertum
762 2973 907 3015 cum
947 2948 1170 3036 iopula
1208 2948 1314 3014 vel
1355 2947 1681 3031 tunicella,
1738 2971 1903 3036 quae
1956 2972 2085 3014 non
2142 2948 2548 3037 protenditur
2600 2947 2770 3014 ultra
2822 2972 3054 3035 genua.
3140 2947 3271 3029 Qui

409 3051 469 3115 si
517 3052 917 3115 contrarium
955 3049 1200 3131 fecerit,
1249 3070 1367 3134 per
1409 3053 1541 3112 tres
1580 3070 1834 3113 menses
1886 3046 1969 3113 ab
2014 3049 2269 3115 actibus
2324 3047 2679 3114 scolasticis
2733 3059 2797 3114 61
2844 3048 3267 3137 promocioni-
3285 3056 3354 3112 20

409 3148 541 3217 bus
583 3148 898 3216 faciendis
942 3150 1028 3214 sit
1069 3170 1441 3235 suspensus.

508 3324 567 3386 3.
626 3336 721 3383 DE
764 3332 1088 3383 HONESTO
1131 3333 1390 3382 HABITU
1432 3330 2014 3381 BACOALARIORUM
2053 3320 2154 3380 E'r‘
2193 3262 2596 3384 smpmclfm
2636 3334 3182 3386 SUPPoslTORtm.

1587 3450 1707 3514 vgl.
1750 3465 1799 3500 a.
1842 3449 1917 3502 St.
1953 3451 2037 3509 27,
2072 3452 2123 3503 4.

577 3569 743 3635 Item
783 3566 997 3632 nullus
1040 3564 1448 3631 baccalarius
1494 3574 1606 3630 aut
1647 3564 1926 3652 simplex
1970 3564 2235 3631 studens
2291 3567 2361 3631 in
2416 3565 2670 3633 artibus
2729 3576 2944 3655 portet
2999 3569 3267 3655 pallium

413 3693 500 3736 ex
540 3678 817 3757 utroque
854 3666 1070 3732 latere:
1095 3664 1201 3731 vel
1246 3688 1374 3731 uno
1417 3675 1715 3753 apertum
1757 3687 1901 3730 cum
1944 3664 2169 3751 iopula
2208 3665 2313 3731 vel
2354 3665 2678 3748 tunicella,
2740 3689 2905 3753 quae
2946 3690 3076 3733 non
3117 3678 3348 3755 pro-25

413 3767 700 3834 tenditur
751 3765 925 3832 ultra
986 3787 1214 3852 genua.
1300 3764 1428 3846 Qui
1490 3766 1545 3829 si
1605 3765 1999 3831 contrarium
2062 3764 2308 3848 fecerit,
2375 3767 2443 3830 in
2508 3765 2776 3831 dimidio
2838 3764 3081 3832 floreno
3147 3790 3267 3855 per

414 3868 728 3934 decanum
771 3865 1099 3933 facultatis
1142 3866 1391 3931 arcium
1432 3866 1755 3953 puniatur.
1814 3863 1944 3945 Qui
1989 3864 2046 3928 si
2086 3884 2156 3929 86
2183 3867 2578 3951 opposuerit,
2624 3864 2710 3931 ad
2734 3863 3073 3933 ulteriores
3116 3890 3263 3954 pro·

415 3969 741 4034 mociones
783 3967 852 4031 in
895 3965 1143 4033 artibus
1181 3987 1312 4032 non
1361 3964 1758 4043 admittatur.

1416 4268 1517 4333 87.
1584 4284 1749 4335 Vom
1801 4283 2013 4337 Jahre
2068 4283 2278 4336 1449.2

679 4414 800 4476 qm
841 4415 1153 4465 Possum·
1195 4416 1361 4466 assu
1404 4415 1874 4467 rnouoromzs
1915 4415 2547 4466 Pnouovmmonuu
2587 4418 2662 4467 m
2701 4396 3018 4466 Aurmus.
3131 4395 3150 4409 ”
3281 4408 3350 4465 3ο

572 4533 737 4599 Item
775 4532 985 4619 quivis
1030 4530 1633 4620 promovendorum,
1675 4556 1804 4599 non
1845 4532 2143 4599 obstante
2185 4554 2568 4619 quacunque
2610 4533 3076 4616 commissione,
3122 4535 3258 4598 sive

415 4632 703 4721 generali
745 4633 883 4697 sive
923 4631 1212 4719 speciali,
1256 4631 1449 4699 debet
1491 4631 1729 4719 eligere
1767 4634 2147 4719 magistrum
2180 4642 2328 4698 actu
2366 4641 2697 4720 regentem
2729 4632 2809 4698 de
2839 4655 2958 4698 sua
2990 4633 3261 4698 nacione

589 4833 612 4885 1
652 4828 780 4885 Von
815 4829 1046 4885 anderer
1078 4830 1263 4886 Hand.
1331 4833 1409 4888 Es
1444 4833 1516 4886 ist
1565 4829 1888 4899 auffallend‚
1934 4829 2066 4884 dass
2099 4829 2189 4885 die
2224 4828 2520 4902 folgenden
2555 4836 2587 4886 3
2621 4829 2949 4886 Beschliisse
2982 4834 3095 4885 erst
3120 4831 3264 4901 jetzt

416 4915 779 4986 eingetragen
814 4913 953 4976 sind,
985 4913 1062 4969 da
1097 4914 1177 4971 816
1210 4916 1355 4973 (16611
1390 4915 1563 4971 sehon
1595 4931 1718 4970 vor
1756 4915 1855 4969 der
1885 4929 2066 4969 neuen
2098 4912 2643 4971 Statuteuredaction
2677 4913 3029 4971 beschlossen
3064 4931 3261 4970 waren.

415 4999 540 5071 Vgl.
583 4999 696 5054 alte
729 4997 987 5054 Statuten
1022 5004 1105 5069 27,
1137 5006 1166 5054 3
1203 5017 1256 5055 u.
1294 5005 1345 5070 4,
1382 4999 1522 5055 oben
1556 4998 1613 5055 S.
1652 5002 1751 5055 319
1784 4996 1864 5069 fg.

588 5088 619 5139 2
654 5082 781 5140 Von
817 5083 1052 5140 auderet
1090 5082 1278 5153 Hand,
1311 5081 1763 5139 wahrscheinlich
1797 5083 1896 5137 der
1928 5080 2027 5137 des
2059 5080 2275 5137 Iohann
2315 5080 2675 5153 Swertmann‚
2716 5081 2816 5138 der
2860 5086 2988 5139 1449
3004 5098 3032 5127 ⁸
3065 5081 3261 5138 Decan

417 5184 543 5222 war.
618 5167 736 5222 Der
769 5166 891 5223 hier
926 5167 1289 5225 anbefohlene
1324 5167 1522 5222 Modus
1567 5166 1716 5239 zeigt
1754 5166 1873 5222 sich
1922 5166 2028 5221 seit
2063 5168 2232 5222 144912
2275 5164 2334 5221 in
2378 5167 2477 5222 der
2509 5166 2773 5222 Μαίη-11161
2810 5165 3060 5223 wirklich
3095 5165 3262 5223 beob-

417 5250 621 5308 achtet.
693 5252 886 5310 Daher
920 5251 1065 5309 habe
1096 5252 1188 5309 ich
1222 5252 1330 5308 den
1366 5250 1663 5307 Beschluss
1698 5251 1757 5306 in
1788 5250 1904 5306 dies
1936 5249 2079 5306 Jahr
2112 5255 2340 5323 gesetzt.
