4038 6358
1367 619 1469 671 Die
1502 619 1740 672 statuum
1779 635 1885 672 von
1931 620 2284 676 1409-1445.
3116 622 3237 685 317

1143 805 1198 868 3.
1244 817 1480 879 onon
1520 818 1711 867 nomi
1755 818 1984 867 comm
2027 819 2214 867 rmm
2251 819 2508 866 naam.

547 916 719 981 Item
778 915 992 981 nullus
1058 919 1515 1003 magistrorum
1582 917 1920 1006 disputans
1995 919 2264 1005 incipiet
2336 918 2730 983 exercicium
2798 918 3238 1003 vespertinum

345 1023 532 1078 ante
590 1014 822 1082 horam
861 1018 1119 1081 tertiam
1172 1016 1273 1082 vel
1331 1027 1483 1082 ante
1536 1017 1791 1105 pulsum
1836 1016 2297 1082 monachorum
2352 1016 2832 1103 predicatorum
2880 1015 2966 1080 ad
3014 1039 3238 1103 vespe-

344 1135 505 1196 rae,
562 1124 627 1179 et
654 1114 866 1180 nullus
908 1127 1373 1182 conventorum
1411 1119 1743 1204 permittat
1772 1115 2022 1205 pulsari
2065 1117 2150 1182 ad
2185 1139 2451 1182 coenam
2478 1115 2582 1180 vel
2603 1137 2870 1181 coenam
2909 1115 3052 1181 fieri
3095 1125 3243 1180 ante

350 1217 683 1299 quintam
735 1213 961 1280 horam
1002 1218 1070 1279 in
1119 1214 1319 1280 bursa
1360 1215 1464 1281 vel
1519 1219 1586 1281 in
1642 1216 2042 1282 habitatione
2092 1239 2229 1299 sua,
2287 1214 2406 1280 sub
2449 1237 2660 1303 poena
2702 1223 2741 1281 4
2783 1236 3158 1300 grossorum
3202 1238 3243 1279 a
3291 1224 3324 1281 5

350 1310 641 1378 decano
691 1313 1021 1379 facultatis
1065 1315 1669 1401 extorquendorum,
1727 1326 1998 1404 propter
2055 1316 2321 1380 nimiam
2364 1315 2776 1400 vagationem
2816 1315 3008 1379 nimis
3049 1313 3246 1401 longo

352 1421 687 1499 tempore
725 1427 876 1501 post
916 1437 1181 1481 coenam
1223 1413 1580 1480 vitandam.

1437 1741 1539 1802 26.
1592 1754 1753 1803 Vom
1788 1754 1989 1803 Jahre
2033 1752 2204 1804 1423.

569 1873 624 1933 1.
678 1862 801 1952 [131.
844 1863 992 1954 54¹²]
1038 1865 1228 1932 Anno
1277 1867 1520 1934 domini
1558 1868 1665 1933 M⁰
1710 1866 2179 1935 CCCCXXIII
2235 1867 2304 1930 in
2359 1863 2678 1930 decanatu
2720 1865 3018 1951 magistri
3061 1866 3248 1931 Nico-

362 1962 469 2029 lai
522 1963 846 2031 Schulteti
905 1965 985 2030 de
1042 1965 1578 2050 Frankenfordis,
1635 1967 1812 2032 facta
1867 1966 2063 2053 plena
2112 1964 2622 2051 congregacione
2664 1967 3122 2050 magistrorum
3166 1965 3334 2031 delo

368 2064 669 2130 consilio
735 2064 1081 2149 facultatis,
1136 2067 1204 2130 in
1262 2065 1369 2132 die
1428 2077 1797 2132 sanctorum
1854 2066 2146 2154 Philippi
2200 2075 2263 2130 et
2315 2062 2540 2129 Iacobi
2600 2068 2786 2142 (1423
2833 2070 2947 2127 den
2994 2071 3044 2131 1.
3086 2068 3250 2146 Μαι)

370 2162 774 2228 conclusum
819 2174 883 2228 et
926 2174 1231 2230 statutum
1274 2167 1414 2249 fuit,
1473 2165 1644 2252 quod
1687 2165 1912 2230 decem
1966 2167 2272 2248 seniores,
2322 2164 2390 2227 in
2431 2162 2878 2251 disputacione
2921 2163 3255 2229 ordinaria

372 2273 779 2349 praesentes
818 2274 882 2329 et
924 2265 990 2329 in
1035 2263 1261 2330 ordine
1315 2288 1429 2332 suo
1484 2273 1848 2350 arguentes,
1903 2274 2039 2330 tam
2096 2264 2208 2328 diu
2255 2261 2499 2328 ibidem
2553 2272 3026 2349 permanentes,
3079 2263 3252 2350 quod

374 2361 800 2448 praecedens
856 2372 922 2428 et
984 2386 1255 2450 sequens
1323 2363 1714 2450 arguebant,
1786 2366 1840 2430 si
1910 2363 2139 2429 saltem
2201 2360 2694 2449 praecedentem
2755 2372 2819 2426 et
2882 2373 3254 2449 sequentem

374 2460 752 2527 habuerint
803 2452 996 2542 (alias
1038 2473 1173 2529 tam
1217 2462 1330 2529 diu
1379 2463 1665 2547 sedeant,
1724 2463 1898 2549 quod
1953 2463 2080 2529 duo
2135 2462 2432 2548 magistri
2490 2469 2785 2546 arguant,
2846 2462 2902 2525 si
2953 2462 3047 2527 ibi
3106 2473 3255 2528 sunt
3276 2472 3337 2529 15

380 2562 704 2648 magistri
746 2583 1022 2648 arguere
1062 2561 1370 2646 volentes,
1427 2565 1482 2628 si
1526 2563 1755 2629 saltem
1796 2563 2008 2630 locum
2064 2559 2382 2648 arguendi
2422 2560 2664 2626 habere
2706 2562 3006 2647 possint),
3059 2561 3255 2626 habe-

384 2671 512 2725 ant
573 2683 695 2748 per
748 2659 910 2726 duos
968 2683 1231 2748 grossos
1293 2665 1591 2750 antiquos
1651 2661 1947 2751 quilibet,
2014 2685 2175 2748 quos
2231 2660 2514 2726 decanus
2567 2658 2812 2725 eisdem
2868 2660 3095 2726 eodem
3151 2662 3257 2728 die

388 2758 907 2846 praesentabit.¹

570 2864 631 2925 2.
685 2859 850 2924 Item
889 2860 958 2924 in
1006 2858 1234 2925 eadem
1274 2862 1787 2946 congregacione
1827 2860 2051 2927 eodem
2094 2859 2200 2925 die
2245 2858 2614 2925 conclusum
2655 2859 2778 2924 fuit
2819 2868 2884 2925 et
2929 2870 3258 2944 statutum,

391 2957 581 3045 quod
624 2956 836 3022 nullus
880 2958 1258 3024 admittatur
1312 2960 1392 3024 de
1432 2983 1602 3025 novo
1657 2960 1742 3025 ad
1784 2960 2121 3024 consilium
2162 2958 2509 3042 facultatiS,
2563 2959 2692 3023 nisi
2734 2960 2802 3023 in
2846 2962 3341 3027 conscienciam

390 3081 520 3122 sua
586 3056 793 3139 dicat,
853 3057 1023 3145 quod
1083 3082 1393 3145 praesens
1448 3060 1516 3150 in
1556 3058 1681 3123 XL
1727 3058 2284 3146 disputacionibus
2343 3057 2663 3145 arguebat
2703 3058 2806 3124 vel
2862 3060 3106 3124 tociens
3165 3058 3259 3124 ibi

391 3179 718 3245 praesens
759 3157 954 3223 fuerit
995 3169 1059 3224 et
1108 3157 1324 3226 locum
1378 3159 1696 3245 arguendi
1749 3158 1992 3225 habere
2045 3182 2174 3225 non
2229 3157 2455 3246 potuit.
2538 3157 2732 3239 Quod
2784 3182 2912 3226 non
2972 3158 3259 3225 extendi·

392 3259 545 3323 tur²
590 3257 679 3322 ad
707 3256 996 3324 volentes
1041 3259 1214 3323 infra
1252 3257 1523 3323 alterum
1565 3257 1902 3324 dimidium
1943 3282 2184 3323 annum
2226 3260 2471 3323 intrare
2507 3258 2900 3342 facultatem,
2941 3259 3058 3325 sed
3096 3259 3259 3324 tales

396 3359 468 3421 in
516 3358 931 3423 consciencia
974 3381 1092 3423 sua
1135 3358 1373 3441 dicant,
1433 3358 1606 3445 quod
1660 3361 1728 3423 in
1770 3358 2180 3427 medietatem
2225 3358 2764 3446 disputacionum,
2817 3369 2968 3424 ante
3010 3371 3263 3447 tempus

400 3459 508 3522 sui
554 3458 858 3522 introitus
901 3456 986 3521 ad
1029 3457 1402 3522 facultatem
1446 3458 1858 3540 currentium,
1903 3481 2024 3545 pro
2069 3478 2193 3545 quo
2235 3468 2611 3544 praesentes
2653 3468 2855 3540 erant,
2899 3457 3345 3544 arguebant25

401 3556 512 3621 vel
558 3560 808 3622 tociens
852 3557 946 3621 ibi
988 3568 1362 3644 praesentes
1404 3557 1662 3621 fuerant
1699 3567 1763 3621 et
1804 3556 2014 3623 locum
2063 3555 2379 3643 arguendi
2423 3555 2665 3622 habere
2703 3580 2835 3622 non
2875 3558 3219 3644 potuerint.

578 3695 637 3757 3.
694 3690 859 3754 Item
903 3690 1131 3755 eodem
1185 3689 1310 3773 die,
1365 3689 1527 3773 loco,
1580 3700 1654 3754 ut
1705 3710 1935 3776 supra,
1992 3688 2364 3755 conclusum
2414 3691 2536 3756 fuit
2586 3700 2649 3753 et
2703 3698 3038 3772 statutum,
3094 3689 3266 3778 quod

404 3789 626 3855 nullus
666 3788 1181 3855 baccalariorum
1226 3790 1471 3855 arcium
1514 3788 1894 3854 admittatur
1938 3788 2024 3853 ad
2063 3798 2459 3877 temptamen
2489 3787 3097 3875 magistrandorum,
3139 3791 3267 3855 nisi

406 3891 478 3953 in
526 3889 937 3955 consciencia
981 3912 1099 3957 sua
1141 3888 1334 3972 dicat,
1394 3888 1565 3976 quod
1606 3891 1675 3952 in
1716 3887 1919 3952 XXX
1959 3887 2517 3974 disputacionibus
2563 3887 2910 3954 ordinariis
2955 3911 3267 3975 praesens

406 3990 533 4054 fuit
590 3998 723 4053 tam
782 3988 910 4072 diu,
970 3989 1172 4054 donec
1228 3988 1313 4053 ad
1370 3990 1581 4053 minus
1640 3989 1924 4075 quinque
1977 3989 2273 4074 magistri
2329 3987 2714 4074 arguebant,
2773 3989 2829 4052 si
2889 3987 3115 4053 saltem
3170 3996 3350 4054 totso

409 4097 568 4153 sunt
606 4087 700 4153 ibi
741 4090 1038 4173 magistri
1083 4090 1457 4173 arguentes3
1517 4086 1691 4151 idem
1732 4086 2130 4173 intelligatur
2172 4086 2253 4152 de
2296 4087 2720 4171 studentibus,
2773 4086 3141 4153 volentibus
3182 4086 3266 4151 ad

410 4185 697 4273 gradum
738 4187 1217 4253 baccalariatus
1257 4188 1325 4251 in
1368 4185 1618 4252 artibus
1664 4188 2050 4273 promoveri.
2106 4185 2300 4266 Quod
2339 4210 2467 4253 non
2511 4185 2878 4252 extenditur
2923 4187 3008 4252 ad
3048 4185 3266 4252 volen-

411 4296 515 4351 tes
561 4286 687 4350 isto
732 4287 936 4351 anno³
978 4287 1367 4374 promoveri,
1426 4284 1541 4350 sed
1589 4284 1658 4349 in
1715 4288 2121 4352 consciencia
2176 4310 2294 4355 sua
2339 4286 2576 4370 dicant,
2628 4285 2800 4374 quod
2853 4285 3265 4352 medietatem

413 4383 966 4471 disputacionum,
1008 4396 1156 4450 ante
1183 4395 1437 4473 tempus
1480 4407 1636 4449 suae
1679 4387 2112 4472 promocionis
2148 4389 2557 4471 currentium,
2598 4409 2720 4474 pro
2746 4408 2869 4475 quo
2892 4394 3268 4474 praesentes

418 4494 631 4568 erant,
673 4507 803 4550 non
844 4484 1268 4571 neglexerint.
3281 4493 3349 4552 35

588 4593 649 4651 4.
690 4584 855 4649 Item
901 4583 1062 4650 nulli
1119 4583 1449 4672 sophistae
1493 4593 1876 4671 conputetur
1914 4588 2252 4674 responsio
2295 4586 2629 4652 ordinaria
2670 4584 2773 4649 vel
2818 4584 3268 4650 extraordina—

414 4687 541 4769 ria,
594 4686 723 4750 nisi
763 4695 897 4749 tam
948 4684 1060 4749 diu
1110 4692 1519 4770 permaneat,
1580 4683 1786 4749 donec
1841 4706 2064 4750 omnes
2109 4689 2405 4773 magistri
2447 4685 2811 4773 arguebant
2849 4694 2912 4749 et
2950 4707 3145 4748 unam
3191 4684 3271 4750 de

415 4785 630 4851 tribus
683 4780 1155 4871 principalibus
1210 4782 1744 4871 responsionibus
1786 4783 2088 4869 habebat,
2145 4787 2273 4851 nisi
2328 4809 2412 4852 ex
2467 4785 2838 4852 necessaria
2885 4805 3089 4857 causa⁴
3126 4806 3272 4849 eum

418 4887 605 4951 exire
653 4884 1009 4971 oportebat.

593 5122 617 5173 1
662 5118 746 5172 Ist
780 5116 870 5172 die
903 5133 1012 5170 von
1048 5115 1153 5169 mir
1187 5120 1433 5187 gesetzte
1467 5115 1888 5185 Interpunction
1928 5114 2175 5186 richtig?

592 5208 623 5259 2
665 5201 719 5256 D
771 5200 822 5256 b.
863 5200 956 5254 fiir
986 5200 1077 5255 die
1111 5198 1342 5255 niichste
1379 5200 1502 5255 Zeit
1538 5200 1641 5254 soll
1675 5202 1833 5271 jenes
1868 5199 2061 5256 Statut
2093 5199 2237 5255 noch
2270 5198 2427 5254 nicht
2464 5199 2522 5254 in
2555 5198 2724 5254 Kraft
2757 5204 2953 5256 treten.

592 5291 624 5343 3
666 5285 718 5340 D
772 5285 827 5341 h.

865 5286 941 5339 im
975 5284 1422 5357 gegenwartigen
1463 5284 1501 5339 J
1504 5283 1638 5340 ahre
1676 5285 1778 5341 soll
1814 5302 1872 5340 es
1908 5285 2052 5340 noch
2087 5283 2245 5342 nicht
2280 5303 2342 5342 so
2384 5283 2643 5358 gehalten
2681 5283 2913 5340 werden.

724 5244 735 5256 0

724 5328 736 5340 Ο
