4038 6358
1089 565 1262 620 Dritte
1294 565 1834 629 statutenredaetiom
1873 579 1978 617 von
2024 561 2397 620 unt—1490.
3042 565 3161 629 379

335 836 392 888 3.
440 833 807 888 DRrr'rE
852 831 1666 896 STATUTENREDAO‘HON,
1699 834 1840 888 AUS
1873 834 2028 886 DEM
2066 833 2301 886 JAHRE
2342 831 2514 896 1471s,
2549 832 2683 884 Mu·
2718 831 3019 904 ZQSATz-

1111 909 1617 973 BESGHLUSSEN
1651 918 1764 971 BIS
1801 919 1945 971 UMS
1987 918 2175 972 JAHR
2215 915 2387 970 1490.1

738 1063 886 1158 [Bl.
934 1067 1038 1158 3.]
1088 1066 1308 1136 Ordo
1351 1075 1858 1134 statutorum
1901 1065 2347 1134 facultatis
2388 1063 2719 1129 arcium.

840 1219 1062 1286 Primo
1213 1218 1330 1284 De
1345 1239 1490 1283 can
1505 1216 1798 1283 andum
1853 1218 1991 1284 sive
2036 1217 2425 1283 eleccionem
2464 1214 2694 1281 decani
2735 1214 2909 1279 novi.

843 1318 1140 1386 Secundo
1209 1317 1278 1384 D
1293 1339 1330 1382 e
1343 1338 1384 1382 c
1397 1340 1439 1382 a
1453 1339 1552 1382 nu
1566 1341 1631 1382 m
1675 1329 1740 1384 et
1782 1340 1948 1405 quae
1989 1315 2076 1382 ad
2114 1317 2322 1404 ipsius
2365 1323 2663 1402 spectant
2704 1313 3001 1378 officium.
3202 1317 3236 1374 5

844 1419 1079 1485 Tercio
1215 1416 1678 1503 Magistros
1758 1417 2135 1483 volentes
2216 1416 2460 1482 assumi
2538 1412 2639 1480 ad
2716 1409 3163 1478 consilium

1304 1515 1654 1583 facultatis,

846 1615 1096 1698 Quarto
1215 1615 1664 1702 Magistros
1706 1617 2059 1682 existentes
2103 1617 2187 1681 in
2230 1612 2586 1682 consilio
2628 1610 2978 1678 facultatis.

846 1716 1088 1799 Quinto
1219 1715 1670 1802 Magistros
1727 1738 1996 1782 omnes
2047 1713 2674 1795 indifferenter,
2726 1721 2861 1778 tam
2900 1732 3027 1798 quo
3071 1708 3157 1775 ad

1303 1813 1819 1903 disputacionem
1841 1815 2239 1882 ordinariam
2261 1824 2325 1882 et
2346 1810 2932 1880 extraordinariam
2958 1831 3153 1898 quam
3176 1817 3239 1874 10

1309 1937 1434 2000 quo
1480 1913 1565 1979 ad
1605 1913 1922 1983 lecciones
1967 1913 2277 2001 legendas
2314 1911 2638 1979 taxandas
2666 1920 2730 1977 et
2757 1910 3163 1978 honestatem

243 2062 392 2128 Stat
439 2071 522 2128 ta
1307 2014 1376 2080 in
1417 2014 1714 2081 omnibus
1757 2014 2167 2081 servandam.

391 2083 440 2126 u
567 2087 782 2152 quae
851 2113 1053 2182 Sexto
1217 2114 1290 2180 M
1305 2136 1346 2180 a
1360 2115 1440 2200 gi
1457 2138 1488 2180 s
1505 2123 1534 2178 t
1545 2135 1580 2179 r
1591 2137 1688 2181 an
1701 2112 1746 2180 d
1763 2136 1801 2180 o
1819 2137 1849 2178 s
1864 2163 1884 2197 ,
1959 2113 2209 2180 scilicet
2286 2132 2454 2199 quae
2520 2109 2751 2177 audire
2811 2119 2875 2174 et
2939 2109 3156 2174 facere

1313 2222 1612 2280 tenentur
1639 2223 1790 2280 ante
1819 2236 2091 2279 examen
2132 2221 2199 2278 et
2237 2219 2386 2299 post
2423 2231 2645 2276 eorum
2684 2208 3159 2276 admissionem.

847 2311 1142 2400 Septimo
1223 2311 1280 2378 B
1293 2333 1335 2378 a
1349 2335 1431 2379 cc
1443 2333 1485 2378 a
1498 2310 1652 2380 lari
1667 2335 1705 2380 o
1720 2337 1751 2379 s
1793 2315 2041 2380 arcium
2079 2319 2341 2380 nostrae
2370 2309 2813 2375 universitatis
2848 2316 2913 2374 et
2949 2307 3153 2374 aliun-
3180 2315 3240 2372 15

1306 2412 1391 2479 de
1430 2413 1818 2478 venientes.²

848 2510 1100 2578 Octavo
1221 2510 1265 2576 b
1279 2533 1320 2578 a
1337 2534 1376 2578 c
1390 2534 1427 2577 c
1441 2512 1518 2578 al
1533 2533 1618 2576 ar
1632 2512 1655 2576 i
1669 2535 1710 2576 a
1721 2535 1766 2576 n
1777 2510 1822 2577 d
1834 2533 1872 2577 o
1884 2535 1915 2577 s
1930 2561 1948 2594 ,
1993 2533 2161 2599 quae
2204 2519 2502 2579 tenentur
2544 2506 2773 2574 audire
2812 2517 2877 2574 et
2916 2510 3149 2575 iurare.

845 2611 1034 2678 Nono
1217 2609 1272 2674 P
1287 2632 1328 2674 a
1339 2633 1385 2676 u
1397 2633 1442 2698 p
1456 2632 1492 2675 e
1505 2633 1540 2675 r
1552 2631 1588 2675 e
1601 2633 1632 2676 s
1646 2659 1665 2692 ,
1709 2611 1821 2698 qui
1849 2608 2079 2676 volunt
2116 2619 2341 2697 petere
2380 2607 2821 2675 dimissionem
2855 2608 2961 2674 vel
3002 2607 3159 2674 dila·

1304 2712 1546 2777 tionem
1585 2709 1842 2776 bursae.

844 2811 1121 2876 Decimo
1214 2807 1820 2876 Promovendos
1875 2829 2149 2875 omnes
2198 2831 2329 2896 quo
2382 2807 2468 2874 ad
2518 2805 2651 2890 illa,
2704 2829 2873 2893 quae
2935 2805 3248 2872 audire20

1309 2917 1373 2974 et
1430 2908 1545 3074 :ibi
1609 2918 1786 2975 stare
1851 2903 2090 2973 debent
2149 2918 2213 2973 et
2274 2905 2595 2996 quomodo
2659 2904 2985 2994 complere
3047 2927 3166 2993 pro

1253 3027 1258 3034 ·
1309 3029 1432 3095 gra
1479 3032 1539 3075 u.

309 2165 722 2252 respiciunt

379 3204 734 3283 Ordoet
769 3209 1212 3278 distinctio
1257 3171 1684 3297 temporis,
1734 3211 1819 3275 in
1858 3232 2008 3298 quo
2052 3206 2399 3297 expedit
2435 3208 2722 3293 legere
2774 3214 3096 3271 statuta

311 3304 541 3371 iuxta
591 3310 1217 3398 praescriptam
1258 3308 1873 3375 ordinacionem
1923 3330 2097 3375 cum
2139 3308 2716 3395 assignaoione
2757 3305 3163 3372 foliorum.

391 3470 614 3540 Primo
676 3475 893 3564 posita
953 3475 1310 3563 respiciunt
1377 3475 1826 3545 decanandum
1895 3484 1959 3541 et
2017 3474 2150 3562 legi
2216 3472 2455 3541 debent
2492 3496 2611 3562 per
2655 3472 2969 3539 decanum
3010 3483 3163 3538 tem·
3181 3479 3249 3537 25

469 3594 635 3661 pore
680 3575 1020 3642 eleccionis
1063 3577 1218 3643 novi
1260 3575 1509 3660 decani,
1550 3573 1703 3642 folio
1743 3575 1953 3663 primo
1997 3580 2065 3655 (3
2080 3572 2137 3651 b)
2150 3576 2195 3641 ³.

361 3674 396 3735 2
411 3670 436 3711 ⁰
474 3674 713 3758 posita,
773 3674 1088 3741 decanum
1138 3676 1566 3763 respicienoia
1579 3724 1598 3759 ,
1652 3684 1904 3742 tenetur
1958 3674 2232 3761 quilibet
2272 3673 2557 3741 decanus
2598 3674 2767 3741 scire
2807 3681 2873 3738 et
2923 3694 3040 3760 per
3096 3693 3166 3737 se

471 3770 692 3858 legere
734 3776 984 3841 ratione
1026 3774 1242 3859 officii,
1281 3773 1386 3842 fol.
1431 3780 1470 3843 2
1491 3776 1518 3817 ⁰
1557 3778 1627 3860 (4
1637 3774 1714 3861 ¹⁸).

364 3873 398 3935 3
415 3870 442 3911 ⁰
477 3874 694 3959 posita
741 3875 1091 3962 magistros
1146 3874 1234 3941 ad
1292 3875 1632 3942 consilium
1697 3873 2119 3943 assumendos
2176 3874 2541 3961 tangencia,
2603 3882 2667 3940 et
2730 3871 2969 3939 debent
3028 3870 3161 3959 legi

472 3979 765 4063 tempore
810 3976 1277 4063 assumptionis
1322 3996 1543 4043 eorum
1590 3973 1676 4042 ad
1717 3972 2055 4043 consilium
2098 3973 2447 4057 facultatis,
2484 3972 2637 4041 folio
2679 3978 2718 4042 3
2737 3972 2763 4015 ⁰
2806 3969 2873 4061 (5
2887 3970 2969 4061 ιθ).
3174 3978 3243 4037 30

367 4072 402 4133 4
417 4068 442 4109 ⁰
477 4074 905 4161 respiciencia
942 4076 1290 4162 magistros
1328 4076 1397 4141 in
1437 4074 1702 4143 consilio
1745 4076 2119 4159 existentes,
2159 4086 2225 4140 et
2264 4072 2504 4139 debent
2544 4071 2629 4139 ab
2671 4073 2837 4159 ipsis
2877 4071 3051 4166 sciri,
3086 4079 3161 4137 ut

479 4172 826 4240 secundum
870 4194 950 4240 ea
989 4174 1252 4259 faciant,
1296 4174 1405 4241 fol.
1449 4180 1488 4245 3
1506 4176 1536 4217 ⁰
1575 4176 1723 4255 (5¹³).

490 4410 506 4459 l
545 4406 626 4462 Im
661 4405 914 4479 original
950 4406 1213 4465 erhalten.
1280 4407 1409 4480 Vgl.
1443 4405 1718 4464 UrkundL
1755 4404 2004 4475 Quellen,
2050 4404 2109 4461 S.
2145 4408 2243 4463 830
2277 4403 2355 4477 fg.
2424 4402 2704 4460 Drobisch
2736 4402 2838 4459 hat
2887 4403 2971 4459 als
3014 4402 3175 4459 Zeit·‘

339 4502 564 4560 grenzen,
606 4488 897 4547 iunci-halb
933 4492 1167 4548 welcher
1200 4491 1320 4549 ihre
1352 4490 1679 4563 Abfassung
1715 4489 1855 4561 faut,
1903 4489 1993 4546 die
2028 4488 2067 4545 J
2070 4487 2205 4545 ahre
2247 4494 2373 4547 1467
2410 4488 2526 4544 und
2568 4492 2694 4544 1472
2746 4486 3161 4559 nachgewiesen

343 4566 394 4623 'm
419 4571 514 4628 den
540 4592 715 4632 neuen
749 4576 1049 4649 Beitriigen
1083 4576 1138 4633 S.
1177 4580 1259 4633 81.
1311 4579 1424 4633 Am
1455 4572 2037 4631 wahrscheinliehsten
2070 4574 2145 4630 ist
2175 4574 2277 4631 das
2308 4573 2580 4631 Semester
2617 4578 2803 4643 147112,
2847 4588 2931 4626 wo
2962 4571 3161 4627 Iohan-

345 4668 424 4707 noe
451 4655 864 4732 Hertembexger
907 4660 980 4716 de
1027 4660 1280 4734 Elbogen
1315 4662 1512 4717 Decan
1545 4677 1673 4716 war.
1731 4659 1861 4732 Vgl.
1905 4664 2080 4715 unten
2134 4658 2225 4715 die
2270 4660 2436 4715 Anm.
2482 4675 2553 4713 zu
2588 4657 2658 4727 V,
2690 4663 2773 4715 23.
2834 4656 3160 4729 Antiquiert

347 4733 447 4793 siud
483 4740 620 4799 disse
657 4742 914 4801 Statuten
948 4744 1025 4800 im
1058 4744 1236 4801 Jahre
1272 4751 1412 4804 1499.
1466 4744 1597 4817 Vgl.
1635 4743 1910 4801 Urkundl.
1948 4743 2183 4809 Quellen
2233 4743 2288 4800 S.
2328 4748 2441 4800 835.
2510 4740 2620 4799 Die
2664 4740 3020 4813 Bezifferung
3063 4741 3163 4797 der

346 4816 706 4898 Parngraphen
736 4826 811 4883 ist
835 4845 941 4883 von
975 4828 1094 4899 mir,
1136 4830 1228 4885 die
1263 4828 1674 4901 Abtheilungen
1707 4828 1844 4884 aber
1877 4828 2002 4883 sind
2036 4825 2123 4883 bis
2156 4828 2211 4885 V
2244 4845 2334 4883 am
2365 4826 2559 4883 Raude
2592 4825 2813 4899 gethIt
2836 4827 3042 4898 primo,
3076 4827 3160 4900 2⁰,

347 4906 412 4961 ³⁰.
446 4907 558 4966 Von
587 4913 640 4970 V
665 4929 738 4967 an
772 4911 900 4967 hort
930 4911 1052 4969 ihre
1083 4912 1435 4985 Bezifferung
1471 4913 1584 4969 auf.
1639 4912 1916 4968 Zuweilen
1948 4910 2137 4968 finden
2170 4912 2289 4967 sich
2324 4911 2468 4969 auch
2504 4908 2827 4983 zahlungen
2862 4910 2962 4967 der
2993 4910 3161 4966 Para-

353 4990 572 5063 mphen,
611 4995 758 5054 doeh
794 5014 901 5053 nur
933 4997 1108 5055 selten
1143 4998 1246 5054 mit
1276 4999 1376 5054 der
1401 4998 1679 5071 meinigen
1721 4996 2258 5053 iibereinstimmend.

489 5082 516 5133 2
545 5079 916 5139 Geschrieben
949 5081 1096 5138 steht
1127 5083 1475 5139 veniam-tim.

355 5237 452 5295 dh!
489 5163 517 5215 3
545 5162 652 5221 Die
685 5164 744 5220 in
777 5164 1102 5223 Klammern
1139 5166 1565 5241 geschlossenen
1609 5161 1817 5222 Ziffem
1854 5163 2151 5221 verweisen
2187 5161 2295 5219 auf
2322 5161 2411 5220 die
2445 5180 2555 5221 von
2590 5163 2695 5219 mir
2725 5162 2973 5237 befolgte
2991 5162 3169 5220 Blatt-
