4038 6358
1326 637 1431 689 Dio
1466 637 1709 690 &amen
1738 652 1865 689 vom
1901 639 2069 691 Jahn
2106 637 2253 691 1628.
3101 638 3225 703 287

333 824 586 900 gaeum
629 824 697 882 et
736 815 1053 882 mundum
1098 818 1479 882 conservari
1523 828 1797 905 oportet,
1849 818 1971 885 sub
2014 840 2231 905 poena
2268 819 2459 884 unius
2499 816 2888 882 ioachimici.
2957 815 3227 882 Minime

334 915 557 982 etiam
601 915 795 981 decet
833 925 898 980 et
939 937 1057 1001 per
1101 937 1177 980 se,
1213 915 1621 982 intolerabile
1667 927 1785 1000 est,
1841 929 1915 984 ut
1957 919 2101 1004 quis
2142 919 2394 983 urinam
2447 926 2561 982 aut
2611 924 2860 980 stercus
2916 937 3001 998 ex
3042 915 3224 982 habi-

336 1014 606 1079 tatione
647 1016 719 1079 in
760 1013 1018 1080 hortum
1059 1024 1177 1080 aut
1214 1035 1439 1080 aream
1481 1014 1737 1101 collegii
1779 1017 2079 1082 omnibus
2123 1017 2546 1102 conspicuam
2584 1012 2887 1080 effundat.
2937 1014 3224 1080 Proinde

338 1107 489 1204 [25]
537 1115 741 1190 etiam
781 1112 891 1177 hic
935 1134 1057 1199 pro
1098 1112 1359 1200 collegii
1413 1113 1730 1200 dignitate
1789 1128 1852 1179 et
1910 1115 2372 1203 inquilinorum
2420 1111 2861 1180 incolumitate
2917 1111 3226 1178 decorum

338 1210 827 1293 observabunt,
883 1221 1200 1298 quotquot
1242 1212 1504 1278 student
1554 1211 1876 1280 honestati
1933 1223 1997 1279 et
2051 1213 2420 1279 mundiciei.
2507 1211 2707 1278 Secus
2765 1210 3011 1275 faciens
3067 1233 3221 1299 qua-
3273 1221 3309 1275 5

338 1309 614 1376 drantis
658 1309 1031 1376 ioachimici
1078 1310 1386 1377 mulctam
1425 1311 1560 1377 luet
1596 1313 1811 1395 toties,
1869 1315 2123 1400 quoties
2168 1310 2528 1396 deliquerit,
2583 1319 2776 1395 atque
2816 1313 2887 1374 in
2927 1308 3028 1374 his
3072 1331 3224 1374 cun-

341 1410 481 1476 ctis
536 1408 931 1476 famulorum
983 1407 1221 1483 delicta
1276 1410 1574 1478 dominos
1628 1412 1799 1478 scire
1830 1411 2148 1477 ’volumus
2203 1411 2399 1498 ipsis,
2456 1431 2729 1496 quorum
2778 1407 3003 1473 famuli
3057 1417 3225 1492 sunt,

328 1507 603 1575 luenda
644 1529 804 1574 esse.

1292 1643 1387 1692 DE
1427 1643 1521 1710 vl,
1560 1644 1807 1692 numo
1850 1644 1943 1692 ΕΤ
1983 1642 2286 1691 nunnus.

1548 1761 1888 1811 Statutum
1926 1761 2060 1812 vll.
3249 1767 3311 1822 10
3379 1837 3388 1846 ο

527 1869 698 1936 Cum
751 1873 1144 1936 universitas
1200 1881 1426 1938 nostra
1472 1871 1599 1962 [26]
1641 1872 2094 1940 laudatissima
2150 1876 2378 1960 cuique
2433 1871 2706 1958 collegio
2766 1892 2951 1936 suam
3006 1872 3075 1935 in
3130 1872 3226 1936 in-

350 1967 647 2055 quilinos
690 1969 1205 2036 iurisdictionem
1243 1969 1538 2055 liberam,
1584 1972 1646 2037 h.
1683 1995 1740 2037 e.
1779 1975 2104 2058 integrum
2146 1975 2246 2037 ius
2278 1969 2650 2035 vindicandi
2695 1970 2970 2034 iniurias
3012 1968 3229 2034 dome·

320 2056 585 2152 ‘sticas,
630 2067 714 2133 ab
756 2069 1023 2156 a'ntiquo
1053 2063 1405 2157 reliquerit,
1452 2072 1507 2135 si
1550 2073 1734 2158 prius
1776 2070 1858 2135 ab
1904 2071 2281 2136 academiae
2321 2079 2571 2134 rectore
2610 2090 2740 2132 non
2781 2069 3010 2134 fuisset
3052 2079 3228 2134 ante-

350 2188 650 2251 versum,
710 2189 832 2254 par
876 2176 992 2250 est,
1040 2178 1110 2233 ut
1149 2168 1251 2233 ius
1293 2178 1602 2252 nostrum,
1658 2171 1824 2234 sicut
1879 2170 2225 2257 quondam,
2267 2170 2375 2233 ‘ita
2426 2189 2598 2232 nunc
2650 2189 2904 2255 quoque
2961 2187 3228 2255 usurpe-

348 2287 527 2329 muS.
612 2264 910 2331 Verbera
973 2267 1192 2354 itaque
1255 2267 1323 2332 in
1388 2267 1659 2354 collegio
1722 2263 2022 2356 cuiquam
2090 2270 2457 2358 impingens
2521 2265 2626 2331 vel
2694 2267 2922 2353 quavis
2986 2268 3227 2333 iniuria
3249 2275 3311 2330 15

355 2362 657 2429 efficiens
700 2365 872 2451 parti
912 2364 1133 2430 laesae
1177 2367 1535 2432 satisfaciat
1578 2376 1641 2431 et
1683 2391 1960 2455 poenam
1990 2371 2177 2433 iuxta
2213 2366 2468 2453 collegii
2501 2364 2832 2432 decretum
2875 2365 3224 2452 persolvat,

354 2461 442 2527 de
499 2459 878 2549 iniu[27]ria
920 2463 1173 2528 verbali
1219 2463 1621 2554 imperialem
1672 2490 1900 2551 unum3
1965 2469 2021 2532 si
2080 2477 2274 2533 atrox
2324 2464 2674 2531 verborum
2715 2465 2956 2529 iniuria
3009 2465 3225 2547 fuerit,

355 2559 733 2648 duplicetur
785 2560 891 2626 vel
950 2563 1148 2627 etiam
1202 2563 1560 2650 triplicetur
1615 2564 1889 2650 mulcta3
1973 2566 2056 2632 de
2121 2565 2536 2653 percussione
2591 2564 2729 2627 sine
2783 2565 3226 2629 cruentatione

357 2658 528 2726 duos
584 2660 991 2747 imperiales3
1049 2662 1104 2725 si
1152 2665 1590 2729 cruentaverit
1652 2663 1788 2730 sine
1830 2665 2116 2748 vulnere,
2172 2673 2304 2728 tres
2360 2660 2762 2748 imperiales3
2818 2662 2873 2725 si
2927 2660 3224 2726 vulnera-

357 2759 555 2843 verit,
596 2759 878 2847 quinque
919 2757 1320 2847 imperiales3
1379 2763 1436 2827 si
1492 2762 1905 2845 mutilaverit,
1967 2759 2622 2848 decem-imperiales.
2703 2758 2953 2841 Quodsi
2994 2759 3311 2827 horumzo

360 2858 716 2944 quicquam
759 2860 828 2922 in
884 2870 1247 2924 curatorem
1304 2857 1559 2926 illiusve
1605 2862 1971 2927 ministrum
2013 2862 2118 2927 vel
2166 2859 2365 2925 alium
2419 2861 2613 2923 etiam
2672 2856 2987 2943 collegam
3038 2857 3227 2924 huius

361 2954 627 3043 collegii
685 2959 827 3045 quis
888 2959 1299 3041 commiserit,
1354 2982 1475 3047 pro
1533 2962 1779 3027 iniuria
1824 2960 2095 3043 verbali,
2141 2956 2268 3047 [28]
2314 2959 2442 3023 nisi
2501 2967 2691 3022 atrox
2736 2957 2949 3039 fuerit,
3004 2955 3228 3022 decem

358 3053 771 3142 imperiales,
833 3058 889 3122 si
940 3057 1217 3122 verbera
1276 3059 1623 3146 impegerit
1681 3067 1818 3125 sine
1878 3061 2322 3124 cruentatione
2377 3067 2441 3122 et
2496 3055 2900 3138 vulneribus,
2958 3056 3230 3141 triginta

364 3154 745 3241 imperiales
789 3154 1039 3224 solvito.
1102 3155 1209 3223 De
1249 3156 1624 3225 vulneribus
1669 3182 1824 3224 vero
1864 3155 2416 3223 et‘cruentatione
2458 3177 2672 3244 poena
2711 3153 3034 3241 condigna
3081 3176 3229 3220 con-

367 3256 678 3319 stituetur
739 3258 1057 3322 sententia
1117 3255 1397 3343 collegii.
1482 3257 1571 3322 Et
1628 3259 1871 3345 poterit
1929 3255 2269 3342 collegium
2328 3257 2394 3319 in
2455 3255 2568 3320 his
2616 3254 2915 3320 omnibus
2972 3253 3309 3319 delictis25

366 3355 576 3418 etiam
620 3355 898 3420 maiores
955 3376 1203 3442 poenas
1246 3354 1463 3420 dicere
1494 3378 1627 3444 pro
1670 3377 2093 3444 personarum
2139 3365 2202 3420 et
2244 3354 2461 3420 delicti
2509 3354 2838 3442 qualitate.
2917 3351 3226 3419 Gladium

364 3453 481 3540 qui
537 3453 874 3518 strinxerit
925 3455 996 3518 in
1047 3452 1306 3540 collegii
1358 3463 1550 3540 parte
1605 3454 1894 3543 qualibet
1947 3464 2060 3519 aut
2108 3453 2303 3519 telum
2359 3453 2787 3541 quodcunque
2840 3452 3223 3539 expedierit,

368 3547 810 3639 quam[29]vis
851 3575 980 3618 non
1033 3553 1447 3639 percusserit,
1499 3553 1707 3637 icerit,
1759 3554 2065 3637 emiserit,
2117 3553 2405 3640 gladium
2462 3562 2574 3618 aut
2614 3549 3040 3617 bombardam
3092 3558 3223 3615 tra-

367 3650 508 3716 dito
554 3660 619 3716 et
659 3650 1118 3716 ioachimicum
1158 3673 1356 3716 unum
1403 3650 1657 3717 solvito.

783 3835 878 3882 DE
918 3834 1332 3883 HONESTATE
1376 3833 1739 3883 SERVANDA
1777 3835 1870 3882 ET
1911 3834 2269 3884 FUGIENDA
2312 3832 2806 3882 TURPITUDINE.
3241 3827 3312 3887 ³0

1516 3970 1867 4021 Statutum
1913 3970 2087 4020 vlu.

537 4083 645 4149 Ad
699 4080 1119 4168 collegiorum
1174 4081 1575 4148 honestatem
1632 4084 2143 4149 conservandam
2192 4072 2591 4170 magnopere
2641 4082 2870 4168 refert,
2925 4107 2967 4150 a
3023 4087 3226 4152 sacris
3308 4082 3319 4093 ’

372 4181 715 4249 Musarum
779 4179 1054 4247 aedibus
1110 4203 1380 4269 prorsus
1444 4183 1655 4248 arceri
1717 4205 1940 4249 omnes
2002 4183 2277 4249 infames
2343 4193 2408 4248 et
2472 4192 2814 4272 suspectae
2874 4184 3229 4272 pudicitiae

370 4276 837 4369 mu[30]lieres.
898 4280 1200 4367 Ideoque,
1240 4302 1324 4346 ne
1353 4281 1436 4344 ·in
1476 4282 1642 4368 ipsis
1684 4281 2128 4348 doctrinarum
2171 4281 2441 4348 aedibus
2485 4282 2606 4349 deo
2647 4285 3062 4367 consecratis,
3112 4281 3228 4349 ubi

369 4382 581 4447 omnis
629 4381 922 4465 virtutis,
985 4379 1343 4445 honestatis
1400 4388 1466 4444 et
1524 4379 1916 4447 christianae
1975 4383 2235 4468 pietatis
2289 4382 2607 4448 institutio
2663 4403 2794 4448 non
2853 4381 3060 4449 solum
3114 4404 3226 4447 ore
3243 4390 3311 4448 35

369 4479 565 4563 tradi,
620 4477 747 4544 sed·
781 4480 927 4566 ipso
970 4501 1225 4567 quoque
1278 4480 1451 4544 facto
1494 4482 1788 4545 exerceri
1832 4479 2055 4564 debet,
2117 4479 2396 4546 dedecus
2449 4480 2713 4569 aliquod
2769 4482 3226 4565 committatur,

368 4578 685 4661 volumus,
739 4600 961 4645 omnes
1002 4579 1193 4644 huius
1235 4577 1492 4664 collegii
1534 4578 1881 4666 inquilinos
1933 4580 2199 4667 pietatis
2256 4577 2740 4667 honestatisque
2777 4603 3093 4649 memores
3137 4580 3221 4647 ab

368 4678 495 4744 hoc
537 4676 910 4745 detestabili
951 4677 1239 4744 facinore
1284 4680 1543 4745 omnino
1599 4677 1942 4744 abstinere.
2030 4678 2103 4744 Si
2160 4679 2380 4765 itaque
2438 4688 2840 4765 compertum
2891 4679 3107 4763 fuerit,
3159 4679 3228 4743 in

370 4776 636 4866 aliquod
681 4771 809 4863 [31]
857 4776 1165 4843 conclave
1216 4778 1691 4844 habitationum
1744 4775 1975 4843 harum
2024 4776 2281 4842 aedium
2323 4777 2759 4844 introductam
2812 4800 2955 4844 esse
3006 4778 3228 4844 mulie—

369 4900 508 4943 rem
550 4885 891 4962 suspectae
932 4876 1287 4965 pudicitiae
1332 4879 1472 4943 sive
1523 4877 1593 4942 in
1647 4875 1781 4941 ulla
1834 4884 2023 4963 parte
2077 4876 2334 4942 aedium
2390 4899 2538 4942 cum
2590 4877 2910 4944 eiusmodi
2960 4876 3228 4943 muliere
3245 4886 3314 4943 4⁰

371 4975 769 5043 collocutum.
801 4985 1215 5042 versatumve
1269 4977 1638 5064 quempiam
1698 4998 1859 5058 esse,
1916 4975 2192 5060 denique
2249 4974 2677 5062 quodcunque
2728 4977 2919 5042 huius
2971 4977 3231 5062 generis

372 5076 692 5162 flagitium
751 5075 948 5140 fuerit
1005 5074 1507 5162 deprehensum,
1563 5073 1647 5141 ob
1698 5073 1769 5140 id
1792 5097 1801 5107 ·
1826 5076 1894 5139 in
1944 5074 2267 5140 indicatos
2323 5076 2783 5162 convictosque
2836 5084 3082 5142 statuta
3134 5083 3233 5140 est

371 5174 613 5240 mulcta
669 5173 1067 5240 thalerorum
1130 5176 1532 5261 integrorum
1595 5182 1900 5260 quatuor3
1967 5172 2203 5261 quodsi
2266 5195 2425 5239 vero
2491 5173 2573 5238 de
2635 5184 2821 5241 nocte
2882 5173 3013 5241 tale
3077 5172 3234 5260 quid

374 5275 808 5357 commissum,
864 5272 1260 5340 thalerorum
1319 5273 1578 5359 decem;
1634 5274 1691 5338 si
1733 5274 1966 5339 iterum
2010 5273 2293 5339 dedecus
2333 5272 2509 5339 istud
2553 5272 2952 5360 admittatur,
2996 5268 3127 5363 [32]
3172 5281 3236 5341 et
