4038 6358
841 666 961 734 596
1861 660 1961 713 Die
1999 658 2373 713 medicinische
2408 660 2662 714 Facultfit.

840 848 1073 932 gister‚
1118 866 1234 932 per
1288 846 1636 910 triennium
1669 848 1686 887 ¹
1734 845 2029 910 doctores
2070 844 2359 910 eiusdem
2401 845 2728 911 facultatis
2775 844 3121 932 diligenter
3164 844 3516 912 audivisse.
3602 844 3695 909 Et

842 968 960 1032 per
1002 944 1367 1011 huiusmodi
1409 953 1663 1031 tempus
1717 942 1960 1009 biennii
1980 942 2006 986 ²
2065 945 2259 1010 debet
2300 946 2506 1010 eciam
2548 967 2693 1009 cum
2737 944 2952 1031 aliquo
2995 967 3216 1013 eorum
3257 945 3366 1011 vel
3409 944 3689 1010 aliorum

840 1045 1172 1112 doctorum
1202 1046 1556 1132 practicam
1587 1047 1653 1108 in
1683 1043 2021 1109 medicinis
2065 1043 2408 1131 diligenter
2451 1044 2714 1109 adiisse.
2788 1044 2981 1125 Quod
3019 1056 3422 1133 postremum
3462 1047 3518 1109 si
3556 1067 3692 1109 non

841 1143 1293 1231 adimpleverit
1335 1141 1520 1229 (quia
1563 1143 1834 1209 comode
1874 1142 2091 1209 facere
2133 1145 2418 1230 nequit),
2459 1143 2734 1234 facultas
2778 1166 2995 1209 secum
3046 1143 3396 1231 dispenset.

754 1335 786 1390 5
1010 1334 1102 1393 14.
1160 1341 1827 1392 BACCALAURIANDUS
1883 1344 2211 1392 TEMPORE
2267 1342 2600 1393 ExAmms
2656 1344 2968 1393 SOLVERE
3015 1344 3343 1394 TENETUR
3388 1344 3521 1393 SEX

1875 1442 2242 1492 FLORENOS
2283 1444 2652 1493 RENENSES.

1010 1556 1132 1647 [Bl.
1158 1558 1260 1645 5⁸]
1308 1558 1601 1640 Quilibet
1623 1558 2208 1624 baccalauriandus
2247 1571 2509 1626 nostrae
2550 1558 2898 1642 facultatis,
2938 1582 3054 1647 per
3099 1560 3396 1626 doctores
3440 1562 3510 1625 in
3556 1583 3688 1625 me-

841 1657 1072 1723 dicinis
1115 1658 1200 1723 ad
1244 1660 1609 1745 rigorosum
1664 1680 1936 1723 examen
1997 1658 2319 1725 admissus
2376 1670 2439 1725 et
2492 1660 2933 1742 examinatus,
2979 1669 3327 1749 antequam
3386 1659 3513 1724 sibi
3566 1682 3690 1746 per

840 1757 1098 1823 eosdem
1146 1757 1440 1824 doctores
1484 1760 1962 1824 examinatores
2002 1758 2196 1823 finale
2239 1781 2625 1847 responsum
2665 1758 2747 1823 de
2788 1761 2926 1823 eius
2969 1757 3367 1824 admissione
3411 1758 3688 1842 dicatur,

759 1866 823 1921 10
841 1856 1093 1922 solvere
1135 1868 1386 1923 tenetur
1425 1857 1687 1922 realiter
1730 1868 1793 1923 et
1834 1880 1980 1922 cum
2039 1858 2273 1924 effectu
2330 1882 2447 1923 sex
2500 1857 2779 1924 florenos
2836 1879 3140 1923 renenses
3184 1880 3305 1944 pro
3357 1856 3586 1924 labore
3630 1870 3693 1923 et

840 1958 1082 2023 honore
1110 1956 1474 2023 eorundem.
1538 1956 1627 2021 Et
1653 1956 1845 2022 debet
1878 1952 1998 2021 sub
2038 1957 2263 2023 eodem
2306 1960 2604 2024 examine
2642 1980 2763 2045 pro
2809 1956 3050 2023 solacio
3094 1956 3444 2043 disponere
3490 1981 3689 2022 unum

849 2057 1228 2122 cantharum
1286 2057 1423 2121 vini
1489 2056 1695 2121 dulcis
1754 2068 1817 2121 et
1878 2056 2040 2122 duos
2104 2057 2451 2125 cantharos
2515 2059 2868 2123 cerevisiae
2935 2056 3289 2121 secundum
3350 2060 3691 2145 optionem

843 2156 1178 2223 doctorum
1223 2179 1367 2223 cum
1418 2179 1545 2222 uno
1592 2154 1833 2222 talento
1885 2157 2177 2223 confecti.

924 2330 1015 2391 15.
1072 2319 1737 2389 BAOCALAuRmnnus
1786 2340 2113 2388 TEMPORE
2173 2339 2347 2388 SUAE
2406 2339 2878 2389 Pnouomoms
2930 2341 3143 2388 nAm'r
3189 2341 3609 2392 raouo‘rom

758 2438 819 2493 15
1887 2439 2220 2501 cunnos
2261 2438 2643 2488 FLORENOS.

1004 2558 1294 2640 Quilibet
1334 2555 1920 2623 baccalauriandus
1963 2567 2254 2644 tempore
2297 2578 2450 2620 suae
2493 2557 2928 2641 promocionis
2972 2565 3223 2621 tenetur
3267 2557 3524 2622 solvere
3571 2580 3692 2621 suo

833 2661 1188 2747 promotori
1231 2669 1508 2744 quatuor
1548 2655 1828 2721 florenos
1870 2655 2098 2721 eodem
2140 2655 2246 2720 vel
2289 2666 2596 2743 sequente
2637 2653 2743 2718 die
2784 2664 2933 2741 post
2976 2654 3380 2721 huiusmodi³
3426 2679 3686 2744 promo-

836 2761 1085 2825 cionem
1142 2756 1463 2840 habitam,
1517 2757 1646 2820 nisi
1704 2779 1815 2821 eos
1869 2757 1936 2820 in
1996 2765 2131 2821 toto
2187 2754 2291 2819 vel
2347 2756 2413 2818 in
2478 2764 2665 2839 parte
2732 2755 2873 2840 ipse
2938 2766 3271 2840 promotor
3346 2757 3682 2822 remittere

839 2859 1027 2941 velit3
1081 2857 1258 2942 quod
1302 2854 1501 2921 stabit
1541 2858 1610 2919 in
1650 2856 1981 2921 voluntate
2028 2877 2141 2919 seu
2188 2853 2461 2919 arbitrio
2501 2853 2805 2920 eiusdem.

751 2966 821 3024 20
1007 2955 1298 3039 Quilibet
1334 2954 1919 3020 baccalauriandus
1964 2957 2031 3019 in
2073 2952 2411 3019 medicinis
2454 2954 2523 3017 in
2567 2964 2714 3018 actu
2758 2976 2912 3018 suae
2958 2956 3393 3041 promocionis
3438 2966 3690 3018 tenetur

835 3058 1088 3125 solvere
1126 3054 1385 3121 famulis
1427 3055 1869 3120 universitatis
1915 3076 2115 3119 unum
2157 3054 2471 3119 florenum
2520 3055 2911 3118 renensem:¹

1233 3246 1329 3307 16.
1395 3254 1738 3304 PEOCUNIA
1781 3254 1958 3303 FISCI
2001 3255 2136 3302 PER
2181 3253 2862 3302 BACCALAURPANDUM
2906 3254 3292 3303 SOLVENDA.

1005 3373 1293 3455 Quilibet
1332 3369 1947 3453 baccalauriandus,
1993 3379 2142 3456 post
2185 3391 2457 3436 examen
2499 3372 2568 3435 in
2610 3368 3092 3434 baccalaurium
3135 3369 3501 3434 medicinae
3539 3391 3687 3455 pro·

835 3477 1112 3556 motuS,⁵
1166 3482 1421 3539 tenetur
1473 3472 1645 3538 infra
1697 3468 2133 3557 quindenam⁶
2176 3469 2427 3534 solvere
2482 3469 2644 3534 duos
2700 3467 3013 3534 florenos⁷
3058 3491 3365 3533 renenses
3408 3471 3475 3533 in
3522 3491 3686 3535 auro

750 3584 816 3642 25
837 3596 955 3661 pro
998 3572 1154 3639 fisco
1196 3573 1545 3639 facultatis.

921 3748 1012 3806 17.
1079 3757 1261 3818 QUAE
1308 3754 1634 3803 TENETUR
1676 3754 1930 3802 mRARE
1976 3751 2643 3801 BAOCALAURIANDUS
2699 3752 3075 3800 immensu:
3119 3752 3191 3799 m
3233 3753 3600 3800 APPARATU

1904 3852 2078 3900 SUAE
2121 3851 2610 3899 Pnouocloms

999 3971 1287 4053 Quilibet
1338 3966 1925 4035 baccalauriandus
1980 3968 2047 4031 in
2105 3966 2443 4032 medicinis
2500 3957 2568 4029 in
2625 3975 2951 4054 apparatu
3011 3963 3074 4054 [5
3090 3964 3140 4053 ¹²]
3202 3990 3361 4031 suae
3422 3990 3683 4055 promo·

836 4073 1039 4136 cionis
1082 4070 1405 4136 tenebitur
1446 4072 1694 4150 iurare,
1740 4065 1912 4155 quod
1953 4065 2111 4130 velit
2151 4088 2541 4152 procurare,
2588 4075 2898 4152 quantum
2941 4068 3008 4131 in
3049 4089 3123 4132 eo
3170 4068 3401 4149 fuerit,
3442 4067 3683 4131 bonum

747 4182 816 4237 30
835 4175 1024 4236 istius
1070 4170 1395 4235 facultatis
1415 4218 1432 4250 ,
1479 4168 1564 4232 ad
1608 4188 2051 4254 quemcunque
2103 4175 2339 4230 statum
2385 4165 2749 4247 devenerit,
2794 4175 2858 4229 et
2901 4164 3073 4253 quod
3116 4165 3359 4231 dictum
3403 4165 3681 4252 gradum

835 4274 904 4335 in
947 4270 1125 4336 nulla
1169 4270 1300 4335 alia
1334 4267 1755 4334 universitate
1796 4277 2101 4330 resumat.
2187 4263 2275 4328 Et
2320 4263 2686 4329 huiusmodi
2732 4266 3163 4342 iuramentum
3217 4266 3284 4330 in
3330 4277 3479 4331 actu
3524 4290 3682 4331 suae

830 4372 1268 4458 promocionis
1315 4366 1684 4433 solemniter
1728 4387 1844 4451 per
1887 4386 2086 4428 unum
2131 4386 2213 4427 ex
2256 4362 2514 4428 famulis
2553 4358 2998 4429 universitatis
3041 4363 3504 4450 publicabitur.

1004 4594 1023 4643 1
1065 4586 1173 4641 Die
1209 4584 1406 4639 Worte
1441 4581 1728 4648 biennium,
1760 4580 1816 4633 si
1841 4596 1953 4633 non
1986 4579 2264 4648 magliam,
2287 4596 2396 4649 per
2430 4579 2719 4634 tamem
2753 4578 2878 4634 sind
2911 4582 3105 4649 spater
3132 4578 3336 4651 getilgt
3370 4582 3483 4636 und
3516 4580 3681 4636 dafiir

831 4674 905 4729 ist
940 4669 1299 4745 geschrieben
1338 4666 1642 4720 triennium.

999 4764 1028 4809 2
1072 4754 1281 4809 biennii
1313 4752 1387 4806 ist
1422 4753 1607 4820 spater
1639 4747 1854 4818 getilgt.
1926 4744 2192 4801 Offenbar
2236 4744 2457 4817 haugen
2498 4746 2647 4801 diese
2691 4743 3054 4802 Correcturen
3104 4746 3205 4800 mit
3247 4747 3374 4802 dem
3414 4755 3543 4806 15⁰9
3585 4767 3677 4821 ge-

827 4842 1035 4897 fassten
1072 4836 1400 4893 Beschlusse
1433 4850 1776 4901 zusammen,
1806 4831 1934 4886 dass
1971 4831 2157 4885 fortan
2191 4829 2326 4885 alle
2360 4829 2777 4885 Promovenden
2809 4829 2910 4885 der
2953 4829 3381 4887 medicinischen
3416 4831 3677 4888 Faculttit

829 4927 1099 4997 Magister
1134 4922 1250 4977 sein
1287 4920 1516 4988 sollten3
1556 4914 1809 4989 zugleich
1845 4914 1994 4970 ward
2029 4913 2131 4968 das
2170 4915 2442 4969 biennium
2475 4932 2547 4968 zu
2584 4914 2760 4969 einem
2796 4916 3088 4968 biennium
3119 4916 3407 4972 erweitert.

995 5016 1025 5065 3
1064 5008 1173 5063 Die
1195 5006 1391 5062 Worte
1424 5005 1608 5059 eodem
1646 5002 1730 5057 bis
1767 5000 2082 5054 huiwnodi
2113 4998 2234 5052 sind
2271 5002 2458 5068 spater
2489 4998 2692 5069 getilgt
2727 5015 2780 5052 ιι.
2823 4997 2989 5052 dafiir
3024 4999 3096 5053 ist
3129 4999 3490 5071 gesehrieben
3524 5008 3666 5056 aute.

999 5097 1033 5147 4
1071 5092 1186 5145 Fiir
1210 5091 1344 5159 flor.
1378 5107 1492 5142 ren.
1529 5088 1603 5141 ist
1635 5089 1821 5156 spater
1853 5081 2214 5154 geschrieben
2247 5100 2471 5137 aureum
2501 5077 2720 5140 numw‘n
2754 5100 3026 5139 remmom
3056 5084 3145 5139 vel
3176 5086 3437 5140 valon-on.

998 5184 1028 5233 5
1066 5177 1171 5232 Die
1209 5175 1404 5231 Worte
1431 5180 1564 5243 post
1598 5187 1818 5225 ewame‘n
1851 5168 1936 5222 bis
1963 5174 2253 5238 promotus
2286 5167 2409 5221 sind
2443 5171 2630 5238 spater
2664 5166 2879 5288 getilgt.

999 5269 1031 5318 6
1069 5261 1254 5316 Dafiir
1285 5260 1360 5312 ist
1396 5261 1581 5327 spiiter
1615 5259 1826 5324 gesetzt
1860 5260 1984 5305 ante
2011 5252 2440 5321 promocionem.

1000 5353 1026 5403 7
1071 5346 1186 5400 Fur
1211 5345 1458 5415 florenos
1495 5342 1568 5393 ist
1602 5342 1787 5409 spater
1822 5342 2039 5409 gesetzt
2070 5352 2270 5390 aureos
2301 5336 2414 5390 und
2447 5336 2598 5390 daun
2640 5285 2917 5392 naturlich
2949 5338 3009 5392 in
3040 5357 3181 5394 awo
3214 5339 3430 5412 getilgt
