4038 6358
828 607 948 671 472
1815 606 1916 657 Die
1949 603 2387 671 philosophische
2421 604 2678 656 Facultat-

1306 793 1412 857 26.
1453 808 1547 855 ns
1589 806 2103 857 msru‘rAmonn
2147 804 2527 855 onnmAmA
2566 805 3169 855 mccsnmlomm.

981 921 1225 1006 Placet,
1270 923 1442 1008 quod
1495 923 1768 1010 quilibet
1805 923 2215 989 baccalarius
2268 923 2337 986 in
2380 921 2632 988 artibus
2682 931 2976 987 teneatur
3020 923 3089 986 in
3130 919 3362 986 ordine
3406 941 3518 986 suo
3558 920 3669 987 die

818 1020 1140 1088 dominico
1183 1022 1518 1110 disputare
1561 1023 1886 1090 ordinarie
1934 1046 2079 1088 cum
2120 1024 2539 1088 intimacione
2586 1021 2854 1109 publica
2893 1043 3022 1088 non
3064 1020 3271 1085 solum
3316 1018 3406 1084 ad
3447 1017 3669 1084 valvas

818 1120 1236 1207 collegiorum
1300 1121 1415 1187 sed
1475 1124 1681 1187 eciam
1741 1122 1828 1189 ad
1889 1123 2160 1189 bursam
2221 1121 2569 1204 facultatis,
2632 1144 2798 1210 quae
2856 1129 2956 1186 est
3018 1119 3200 1185 locus
3256 1117 3670 1206 paedagogii.

732 1228 765 1283 5
821 1219 1034 1300 Quam
1079 1220 1581 1309 disputationem
1637 1222 1921 1288 decanus
1977 1232 2231 1287 tenetur
2283 1219 2412 1286 sibi
2466 1221 2554 1285 ad
2608 1231 2752 1286 octo
2808 1220 2946 1285 dies
3007 1227 3156 1284 ante
3203 1241 3322 1306 per
3364 1216 3669 1284 famulum

812 1321 1255 1386 universitatis
1298 1323 1616 1386 intimare.
1698 1322 1787 1387 Et
1825 1325 1895 1386 in
1951 1320 2345 1408 disputando
2394 1321 2489 1385 sic
2531 1318 2860 1385 ordinarie
2900 1342 3030 1385 non
3086 1321 3309 1404 capiat
3350 1320 3667 1406 quaestio·

816 1439 932 1483 nes
971 1421 1100 1485 nisi
1143 1422 1212 1484 in
1253 1420 1470 1507 logica
1524 1431 1586 1486 et
1628 1422 1697 1485 in
1739 1420 2154 1508 philosophia
2196 1418 2497 1502 naturali,
2551 1441 2672 1484 nec
2726 1420 3132 1507 zophismata
3174 1421 3301 1484 nisi
3342 1419 3415 1481 in
3459 1439 3666 1503 gram·

820 1519 1059 1583 matica
1103 1529 1165 1583 et
1206 1520 1414 1607 loyca,
1473 1520 1592 1586 sub
1636 1542 1848 1606 poena
1901 1519 2124 1584 decem
2181 1541 2576 1608 grossorum,
2638 1540 2800 1606 quos
2842 1517 3126 1582 decanus
3172 1515 3291 1582 sub
3334 1538 3457 1582 suo
3499 1518 3663 1582 iura·

817 1627 1030 1683 mento
1083 1628 1334 1684 tenetur
1386 1621 1677 1705 rigorose
1736 1629 2121 1704 extorquere
2177 1618 2261 1684 ab
2318 1618 2559 1683 eodem.
2645 1617 2838 1698 Quod
2896 1619 3101 1685 eciam
3154 1615 3557 1701 intelligitur,
3614 1617 3666 1681 si

737 1726 800 1782 10
816 1720 886 1782 in
954 1717 1204 1783 artibus
1266 1740 1398 1784 non
1461 1718 1810 1802 studuerit,
1875 1721 2029 1805 quia
2085 1718 2298 1783 adhuc
2361 1718 2698 1805 disputare
2751 1725 3025 1799 tenetur,
3084 1716 3290 1783 donec
3343 1714 3667 1780 biennium

818 1817 1255 1905 compleverit.

1183 1972 1280 2034 27.
1321 1985 1416 2031 DE
1455 1985 1977 2034 msrn'rA'mons
2026 1984 2650 2034 sx'rnAonnmAmA
2692 1982 3303 2033 BAccuAmonnu.

980 2099 1222 2179 Placet,
1267 2100 1440 2214 quod
1481 2100 1696 2166 nullus
1738 2101 2254 2168 baccalariorum
2299 2100 2444 2187 plus
2482 2122 2677 2189 quam
2720 2099 2917 2166 semel
2959 2101 3029 2165 in
3070 2098 3177 2164 die
3219 2096 3665 2163 extraordina-

815 2201 913 2265 rie
954 2199 1295 2286 disputet
1277 2222 1345 2264 1n
1385 2199 1603 2289 aliquo
1645 2202 2056 2267 lectoriorum
2099 2223 2246 2265 cum
2287 2201 2699 2265 intimacione
2755 2198 3033 2315 publica·
3075 2208 3139 2264 et
3184 2196 3416 2263 habitu
3467 2197 3665 2282 magi-

741 2309 801 2363 15
821 2297 1025 2380 strali,
1080 2307 1145 2364 et
1183 2298 1422 2364 habeat
1463 2299 1627 2364 duas
1669 2302 2075 2387 quaestiones
2116 2309 2181 2365 et
2222 2299 2349 2365 duo
2390 2297 2727 2387 zophis[23
2743 2297 3033 2387 ⁸]mata
3013 2322 3082 2363 m
3125 2298 3403 2362 materia
3448 2318 3665 2383 supra-

814 2399 1165 2479 nominata,
1221 2397 1614 2486 disputando
1658 2399 1743 2464 ad
1801 2399 2049 2482 horam,
2109 2399 2230 2465 sub
2288 2421 2499 2487 poena
2550 2422 2682 2464 non
2730 2400 3239 2486 computacionis
3291 2398 3485 2462 istius
3539 2394 3663 2460 dis·

814 2498 1169 2583 putationis
1208 2499 1518 2586 utrisque,
1560 2509 1696 2564 tam
1741 2498 2283 2587 respondentibus
2328 2520 2525 2585 quam
2571 2497 2950 2587 disputanti.

812 2669 911 2732 28.
976 2680 1070 2727 DE
1114 2680 1574 2730 LECTIONIBUS
1615 2683 1961 2732 LEGENDIS
2002 2683 2138 2730 PER
2178 2681 2658 2732 BACCALARIOS
2700 2683 2774 2731 m
2813 2681 3067 2730 DIEBUS
3114 2679 3659 2730 CANICULABIBUS

1841 2784 1936 2829 AD
1979 2782 2155 2831 TRES
2199 2779 2645 2832 SEPTIMANAS.

728 2903 797 2959 20
981 2893 1347 2960 Baccalarii
1424 2905 1716 2982 tempore
1792 2900 2237 2985 suspensionis
2314 2898 2659 2964 lectionum
2736 2897 2805 2961 in
2880 2894 3109 2962 diebus
3185 2893 3653 2962 canicularibus

808 2993 1084 3078 legendo
1130 2992 1378 3078 aliquid
1415 2994 1485 3058 in
1524 2998 1969 3080 grammatica,
2012 2999 2337 3063 rethorica
2377 3007 2490 3063 aut
2528 2998 2600 3060 in
2643 2994 3163 3083 computualibus
3205 3005 3271 3059 et
3311 2994 3653 3081 algorismo

812 3092 1050 3157 debent
1093 3116 1162 3158 se
1206 3092 1546 3179 diligenter
1590 3096 1965 3161 exercitare.
2025 3097 2114 3162 Et
2157 3107 2503 3188 antequam
2545 3097 2670 3162 hoc
2708 3095 2999 3177 fecerint,
3040 3116 3163 3184 pro
3205 3093 3417 3181 gradu
3458 3095 3651 3181 magi·

811 3194 993 3258 sterii
1036 3206 1440 3281 nequaquam
1487 3193 1923 3261 admittantur.

932 3364 1030 3426 29.
1084 3375 1178 3423 DE
1222 3377 1509 3425 NUMERO
1551 3377 2141 3429 BACCALABIORUM
2184 3380 2704 3429 DISPUTANCIUM
2743 3379 2997 3429 omnus
3033 3377 3396 3429 Dommms
3440 3379 3531 3426 ΕΤ

725 3466 791 3523 25
1627 3479 2035 3529 HABENCIUM
2076 3481 2245 3528 INDE
2289 3480 2825 3529 EMOLrMEN'rUM.

970 3590 1223 3673 Placet,
1277 3600 1348 3656 ut
1401 3592 1765 3676 quindecim
1822 3594 2178 3667 baccalarii
2233 3597 2537 3678 seniores,
2591 3592 2822 3659 diebus
2865 3592 3204 3659 dominicis
3258 3594 3328 3657 in
3370 3592 3648 3680 disputa·

810 3692 993 3756 cione
1031 3688 1548 3757 baccalariorum
1593 3703 1988 3779 praesentes,
2043 3693 2327 3759 habeant
2384 3692 2653 3782 quilibet
2705 3690 2989 3757 medium
3045 3715 3345 3778 grossum
3397 3714 3647 3774 novum,

810 3812 968 3879 quos
1010 3788 1418 3855 baccalarius
1461 3791 1802 3879 disputans
1844 3792 2289 3881 praesentabit
2328 3793 2571 3859 eisdem
2613 3815 2764 3858 mox
2806 3793 2875 3856 in
2915 3791 3143 3857 eadem
3187 3790 3645 3879 disputacione,

812 3889 931 3955 sub
974 3911 1186 3975 poena
1231 3900 1373 3955 octo
1421 3912 1816 3976 grossorum,
1859 3915 2018 3980 quos
2063 3891 2347 3958 decanus
2391 3902 2779 3977 extorquere
2818 3901 3089 3957 tenetur.

723 4066 793 4122 30
1242 4061 1341 4124 30.
1385 4075 1478 4121 ns
1517 4074 1748 4122 comm
1792 4076 2255 4125 onssRvANDA
2296 4076 2370 4124 m
2414 4074 2781 4124 couneus
2820 4075 2911 4121 ΕΤ
2951 4074 3213 4123 nunsts.

967 4188 1223 4271 Placet,
1303 4189 1478 4276 quod
1545 4191 1614 4255 in
1676 4190 1850 4257 nullo
1914 4192 2331 4279 collegiorum
2393 4190 2497 4256 vel
2561 4189 2904 4256 bursarum
2972 4191 3311 4277 supposita
3393 4201 3646 4255 servent

804 4308 1074 4353 coenam
1126 4287 1229 4353 vel
1286 4288 1371 4354 ad
1425 4312 1568 4355 eam
1624 4289 1871 4377 pulsari
1927 4292 2175 4359 faciant
2228 4302 2377 4356 ante
2433 4290 2660 4357 horam
2716 4292 3024 4378 quintam,
3083 4300 3218 4355 tam
3276 4291 3346 4353 in
3405 4299 3644 4355 aestate

804 4410 998 4474 quam
1037 4389 1104 4452 in
1150 4387 1401 4475 hyeme,
1439 4387 1560 4453 sub
1602 4412 1815 4477 poena
1854 4401 2129 4480 quatuor
2170 4412 2543 4478 grossorum
2586 4413 2703 4478 per
2746 4389 3061 4455 decanum
3104 4412 3145 4454 a
3187 4390 3642 4456 contrafacien-

799 4486 975 4553 tibus
1016 4488 1621 4575 extorquendorum.

716 4662 785 4719 35
1239 4654 1422 4719 XIV.
1467 4650 1587 4741 [Bl.
1632 4653 1775 4743 23¹2]
1823 4673 2307 4724 CAPITULUM
2349 4673 2737 4723 nselmum
2780 4674 3205 4734 QUARTUM.

992 4804 1323 4870 Statuta
1362 4808 1960 4872 concernencia
1997 4807 2647 4894 magistrandos,
2701 4830 2906 4897 quae
2953 4808 3123 4895 legi
3167 4807 3463 4874 debent

1517 4915 1882 4994 tempore
1925 4908 2596 4994 dispensacionis
2640 4930 2928 4973 eorum.

970 5059 1018 5118 1.
1064 5051 1353 5133 Quilibet
1377 5052 1660 5121 decanus
1683 5065 1936 5122 tenetur
1977 5057 2197 5143 leg-ere
2226 5056 2692 5144 subsequencia
2735 5066 2978 5123 statuta
3015 5059 3386 5145 promoveri
3425 5056 3633 5124 volen-

797 5151 972 5217 tibus
1012 5152 1097 5217 ad
1140 5153 1417 5236 gradum
1455 5156 1812 5240 magisterii
1853 5165 2149 5244 tempore
2190 5155 2718 5243 dispensacionis.
2796 5156 2886 5223 Et
2928 5156 3296 5245 subscripta
3334 5158 3632 5225 iurabunt

718 5262 787 5318 40
807 5275 877 5318 se
919 5250 1363 5338 complevisse,
1403 5255 1532 5319 nisi
1574 5277 1770 5343 super
1810 5256 1934 5345 hys
1976 5278 2122 5320 cum
2162 5256 2256 5320 eis
2298 5256 2494 5321 fuerit
2533 5254 2995 5344 dispensatum.
