4038 6358
1171 641 1341 695 Achte
1378 644 1916 708 Statutenredaction‚
1950 660 2075 696 vom
2119 645 2283 698 Jahn-0
2327 641 2467 697 1558.
3115 643 3229 708 521

367 848 566 892 nova
607 850 737 894 non
780 836 1124 894 mutantur.
1209 826 1282 894 Si
1335 829 1489 915 quid
1531 838 1747 896 tamen
1800 830 2195 918 experiendo
2239 830 2449 894 minus
2492 848 2847 912 congruere
2889 823 3233 905 videbitur,

371 924 476 991 de
534 950 611 992 eo
677 929 780 994 vel
841 927 1125 994 decanus
1187 928 1292 995 vel
1371 928 1569 1014 alius,
1633 931 1746 1018 qui
1814 930 2377 1012 animadverterit,
2443 927 2527 993 ad
2594 926 2929 992 consilium
2994 925 3238 991 referre

368 1026 652 1112 poterit.

1390 1181 1485 1228 DE
1527 1180 1887 1231 DochmA
1928 1153 2244 1231 rusum.

1650 1319 1833 1386 Capu
1849 1328 1870 1369 t
1904 1319 1996 1370 VI.
3289 1316 3322 1374 5

540 1463 946 1531 Publicae
989 1464 1423 1531 doctrinae
1466 1476 1544 1531 et
1582 1467 2068 1532 ordinariae
2110 1465 2391 1530 modus
2434 1474 2512 1529 et
2557 1466 2778 1530 ratio
2824 1487 3099 1530 serva-

1561 1564 1792 1630 bitur
1849 1564 2075 1632 talis.

496 1730 521 1776 1
562 1713 696 1778 Uni
737 1715 1167 1779 committetur
1210 1716 1594 1802 optimorum
1649 1725 1948 1781 autorum
1989 1714 2324 1801 utriusque
2376 1712 2636 1799 linguae
2689 1714 3134 1801 interpretatio
3178 1721 3243 1777 et

560 1823 851 1878 veterum
893 1815 1286 1902 scriptorum
1340 1816 1684 1899 enarratio,
1738 1827 1802 1881 et
1851 1816 1959 1881 hic
2010 1812 2283 1900 singulis
2329 1816 2516 1878 annis
2561 1813 2838 1896 videbit,
2885 1824 2954 1878 ut
2999 1811 3242 1900 aliquid

563 1912 917 1978 ethicorum
961 1914 1500 2003 politicorumque
1546 1915 1860 1980 librorum
1901 1914 2273 1980 Aristotelis
2319 1914 2618 2001 explicet.
3263 1920 3324 1974 10

465 2047 518 2093 11
563 2027 694 2093 Uni
739 2028 1298 2096 Aristotelicorum
1353 2030 1667 2096 librorum
1725 2053 2109 2118 graecorum
2152 2029 2522 2118 explicatio,
2578 2031 2685 2115 qui
2732 2052 2997 2116 operam
3040 2028 3240 2111 dabit,

559 2138 634 2192 ut
677 2127 905 2194 crebro
950 2129 1038 2194 ad
1081 2129 1461 2195 dialecticen
1505 2132 1899 2217 pertinentes
1942 2129 2097 2195 libri
2137 2129 2535 2195 Aristotelici
2575 2139 2970 2194 enarrentur.

443 2262 522 2310 111
565 2244 750 2310 Unus
818 2245 1420 2312 mathematicamm
1487 2246 1980 2334 disciplinarum
2054 2248 2446 2335 praecipuus
2514 2248 2747 2312 artifex
2827 2245 3244 2333 praeficiatur

563 2343 894 2410 doctrinae
933 2346 1124 2410 huius
1165 2346 1638 2433 gubernationi.

413 2460 519 2508 1111
560 2442 644 2507 Ei
699 2442 974 2508 addetur
1027 2445 1213 2528 alter,
1266 2450 1378 2534 qui
1435 2445 1695 2512 assiduo
1749 2446 2222 2510 arithmeticam
2267 2454 2331 2510 et
2369 2444 2734 2530 logisticam
2782 2454 2845 2509 et
2887 2443 3240 2509 distinctio·
3268 2453 3326 2507 15

563 2564 713 2606 nem
765 2542 987 2607 mundi
1048 2545 1396 2610 secundum
1449 2543 1817 2631 exemplum
1865 2542 1990 2632 [13]
2041 2545 2357 2632 sphaerae
2412 2546 2749 2630 κρικωτῇς,
2806 2567 2999 2632 quam
3046 2555 3242 2607 mate-

560 2640 786 2706 rialem
828 2654 1165 2725 vocarunt,
1209 2654 1531 2732 proponat
1571 2654 1633 2708 et
1670 2643 1891 2708 tradat
1930 2643 2237 2709 docendo.

472 2759 520 2805 v
562 2741 884 2806 Doctrina
927 2741 1009 2807 de
1051 2745 1265 2808 causis
1330 2752 1395 2808 et
1437 2753 1702 2826 natura,
1762 2765 1928 2830 quae
1983 2751 2081 2806 est
2135 2743 2476 2830 physicae,
2534 2741 2801 2807 habebit
2853 2743 3245 2831 peculiarem

561 2850 625 2904 et
688 2842 834 2927 ipsa
902 2842 1368 2927 professorem,
1434 2851 1569 2907 tam
1637 2841 2093 2906 elemcntorum
2162 2842 2507 2907 secundum
2566 2841 2858 2930 Philippi
2921 2842 3246 2908 Melanch-

558 2939 773 3004 thonis
819 2939 1451 3023 demonstrationem,
1496 2963 1689 3029 quam
1731 2941 2044 3006 librorum
2086 2940 2452 3008 Aristotelis
2499 2942 2579 3007 de
2623 2952 2855 3006 natura
2896 2952 2961 3007 et
3004 2951 3195 3007 motu,
3262 2951 3328 3005 20

445 3073 517 3119 v1
562 3055 871 3120 Similiter
948 3056 1328 3122 rhetoricae.
1409 3058 1593 3123 Haec
1658 3067 1875 3123 autem
1932 3079 2131 3144 opera
2197 3065 2259 3121 et
2331 3056 2717 3138 Quintiliani
2782 3068 2844 3121 et
2908 3059 3242 3125 Ciceronis

564 3156 823 3243 scriptis
867 3154 1275 3243 explicandis
1330 3157 1759 3245 impendetur,
1819 3168 1884 3223 et
1927 3156 2152 3223 eadem
2208 3156 2663 3243 complectetur
2719 3157 3031 3223 elementa
3088 3159 3247 3225 artis

562 3256 749 3320 huius
791 3255 1145 3321 secundum
1187 3256 1474 3322 libellum
1519 3256 1872 3337 Ciceronis,
1921 3259 2023 3321 cui
2066 3278 2298 3320 nomen
2343 3258 2739 3343 partitiones,
2819 3257 2981 3321 Tam
3028 3258 3248 3345 physi-

567 3378 681 3420 cus
739 3365 952 3420 autem
995 3358 1063 3420 in
1105 3357 1395 3445 Philippi
1435 3356 1950 3422 Melanchthonis
2003 3354 2220 3420 libello
2276 3378 2467 3440 quam
2519 3356 2876 3421 rhetoricus
2921 3358 3247 3443 professor

561 3457 628 3519 in
686 3454 810 3520 hoc
868 3454 1203 3522 Ciceronis
1267 3455 1632 3521 enarrando
1692 3455 2114 3543 occupabitur
2174 3454 2446 3541 singulis
2506 3454 2939 3519 trimestribus
2991 3456 3327 3541 integro25

559 3577 779 3619 mense
817 3578 969 3620 uno.

419 3673 519 3720 vn
562 3653 863 3719 Poeticus
908 3654 1236 3742 professor
1265 3654 1698 3739 Virgilianam
1743 3654 1970 3741 poesin
2014 3662 2077 3717 et
2119 3651 2545 3717 Terentianas
2602 3653 2928 3719 comedias
2986 3653 3244 3718 ordina-

560 3753 677 3817 riis
719 3754 970 3819 vicibus
1014 3752 1370 3842 explicabit
1413 3763 1475 3817 et
1530 3752 1746 3817 studia
1803 3751 2267 3838 discipulorum
2326 3750 2599 3817 deducet
2654 3753 2740 3817 ad
2795 3776 3017 3818 curam
3076 3775 3242 3817 com-

564 3853 849 3941 ponendi
893 3876 1140 3921 versus.

390 3971 516 4018 vm
559 3951 963 4017 Dialecticae
1027 3952 1341 4018 elementa
1408 3951 1701 4015 similiter
1757 3949 1970 4014 tradet
2028 3974 2195 4015 unus
2255 3953 2476 4039 pueris
2539 3952 2890 4017 secundum
2955 3951 3327 4017 libellumso

557 4050 847 4140 Philippi
868 4050 1401 4133 Melanchthonis,
1441 4053 1621 4114 cuius
1659 4060 2009 4136 praecepta
2044 4050 2375 4115 enarrabit
2417 4061 2480 4116 et
2520 4050 2786 4135 videbit,
2830 4060 2903 4117 ut
2942 4050 3245 4138 discipuli

560 4151 672 4215 illa
713 4153 1097 4238 percipiant.

442 4269 520 4315 lx
563 4251 851 4337 Itemque
894 4274 1058 4315 unus
1104 4248 1458 4315 secundum
1502 4248 1791 4313 eiusdem
1838 4249 2083 4313 autoris
2125 4247 2376 4313 libellos
2423 4248 2737 4315 elementa
2778 4250 3246 4334 grammaticae

559 4358 689 4414 tam
736 4372 1011 4436 graecae
1063 4372 1256 4435 quam
1310 4347 1573 4429 latinae,
1630 4349 2066 4435 sesquimense
2110 4349 2286 4413 vices
2342 4349 2676 4413 doctrinae
2717 4348 2907 4413 huius
2965 4350 3242 4413 miscens

560 4458 623 4513 et
665 4452 1031 4536 praeceptis
1086 4448 1168 4513 de
1223 4449 1485 4535 syntaxi
1544 4446 1903 4532 adiungens
1955 4447 2223 4512 Linacri
2276 4449 2519 4535 scripta
2564 4458 2625 4513 et
2676 4447 2997 4513 interdum
3041 4449 3232 4512 inter·
3255 4456 3319 4511 35

561 4570 809 4636 ponens
857 4545 983 4636 [14]
1028 4550 1251 4634 graeci
1293 4548 1537 4611 autoris
1583 4545 1957 4633 opusculum
2004 4545 2288 4633 aliquod,
2342 4549 2409 4611 in
2452 4571 2577 4636 quo
2622 4549 2840 4635 pueris
2881 4547 3244 4612 indicentur

562 4646 860 4736 exempla
903 4657 1414 4735 praeceptorum.

560 4800 782 4867 Horae
823 4807 1039 4864 autem
1082 4800 1176 4864 ita
1215 4797 1681 4863 distribuentur
1718 4795 1840 4860 hoc
1880 4793 2105 4860 modo:

1652 4947 1723 4993 vl
1766 4929 1928 4993 hora
1972 4927 2306 5016 physicae,

1330 5029 1525 5093 Mane
1603 5046 1725 5094 vm
1766 5027 2164 5110 dialecticae,

1643 5147 1714 5193 1x
1760 5126 2274 5210 mathematicae,
