4038 6358
1081 625 1252 680 Drltte
1283 626 1816 691 satutemsdncuom
1857 641 1968 682 von
2005 619 2381 682 mlh-1490.
3058 627 3179 694 383

1033 846 1090 910 8.
1131 861 1226 910 DE
1267 859 1589 910 moruus
1627 861 1905 911 rmnms
1946 862 2083 911 PER
2126 861 2478 911 Daemon.

355 967 578 1037 Item
637 973 933 1062 placet,
990 975 1165 1064 quod
1211 975 1497 1043 decanus
1555 976 1624 1042 in
1666 979 2141 1045 convocacione
2192 976 2518 1044 facultatis
2571 997 2701 1041 non
2754 975 3054 1062 propinet
3094 972 3177 1038 de

167 1071 516 1156 pecunia
589 1071 1022 1160 facultatis,
1071 1077 1201 1143 nisi
1251 1085 1544 1165 tempore
1597 1074 1930 1145 electionis
1972 1098 2127 1143 suae
2170 1085 2236 1141 et
2277 1075 2605 1141 electionis
2666 1075 3179 1140 examinatorum

177 1178 250 1234 et
293 1169 382 1236 in
441 1169 766 1240 diebus
823 1184 1192 1243 sanctorum
1237 1176 1502 1265 Aegidii
1543 1185 1607 1244 et
1653 1177 1960 1264 Gregorii
1999 1179 2069 1242 in
2121 1175 2493 1264 receptione
2537 1175 3025 1241 ordinariorum.
3093 1171 3181 1237 Et

181 1276 364 1334 tunc
411 1293 594 1337 una
649 1275 842 1341 vice
877 1275 1052 1342 ultra
1091 1294 1192 1342 111
1233 1292 1316 1364 95.
1360 1299 1491 1344 non
1534 1288 1852 1365 exponat,
1911 1275 2033 1343 sub
2080 1297 2293 1364 poena
2342 1275 2632 1365 periurii,
2684 1273 2813 1340 nisi
2868 1271 3046 1340 aliud
3096 1294 3180 1338 ex
3230 1282 3264 1338 5

201 1369 668 1438 rationabili
725 1397 946 1444 causa
983 1397 1103 1466 per
1141 1374 1515 1443 facultatem
1556 1375 1887 1445 decretum
1927 1377 2139 1443 fuerit.

753 1563 825 1626 9.
881 1576 978 1624 ΒΕ
1026 1574 1259 1626 romu
1299 1576 1578 1644 DECANI,
1619 1579 1740 1640 QUI
1781 1578 2120 1628 NEGLIGIT
2161 1576 2747 1627 DISPUTATIONEM.

399 1689 614 1756 Item
675 1691 988 1759 decanus
1031 1714 1152 1780 pro
1192 1702 1486 1782 tempore
1532 1694 1820 1760 existens
1860 1704 2115 1762 tenetur
2155 1693 2468 1759 interesse
2507 1693 2576 1758 in
2628 1689 2915 1780 qualibet
2966 1689 3181 1780 dispu-

223 1792 524 1855 tacione
581 1791 964 1858 ordinaria
1020 1802 1084 1860 et
1141 1814 1436 1879 arguere,
1493 1792 1771 1883 demptis
1832 1803 2049 1862 tamen
2097 1790 2655 1881 disputacionibus
2697 1801 2988 1878 tempore
3030 1813 3181 1856 exa·
3240 1813 3245 1820 ·

224 1889 464 1973 minis,
537 1891 702 1956 sub
759 1913 972 1980 poena
1016 1901 1290 1979 quatuor
1331 1914 1726 1978 grossorum,
1767 1915 1930 1981 quos
1971 1893 2179 1959 solvet
2222 1891 2514 1958 facultati
2554 1891 2799 1956 tociens
2814 1939 2834 1974 ,
2875 1892 3180 1979 quociens
3204 1901 3268 1956 10

235 1987 506 2054 absens
555 1990 818 2076 fuerit,
875 1990 994 2058 sub
1038 2013 1155 2058 suo
1198 1993 1578 2076 iuramentO,
1633 1993 1759 2057 nisi
1801 2015 1886 2058 ex
1931 1995 2307 2058 necessaria
2346 2013 2543 2057 causa
2581 2013 2726 2056 eum
2771 2012 2914 2056 esse
2955 1989 3181 2057 absen-

239 2096 384 2152 tem
431 2099 837 2177 oporteret
851 2140 870 2175 ,
915 2091 998 2157 de
1041 2112 1173 2179 qua
1226 2112 1425 2158 causa
1467 2113 1622 2159 suus
1658 2113 1992 2158 successor
2047 2102 2113 2157 et
2164 2100 2641 2178 computatores
2695 2089 2834 2156 eius
2892 2089 2959 2156 in
3014 2113 3181 2157 com—

245 2195 412 2272 puto
459 2211 912 2277 cognoscere
953 2189 1207 2256 debent.
2060 2215 2067 2222 ·

511 2361 626 2424 10.
682 2373 912 2424 surus
953 2372 1205 2436 omnus
1245 2371 1565 2425 nncmus
1607 2375 1843 2426 nsum·
1882 2375 2235 2426 mnucnan
2276 2375 2415 2425 Aur
2458 2373 2944 2424 concnunnmz.

441 2486 644 2553 Item
693 2487 968 2577 placuit,
1015 2487 1188 2577 quod
1230 2488 1514 2556 decanus
1554 2491 1953 2580 peramplius
1989 2514 2121 2558 non
2162 2490 2429 2556 inducat
2468 2511 2675 2576 neque
2718 2487 3065 2556 concludat
3105 2491 3174 2558 in
3196 2503 3257 2558 15

277 2589 836 2674 congregatione
874 2587 1128 2654 consilii
1167 2588 1513 2674 facultatis,
1565 2589 1692 2656 nisi
1737 2612 1933 2678 super
1989 2613 2115 2678 quo
2157 2591 2332 2655 facta
2372 2595 2471 2655 est
2509 2610 2823 2676 expressa
2862 2610 3179 2656 convoca-

285 2686 382 2750 cio
421 2687 502 2751 in
548 2686 840 2772 cedula3
897 2695 964 2753 et
1007 2687 1064 2752 si
1107 2707 1294 2754 secus
1333 2689 1631 2756 faciendo
1676 2691 2027 2778 quicquam
2069 2687 2475 2770 concluserit,
2532 2686 2679 2752 talis
2724 2687 3051 2756 conclusio
3098 2693 3183 2756 sit

282 2785 480 2850 irrita
523 2777 602 2852 et
659 2788 900 2873 inanis,
955 2787 1082 2852 nisi
1129 2809 1324 2875 quam
1375 2789 1446 2852 in
1485 2787 1635 2872 illis,
1694 2810 1862 2879 quae
1901 2790 2246 2855 manifeste
2304 2795 2659 2876 sequuntur
2698 2797 2763 2852 et
2803 2791 3183 2877 contingunt

296 2883 382 2950 ad
423 2895 748 2953 tenorem
787 2887 1304 2970 convocacionis,
1347 2885 1697 2954 dummodo
1741 2898 1956 2955 tamen
1999 2888 2115 2954 fiat
2156 2889 2294 2954 sine
2338 2885 2484 2952 dolo
2527 2895 2591 2951 et
2630 2886 2875 2953 fraude.
2955 2889 3181 2979 Neque

293 2993 500 3052 totam
563 2986 952 3054 facultatem
997 3008 1193 3076 super
1235 2987 1539 3074 ingressu
1591 2986 1863 3055 alicuius
1921 2989 2007 3056 ad
2069 2985 2406 3054 consilium
2458 2985 2791 3053 facultatis
2847 2999 3176 3075 convocet,
3196 2999 3265 3058 20

301 3086 426 3151 nisi
502 3088 706 3174 prius
771 3087 1048 3176 desuper
1109 3095 1252 3154 octo
1323 3087 1688 3154 senioribus
1755 3087 1838 3154 de
1913 3098 2190 3177 quatuor
2250 3086 2624 3154 nationibus
2687 3091 3059 3156 convocatis
3115 3099 3182 3156 et

303 3185 568 3255 auditis.

543 3360 648 3421 11.
693 3371 890 3433 Quen
932 3370 1250 3421 uncinus
1298 3370 1626 3419 'taurona
1669 3372 2233 3422 ms'rnmnnoms
2276 3371 2685 3453 nso'mom
2722 3374 2957 3425 naam

1351 3469 1742 3521 Punmcm
1785 3458 2157 3522 STATUTA.¹

478 3586 651 3652 Item
696 3584 961 3674 placuit,
1016 3586 1189 3673 quod
1234 3588 1498 3653 inantea
1553 3586 1821 3676 quilibet
1862 3574 2173 3653 decanus'
2200 3610 2318 3675 pro
2360 3598 2652 3675 tempore
2693 3590 2980 3655 existens
3022 3599 3176 3657 tem·
3194 3600 3261 3658 25

326 3705 476 3770 pore
515 3687 916 3772 receptionis
954 3686 1301 3770 ordinarii,
1355 3696 1489 3753 tam
1529 3684 1860 3753 aestivalis
1903 3708 2099 3773 quam
2141 3686 2481 3774 hyemalis,
2538 3687 2625 3754 ad
2683 3698 2924 3754 statuta
2978 3692 3179 3777 magi·

329 3793 490 3851 stros
532 3788 1006 3852 concernencia
1047 3785 1444 3874 publicanda
1501 3784 1621 3852 sub
1664 3807 1876 3873 poena
1931 3789 2122 3852 unius
2178 3808 2547 3873 sexagenae
2599 3809 2828 3872 novae,
2886 3788 3181 3855 facultati

335 3884 857 3952 irremissibiliter
930 3885 1428 3974 persolvendae,
1496 3886 1583 3952 sit
1641 3883 1992 3972 obligatus,
2068 3910 2151 3953 ne
2217 3887 2516 3973 magistri
2579 3885 2664 3953 ab
2728 3887 3180 3955 observatione

333 3981 698 4052 huiusmodi
762 3994 1147 4053 statutorum
1208 3994 1554 4074 praetextu
1611 3986 2031 4073 ignoranciae
2086 4007 2155 4051 se
2211 3987 2444 4073 quovis
2472 3985 2695 4081 ‚modo
2753 3986 3014 4055 valeant
3070 4012 3180 4055 ex-

341 4105 569 4154 cusare.
3196 4098 3265 4157 30

684 4243 776 4307 12.
819 4256 914 4305 nn
959 4253 1300 4305 usmis
1341 4253 1480 4303 pso
1523 4253 1810 4304 nouom:
1854 4251 2284 4303 monum-ns
2328 4252 2825 4304 onssnvmnm.

491 4370 657 4437 Item
716 4370 946 4437 decani
988 4379 1136 4459 post
1192 4369 1548 4437 decanatus
1589 4371 1878 4460 ipsorum
1939 4369 2222 4437 officium
2275 4368 2587 4437 tabardos
2639 4380 2705 4437 et
2752 4369 3013 4439 habitus
3071 4370 3179 4437 de-

352 4480 600 4539 canatus
654 4494 776 4560 pro
832 4470 1076 4538 honore
1118 4468 1447 4537 facultatis
1501 4468 1848 4537 observent
1862 4517 1882 4552 ,
1923 4490 2075 4553 nec,
2131 4477 2475 4558 antequam
2530 4469 2871 4538 licenciam
2923 4474 2994 4537 in
3048 4471 3180 4538 alia

352 4565 633 4638 facultate
673 4572 1015 4658 attingant,
1057 4568 1177 4638 sub
1221 4592 1436 4659 poena
1473 4570 1664 4635 unius
1697 4591 2067 4655 sexagenas
2094 4568 2408 4654 vendant3
2450 4571 2707 4658 qualem
2737 4567 2799 4660 [5
2809 4569 2862 4659 ¹⁸]
2898 4594 3171 4659 poenam

356 4664 611 4739 decanus
653 4694 775 4761 pro
814 4682 1108 4761 tempore
1147 4673 1433 4738 existens
1476 4692 1518 4737 a
1558 4670 1954 4736 contrarium
1995 4669 2274 4736 faciente
2314 4668 2435 4736 sub
2476 4689 2594 4736 suo
2630 4672 2995 4739 iuramento
3030 4694 3177 4737 cum
3192 4681 3260 4739 35

359 4772 572 4840 auxilio
613 4771 941 4840 facultatis
981 4779 1234 4837 tenetur
1277 4780 1684 4860 extorquere.
1765 4769 2013 4838 Contra
2055 4778 2271 4836 autem
2324 4768 2450 4837 hoc
2504 4780 2812 4839 statutum
2869 4773 3178 4842 facientes

358 4866 612 4941 decanus
653 4872 848 4939 debet
885 4872 1247 4960 requirere,
1301 4881 1379 4939 ut
1427 4872 1600 4940 infra
1641 4870 1924 4939 medium
1982 4892 2223 4937 annum
2279 4868 2361 4937 de
2417 4871 2762 4961 tappardis
2817 4873 2911 4941 eis
2964 4873 3178 4961 provi—

361 4966 524 5041 deant
564 4970 685 5040 sub
727 4994 942 5062 poena
979 4974 1356 5061 praemissa.

359 5244 526 5395 ngat.
563 5238 926 5385 Die'dffiibrik
959 5238 1111 5298 ward
1151 5237 1486 5312 fibersehem
1535 5238 1615 5296 sie
1649 5238 1724 5295 ist
1753 5242 1868 5296 erst
1901 5238 2012 5295 viel
2050 5240 2237 5310 apator
2266 5237 2373 5294 mit
2402 5237 2708 5297 nahmen·
2739 5238 2907 5297 'Pinte
2936 5240 3175 5315 nachge-

560 5342 644 5383 wo
