4038 6358
1133 622 1321 673 Fausto
1357 621 1884 688 Statutcnredaction,
1921 639 2042 674 vom
2079 624 2243 675 Jahn-
2282 623 2424 676 1507.
3096 625 3217 690 489

352 841 419 902 2·
489 855 942 905 Assmfflmms
993 857 1468 907 BACOALARIUS
1522 858 1995 906 RESPONSIONE
2055 858 2285 906 FACTA
2340 858 2624 907 IURABIT
2680 854 3222 906 INFRASCRIPTOS

1605 957 2012 1008 ARTICULOS.

546 1071 735 1159 „Ego
761 1073 860 1137 .N.
893 1074 1038 1140 iuro
1071 1073 1258 1139 vobis
1288 1074 1534 1139 decano
1576 1084 1640 1139 et
1680 1077 1915 1140 vestris
1960 1073 2443 1140 successoribus
2486 1074 2924 1138 reverenciam
2971 1082 3034 1137 et
3077 1070 3223 1137 obe-

360 1170 703 1237 dienciam
748 1174 820 1238 in
857 1173 1051 1240 licitis
1094 1184 1159 1239 et
1199 1175 1520 1258 honestis,
1569 1185 1632 1239 et
1674 1198 1938 1240 servare
1984 1183 2227 1240 statuta
2268 1183 2333 1238 et
2375 1172 2718 1238 statuenda
2761 1195 2881 1260 pro
2930 1194 3119 1259 posse
3164 1181 3228 1234 et

355 1293 591 1353 nosse,
635 1280 700 1336 et
741 1295 1094 1360 procurare
1137 1274 1377 1339 bonum
1418 1274 1762 1340 facultatis.
2322 1303 2329 1312 ·
3275 1279 3309 1333 5

542 1372 748 1454 „Item
790 1373 963 1456 iure,
1021 1372 1194 1459 quod
1251 1375 1422 1440 infra
1477 1374 1869 1462 quindenam
1910 1374 2105 1439 velim
2160 1372 2415 1438 solvere
2453 1371 2748 1436 facultati
2789 1393 2988 1435 unum
3030 1369 3217 1434 flore—

359 1492 529 1535 num
577 1494 913 1538 renensem
955 1475 1022 1538 in
1054 1496 1212 1539 auro
1249 1473 1352 1540 vel
1395 1473 1832 1561 aequivalens,
1878 1484 1942 1539 et
1984 1473 2319 1539 dimidium
2365 1472 2680 1537 florenum
2724 1493 2842 1557 pro
2884 1470 3040 1535 fisco
3089 1470 3223 1535 uni-

359 1570 745 1654 versitatis,
789 1571 890 1638 vel
932 1572 1223 1648 obtinete
1278 1575 1415 1639 eius
1460 1572 1845 1639 dilacionem
1891 1574 1994 1639 vel
2039 1573 2477 1638 dimissionem
2518 1569 2602 1635 ab
2645 1568 2889 1634 eadem.

545 1670 752 1754 „Item
792 1673 966 1756 iuro,
1012 1673 1187 1759 quod
1229 1674 1480 1738 nunciis
1526 1675 1664 1739 sive
1706 1672 1967 1739 famulis
2025 1673 2471 1739 universitatis
2515 1668 2686 1734 dabo
2731 1668 3031 1735 adminus
3072 1692 3224 1757 qua·

367 1778 526 1835 tuor
566 1793 848 1856 grossos.
1679 1807 1690 1811 -
3252 1780 3311 1833 10

545 1870 747 1952 „Item
801 1873 944 1937 iuro
962 1920 981 1956 ,
1036 1872 1208 1961 quod
1267 1872 1506 1937 bonum
1565 1873 1753 1938 huius
1806 1873 2249 1938 universitatis
2306 1880 2368 1935 et
2424 1868 2749 1935 facultatis
2811 1871 3089 1952 arcium,
3140 1868 3227 1934 ad

374 1992 826 2060 quemcunque
865 1981 1105 2037 statum
1150 1971 1495 2055 devenero,
1539 1972 1733 2038 velim
1776 1996 2147 2061 procurare.

547 2135 796 2217 „Item¹
854 2137 1032 2220 iure,
1078 2139 1255 2225 quod
1298 2139 1584 2225 legitime
1626 2149 1818 2205 natus
1860 2142 2015 2222 sim,
2071 2162 2310 2205 annum
2370 2136 2692 2202 decimum
2752 2137 3095 2225 septimum
3142 2134 3227 2199 ad

379 2236 604 2299 minus
667 2236 992 2322 attigerim
1055 2247 1120 2302 et
1177 2238 1261 2303 ad
1321 2241 1762 2305 universitatis
1821 2240 2197 2327 Liptzcnsis
2254 2235 2659 2303 matriculam
2722 2258 2841 2322 per
2898 2234 3227 2300 dominum

371 2344 693 2400 rectorem
739 2336 859 2400 sim
904 2338 1249 2425 scriptus.“
3246 2343 3306 2398 15

543 2434 670 2500 His
711 2434 894 2501 lectis
935 2460 1052 2527 per
1096 2437 1430 2523 decanum,
1475 2440 1647 2504 iurat
1687 2437 2099 2505 baccalarius
2137 2438 2222 2504 ad
2257 2460 2488 2504 manus
2527 2435 2777 2518 decani,
2806 2434 3060 2499 dicens:

1585 2538 1774 2626 „Ego
1831 2540 2038 2604 iur0.“

477 3168 526 3219 5.
566 3158 847 3218 FUNFTE
882 3164 1715 3231 STATUTENREDAOTION,
1749 3170 1891 3220 DEN
1930 3170 2392 3222 LEHRCURSUS
2435 3166 2932 3230 BETREFFEND,
2980 3166 3130 3217 VOM

951 3250 1185 3301 JAHRE
1218 3252 1359 3314 1507,
1405 3252 1636 3303 NEBST
1683 3255 1960 3306 ZUSATZ
1999 3254 2157 3305 VOM
2197 3256 2429 3305 JAHRE
2474 3253 2658 3307 1512.²

375 3401 427 3466 I.
490 3396 612 3486 [Bl.
662 3395 806 3486 33⁸]
884 3398 1265 3463 Decanus
1326 3399 1827 3488 subscripta
1891 3411 2213 3467 statuta
2271 3401 2698 3490 publicare
2758 3410 3091 3465 tenetur
3146 3401 3311 3464 in20

374 3500 734 3565 lectorio
790 3497 1412 3565 ordinariarum
1472 3499 2148 3587 disputationum
2200 3503 2421 3566 infra
2473 3502 2823 3589 primum
2887 3522 3225 3563 mensem

375 3609 563 3687 post
588 3600 762 3664 eius
799 3597 1279 3663 electionem
1305 3608 1382 3663 et
1417 3600 1637 3663 infra
1674 3622 2031 3666 mensem
2074 3610 2261 3666 ante
2302 3602 2553 3665 finem
2595 3602 2724 3666 sui
2766 3600 3224 3665 decanatus.

744 3698 1426 3785 Concernuntque
1465 3722 1739 3765 omnes
1780 3702 1862 3765 in
1906 3699 2228 3765 artibus
2272 3699 2876 3791 promovendos

1529 3799 2071 3885 generaliter.

1778 3956 1827 4016 1.
3243 3959 3309 4015 25

544 4066 788 4130 Parum
829 4064 1098 4151 prodest
1138 4074 1378 4133 statuta
1436 4065 1746 4150 condere,
1801 4068 1928 4132 nisi
1989 4068 2353 4133 executioni
2418 4064 2677 4133 debitae
2742 4065 3226 4135 demandentur.

375 4167 646 4247 Iccirco‚
689 4187 772 4228 ne
816 4165 960 4251 quis
1007 4186 1125 4250 per
1167 4166 1604 4249 ignorantiam
1662 4177 2046 4231 statutorum
2111 4190 2180 4232 se
2237 4166 2453 4233 valeat
2509 4168 2724 4255 aliquo
2786 4167 2976 4233 modo
3036 4190 3226 4231 excu—

377 4288 557 4347 sare,
599 4265 885 4330 decanus
930 4287 1050 4351 pro
1096 4275 1384 4351 tempore
1430 4268 1717 4331 existens
1760 4266 1861 4331 bis
1917 4267 1984 4330 in
2046 4266 2365 4331 decanatu
2424 4290 2541 4332 suo
2604 4276 2847 4332 statuta
2904 4267 3231 4331 facultatis

376 4367 614 4431 artium
657 4364 1068 4451 subscripta,
1116 4365 1455 4451 supposita
1496 4388 1662 4450 quae
1710 4365 2033 4451 complent
2077 4368 2568 4450 concernentia,
2614 4365 2734 4432 sub
2778 4389 2990 4453 poena
3032 4367 3227 4431 trium

376 4465 805 4546 florenorum,
852 4462 1149 4528 facultati
1192 4465 1429 4529 artium
1471 4464 2005 4530 irremissibiliter
2060 4465 2672 4553 persolvendorum,
2713 4477 2963 4531 tenetur
3006 4465 3218 4554 publi-
3239 4474 3309 4531 30

377 4587 565 4645 care,
608 4573 674 4628 et
716 4560 1136 4639 excedentem
1179 4562 1283 4629 vel
1328 4564 1715 4631 excedentes
1755 4576 1980 4629 contra
2022 4566 2205 4651 ipsa,
2252 4566 2331 4632 de
2375 4590 2500 4656 quo
2541 4566 2646 4631 vel
2689 4565 2771 4630 de
2824 4565 3057 4653 quibus
3100 4565 3226 4630 sibi

552 4801 574 4852 1
613 4794 813 4851 Dieser
853 4795 1020 4850 letzte
1055 4794 1268 4850 Absatz
1302 4796 1376 4850 ist
1412 4800 1598 4868 spater
1631 4797 2067 4870 nachgetragen,
2101 4798 2202 4853 wie
2238 4816 2297 4853 es
2330 4797 2545 4853 scheint
2590 4814 2699 4852 von
2750 4798 2964 4853 Arnold
3007 4798 3226 4853 Wiiste·

375 4880 563 4949 feldes,
598 4880 695 4934 der
737 4886 863 4935 1509
879 4894 907 4921 α
943 4879 1137 4934 Decan
1177 4898 1303 4935 war.

546 4967 575 5017 2
619 4964 785 5019 Diese
825 4963 1156 5034 Redaction,
1203 4963 1472 5019 ebenfalls
1531 4967 1605 5018 im
1650 4964 1902 5036 Original
1949 4965 2200 5020 erhalten
2252 4966 2383 5036 (vgl.
2420 4966 2559 5022 Urk.
2600 4965 2832 5030 Quellen
2882 4964 2937 5020 S.
2976 4970 3073 5021 842
3112 4965 3231 5037 fg),

374 5049 593 5105 euthalt
648 5046 737 5105 die
783 5047 1132 5120 wichtigsten
1178 5048 1645 5120 Umanderungen
1692 5050 1789 5105 des
1833 5049 2199 5105 Lehrcursus.
2280 5050 2357 5104 Es
2405 5067 2517 5104 war
2565 5049 2753 5118 daher,
2787 5048 3003 5105 obwohl
3041 5050 3100 5104 in
3130 5051 3230 5105 der

375 5141 557 5189 ersten
594 5132 941 5203 Abtheilung
971 5132 1061 5187 die
1096 5131 1437 5204 Aulehnung
1473 5152 1545 5188 an
1590 5134 1680 5189 die
1714 5132 1935 5189 friihere
1972 5134 2281 5189 Redaction
2317 5152 2378 5189 so
2413 5134 2518 5190 viel
2554 5134 2654 5190 wie
2696 5134 2941 5205 moglich
2977 5134 3226 5190 wortlich

374 5217 471 5285 ist,
508 5234 582 5272 zu
627 5217 924 5273 kleinerem
961 5217 1201 5283 Drueke‚
1238 5216 1346 5271 den
1382 5216 1472 5271 ich
1523 5217 1761 5291 anfa'ngs
1811 5216 2251 5293 beabsichtigte‚
2293 5218 2632 5289 keineswegs
2677 5236 2749 5273 zu
2795 5218 3023 5293 greifen.
3104 5218 3226 5279 Das

373 5299 518 5356 Jahr
556 5306 680 5359 1507
717 5301 791 5357 ist
824 5318 916 5361 am
951 5299 1208 5360 Schlusse
1243 5302 1535 5359 vermerkt.
