4038 6358
1238 640 1409 696 Achts
1450 644 1980 705 statutum-odaeum,
2015 656 2140 696 vom
2176 642 2341 697 Jahre
2377 642 2520 697 1558.
3175 638 3298 708 537

356 822 737 911 posthac
782 824 850 892 in
890 834 1120 893 nostra
1177 830 1635 895 communitate
1689 828 1991 895 nactatio
2053 826 2408 894 studiorum
2466 823 3028 892 administrabitur
3045 873 3064 906 ,
3129 844 3296 913 quae

354 925 763 991 nimirum
805 928 931 991 iter
973 929 1361 1015 optimarum
1422 928 1914 1017 disciplinarum
1970 951 2050 993 ac
2108 928 2346 993 artium
2397 927 2710 1011 ingressis
2754 935 2819 991 et
2858 922 3296 1012 cogitantibus

354 1026 813 1112 procedere
849 1027 920 1091 in
960 1026 1063 1093 bis
1108 1027 1393 1095 colendis
1451 1039 1607 1095 nota
1660 1051 1805 1095 esse
1864 1036 2147 1115 oportet,
2233 1035 2369 1091 tam
2431 1024 2517 1089 ad
2583 1048 2766 1113 spem
2832 1023 3007 1113 quod
3059 1044 3299 1111 operae

358 1127 745 1211 precium
786 1128 872 1191 sit
906 1126 1247 1211 efficiendi,
1286 1150 1481 1214 quam
1524 1126 1919 1194 ascendendi
1959 1123 2088 1217 [50]
2134 1124 2473 1213 dignitatis
2519 1125 2942 1191 scholasticae
2991 1124 3288 1211 proposi-

356 1232 503 1289 tos
564 1224 843 1312 gradus
888 1235 952 1290 et
990 1226 1426 1312 consequendi
1455 1228 1754 1293 honores.
1798 1228 2156 1292 Hortamur
2191 1235 2407 1291 autem
2433 1226 2794 1307 universos,
2838 1235 2910 1289 ut
2951 1246 3034 1289 ex
3079 1224 3294 1287 animo
3345 1230 3380 1285 5

370 1332 463 1387 et
520 1346 725 1390 vera
763 1324 1096 1391 voluntate
1140 1349 1403 1414 operam
1458 1327 1614 1392 dent
1666 1327 1958 1394 eruditae
2013 1326 2349 1392 doctrinae
2361 1374 2379 1407 ,
2441 1325 2624 1390 cuius
2683 1323 2966 1389 studium
3028 1332 3292 1388 nostrae

362 1424 877 1511 professionis
919 1424 1247 1513 peculiare
1290 1437 1405 1491 est.
1488 1427 1654 1492 Nam
1692 1427 1902 1493 literis
1958 1436 2023 1491 et
2076 1424 2334 1490 liberali
2392 1425 2666 1489 scientia
2720 1424 3023 1511 perpoliti
3083 1420 3204 1487 soli
3247 1419 3295 1485 ii

380 1534 615 1607 sunt,
671 1525 783 1612 qui
831 1527 1191 1613 sapientiae
1234 1536 1297 1591 et
1350 1528 1609 1592 virtutis
1665 1526 2009 1613 praeclara
2062 1535 2127 1590 et
2178 1524 2351 1591 bona
2419 1545 2620 1611 opera
2676 1522 3014 1591 elaborare
3068 1520 3296 1588 solent.

374 1622 497 1689 Et
548 1622 809 1690 talium
849 1624 1171 1691 industria
1213 1647 1359 1691 cum
1404 1622 1524 1691 deo
1565 1635 1756 1711 grata
1796 1623 2181 1691 assiduitate
2209 1632 2274 1689 et
2302 1623 2643 1709 diligentia
2682 1623 2928 1689 servire
2958 1644 3121 1710 prae
3151 1643 3290 1686 cae-

378 1724 623 1805 teriS,
674 1734 809 1789 tum
852 1724 1249 1811 reipublicae
1291 1736 1356 1791 et
1398 1727 1531 1791 suis
1574 1724 1846 1791 offitium
1886 1724 2128 1790 utiliter
2185 1732 2252 1789 et
2302 1721 2619 1789 foeliciter
2677 1732 3012 1810 praestare
3056 1729 3289 1809 potest.
3313 1727 3378 1784 10

382 1822 585 1888 Non
642 1824 817 1889 enim
859 1834 1035 1889 certe
1069 1822 1190 1891 deo
1232 1824 1495 1912 placent
1533 1824 1860 1908 ineruditi,
1903 1826 2017 1914 qui
2058 1826 2294 1911 potius,
2337 1846 2480 1889 cum
2516 1821 2893 1909 plerumque
2918 1820 3072 1887 mali
3101 1821 3297 1887 etiam

387 1923 561 1987 sint
623 1932 692 1988 et
732 1923 836 1989 vel
874 1922 1156 2010 improbi
1197 1923 1303 1989 vel
1343 1924 1582 2008 futiles,
1627 1923 1749 1990 deo
1792 1926 1989 1990 etiam
2029 1926 2156 2012 ipsi
2201 1922 2618 2011 displiceant,
2677 1944 2944 1987 necesse
2989 1931 3105 1987 est.
3189 1918 3296 1985 Ad

388 2020 783 2089 hominum
826 2033 1046 2089 autem
1097 2026 1469 2089 societatem
1526 2022 1834 2089 tuendam
1886 2034 1951 2089 et
2002 2022 2363 2089 ornandam
2414 2022 2576 2088 nihil
2623 2030 2722 2087 est
2771 2023 2988 2088 minus
3052 2029 3292 2108 aptum,

392 2143 647 2207 quam
691 2121 1027 2190 doctrinae
1068 2133 1132 2189 et
1170 2122 1556 2189 eruditionis
1599 2146 1837 2211 expers
1876 2123 2208 2190 hominum
2254 2132 2318 2187 et
2355 2121 2706 2187 barbarum
2733 2144 2954 2208 genus.
3012 2120 3292 2186 Oremus

400 2231 668 2287 autem
715 2226 1137 2289 communiter
1180 2231 1515 2289 aeternum
1559 2222 1769 2303 deum,
1812 2230 2107 2288 autorem
2150 2224 2358 2289 omnis
2403 2221 2761 2309 sapientiae
2805 2230 2870 2286 et
2907 2222 3188 2303 virtutis,
3217 2227 3373 2283 ut15

398 2330 791 2387 convertat
829 2322 1197 2389 voluntates
1237 2333 1497 2388 nostras
1538 2320 1625 2387 ad
1668 2323 1965 2387 veritatis
2008 2343 2234 2387 curam
2277 2332 2344 2387 et
2388 2320 2605 2386 studia
2645 2322 2862 2387 omnia
2890 2319 3172 2386 deducat
3212 2317 3300 2383 ad

402 2420 730 2507 gloriam
773 2422 1052 2487 nominis
1100 2424 1203 2488 sui
1250 2431 1317 2487 et
1342 2421 1657 2488 ecclesiae
1678 2420 2210 2509 reipublicaeque
2235 2421 2594 2503 utilitatem,
2640 2431 2713 2487 ut
2732 2422 2803 2486 in
2830 2419 3018 2485 nobis
3041 2440 3294 2506 quoque

404 2518 812 2585 celebretur
848 2543 1082 2587 nomen
1124 2522 1333 2610 ipsius
1379 2533 1445 2587 et
1483 2520 1785 2587 laudetur
1830 2543 1910 2585 ac
1949 2519 2348 2606 glorificetur
2382 2521 2530 2608 ipse
2569 2530 2757 2606 pater
2801 2518 3044 2585 domini
3076 2528 3142 2584 et
3170 2516 3292 2584 sal-

411 2621 702 2685 vatoris
743 2621 949 2687 nostri
1002 2621 1196 2687 Ihesu
1248 2621 1493 2688 Christi
1554 2642 1683 2686 una
1737 2642 1885 2684 cum
1940 2621 2178 2707 spiritu
2233 2628 2490 2703 saneto,
2553 2642 2752 2702 unus,
2815 2618 2990 2685 solus
3005 2668 3024 2701 ‚
3083 2639 3298 2700 verus,

411 2730 776 2802 aeternus,
820 2720 1247 2807 omnipotens,
1292 2722 1665 2787 misericors
1707 2717 1868 2784 deus
1912 2729 2227 2807 perpetuo
2271 2718 2504 2785 seculis
2546 2718 2834 2785 infinitis.
2876 2717 3108 2785 Amen.
3313 2725 3384 2782 20

1198 2981 1412 3073 [S.51]
1465 3004 1561 3051 DE
1600 3001 2097 3051 ms'rmc'rlome
2145 3001 2554 3051 remonon.

613 3152 689 3217 In
732 3152 1060 3218 mentione
1118 3150 1548 3217 distinctionis
1606 3160 1971 3240 temporum
2031 3153 2134 3218 usi
2191 3174 2410 3218 sumus
2454 3152 2841 3219 nominibus
2881 3152 3300 3218 trimestrium

424 3261 497 3316 et
546 3253 964 3318 semestrium
982 3301 1002 3335 ,
1046 3273 1211 3339 quae
1255 3274 1611 3336 congruere
1662 3251 1771 3333 iis,
1830 3253 2067 3340 quibus
2111 3252 2515 3334 tribuuntur,
2560 3254 2628 3317 in
2671 3253 2794 3318 hac
2836 3274 3056 3316 rerum
3098 3250 3300 3314 admi·

426 3353 834 3417 nistratione
873 3353 1019 3416 visa
1062 3359 1223 3416 sunt.
1306 3349 1453 3417 Etsi
1496 3360 1713 3416 autem
1756 3352 2114 3416 trimestria
2165 3363 2348 3425 (nam
2392 3351 2473 3417 de
2525 3351 2941 3417 semestribus
2983 3349 3161 3415 nulla
3203 3361 3301 3414 est

424 3450 923 3528 controversia)
966 3449 1336 3537 inaequalia
1378 3461 1546 3533 sunt,
1587 3447 1743 3513 nihil
1790 3460 2008 3515 tamen
2053 3450 2446 3516 incommodi
2487 3450 2686 3516 habet
2725 3450 2874 3516 talis
2920 3447 3380 3537 appellatiO,25

426 3552 542 3616 vel
612 3561 713 3616 est
755 3551 972 3637 potius
1035 3548 1122 3615 ad
1180 3561 1423 3615 certam
1482 3549 1959 3614 distinctionem
2012 3549 2266 3615 idonea.
2375 3549 2561 3615 Stata
2620 3573 2775 3615 vero
2831 3551 3020 3615 initia
3080 3551 3295 3637 spatia

427 3650 845 3738 singulorum
890 3648 1296 3714 semestrium
1327 3647 1657 3729 definiunt,
1698 3657 1770 3711 ut
1807 3648 1994 3714 verbi
2040 3671 2239 3715 causa
2280 3647 2684 3715 ordientibus
2728 3670 2768 3713 a
2810 3650 3025 3713 vernis
3070 3649 3292 3732 initiis,

429 3772 611 3837 quae
654 3757 751 3813 est
791 3747 990 3834 vulgo
1033 3748 1308 3835 angaria
1347 3747 1601 3830 ieiunii,
1646 3748 1969 3813 trimestre
2011 3748 2138 3814 hoc
2180 3747 2398 3813 finitur
2439 3749 2643 3813 initiis
2688 3748 2975 3832 aestatis,
3019 3749 3295 3834 angaria

428 3849 751 3914 nimirum
825 3856 1251 3936 pentecostes.
1370 3846 1710 3912 Aestivum
1779 3855 1996 3911 autem
2055 3848 2380 3912 trimestre
2435 3846 2657 3913 finitur
2720 3848 2922 3914 initiis
2984 3849 3292 3932 autumni,

430 3949 718 4034 angaria
771 3950 983 4013 crucis
1038 3953 1177 4026 (den
1223 3952 1317 4013 14.
1362 3950 1753 4030 September),
1806 3945 2176 4013 autumnale
2228 3967 2384 4011 vero
2437 3947 2762 4012 trimestre
2815 3947 3035 4014 finitur
3085 3949 3288 4013 initiis
3309 3957 3378 4014 ³0

428 4047 746 4129 brumae,
815 4048 1087 4133 angaria
1148 4045 1211 4111 S.
1256 4045 1546 4110 Thomae
1616 4051 1756 4124 (den
1802 4052 1902 4112 21.
1948 4049 2325 4130 December);
2391 4057 2454 4110 et
2503 4045 2627 4111 hoc
2647 4097 2666 4131 ,
2731 4047 2902 4134 quod
2955 4047 3294 4113 hibernum

435 4160 538 4214 est
584 4149 943 4229 trimestre,
989 4144 1226 4211 desinit
1264 4144 1469 4210 initiis
1513 4146 1764 4230 vernis,
1825 4156 1888 4211 et
1938 4147 2033 4210 ita
2074 4147 2240 4212 ratio
2282 4147 2707 4213 trimestrium
2747 4147 2919 4213 redit
2958 4151 3027 4212 in
3068 4146 3290 4213 orbem

436 4256 503 4312 et
548 4247 953 4312 convertitur
994 4245 1161 4310 serie
1204 4244 1509 4310 indicata.
1595 4243 1750 4310 Sive
1809 4247 2008 4332 igitur
2069 4242 2397 4332 stipendia
2447 4245 2927 4330 professoribus
2983 4245 3292 4312 solvenda

440 4356 655 4430 erunt,
695 4369 811 4411 seu
837 4367 1005 4434 quae
1035 4343 1203 4409 aliae
1236 4366 1343 4409 res
1386 4353 1499 4410 aut
1540 4345 1804 4430 negotia
1845 4342 2197 4410 dividenda
2238 4344 2657 4433 temporibus,
2701 4346 2862 4412 haec
2905 4348 3074 4412 ratio
3118 4355 3292 4411 recte

437 4447 688 4533 poterit
723 4444 1061 4510 observari
1079 4493 1098 4527 ,
1144 4466 1311 4529 quae
1351 4443 1455 4509 vel
1502 4442 1588 4507 ad
1630 4453 1767 4509 tota
1808 4445 2163 4510 trimestria
2205 4443 2618 4528 attribuatur,
2660 4444 2766 4511 vel
2809 4469 2927 4533 pro
2973 4443 3102 4534 [52]
3145 4453 3374 4510 rata35

443 4545 674 4612 horum
720 4554 907 4632 parte
952 4545 1349 4628 exquiratur.
1432 4542 1578 4608 Etsi
1624 4553 1858 4626 autem,
1902 4543 2447 4631 quemadmodum
2491 4543 2732 4610 dictum
2779 4554 2895 4627 est,
2937 4545 3291 4609 trimestria

446 4643 679 4711 diebus
720 4654 868 4710 sunt
920 4640 1291 4729 inaequalia
1310 4692 1329 4726 ,
1392 4641 1553 4708 nihil
1616 4653 1836 4708 tamen
1899 4643 2118 4709 obstat
2183 4642 2631 4709 distribuendo
2700 4645 2768 4709 in
2832 4643 2994 4709 haec
3051 4667 3292 4709 annum

445 4753 725 4834 quatuor
766 4745 896 4809 ista
937 4752 1235 4830 tempora
1288 4764 1408 4830 pro
1452 4741 1833 4831 aequalibus
1876 4742 2122 4808 haberi.
