4038 6358
847 608 967 672 414
1862 604 1964 658 Die
2000 604 2439 671 philosophischc
2474 605 2729 657 Facultat.

1004 789 1169 854 Item
1210 785 1423 852 nullus
1466 785 1554 851 ad
1594 809 1870 852 examen
1909 787 2015 853 vel
2057 796 2449 875 temptamen
2494 786 2891 871 admittatur,
2947 787 3077 853 nisi
3117 808 3342 852 coram
3383 783 3701 852 omnibu

834 889 1166 1003 magistris
1206 895 1498 973 tempore
1541 886 2042 974 dispensationis
2090 897 2202 952 aut
2240 889 2708 975 conspectionis
2752 909 3179 985 personarum
3233 887 3304 950 in
3355 887 3704 951 conscien-

838 989 940 1052 cia
982 1009 1102 1052 sua
1144 986 1349 1068 dicat,
1411 986 1586 1071 quod
1637 986 1945 1053 lectiones
2001 1010 2152 1051 suas
2209 996 2272 1050 61
2330 988 2656 1051 exercicia
2710 997 2774 1051 et
2826 986 2957 1052 alia
3000 983 3352 1051 secundum
3395 996 3705 1049 tenorem

839 1088 1220 1152 statutorum
1262 1087 1810 1172 praescriptorum
1843 1109 1985 1151 cum
2016 1086 2367 1172 diligencia
2407 1086 2732 1151 audiverit
2772 1095 2835 1150 et
2879 1084 3052 1173 quod
3090 1083 3444 1171 quemlibet
3479 1084 3702 1168 magi-

750 1195 785 1251 5
838 1195 1060 1267 strum,
1113 1208 1155 1249 a
1195 1207 1320 1272 quo
1372 1183 1709 1250 lectionem
1751 1185 1854 1250 vel
1911 1188 2302 1251 exercicium
2357 1186 2635 1268 audivit,
2695 1184 2815 1251 sub
2872 1185 3146 1252 lectione
3198 1183 3306 1250 vel
3362 1184 3702 1249 exercicio

836 1283 1184 1350 secundum
1227 1293 1515 1349 tenorem
1561 1286 1783 1349 statuti
1825 1284 2110 1373 desuper
2153 1287 2423 1352 confecti
2464 1296 2833 1351 contentum
2881 1286 3124 1351 fecerit.

1399 1475 1490 1536 14.
1530 1485 1624 1531 m:
1664 1485 1968 1535 uolutans
2011 1487 2103 1534 ΕΤ
2147 1487 2420 1537 AETATE
2463 1486 3114 1539 Pnouovnunoauu.

1936 1606 2061 1669 νει
2099 1606 2192 1665 v1,
2235 1604 2309 1658 12.
2349 1606 2499 1671 vm,
2535 1608 2581 1658 9.

996 1736 1158 1800 Item
1200 1733 1413 1800 nullus
1459 1733 1835 1799 admittatur
1892 1734 1975 1799 ad
2032 1758 2306 1801 examen
2359 1758 2480 1822 pro
2522 1735 2732 1822 gradu
2774 1735 3255 1802 baccalariatus
3297 1735 3367 1799 in
3411 1732 3693 1815 artibus,

754 1846 818 1901 10
837 1837 963 1901 nisi
1023 1836 1311 1920 attigerit
1366 1853 1603 1898 annum
1670 1839 1760 1915 17,
1819 1857 1941 1898 nee
1995 1857 2117 1921 pro
2186 1834 2398 1921 gradu
2455 1837 2844 1923 magisterii,
2877 1828 3029 1901 ⁴nisi
3091 1835 3387 1921 attigerit
3446 1854 3694 1898 annum

832 1936 1212 2000 vicesimum
1265 1935 1546 2023 primum
1597 1940 1663 1997 et
1716 1931 1795 1996 de
1852 1932 2169 2049 legittimo
2223 1936 2634 2001 matrimonio
2677 1946 2867 2001 natus
2913 1937 3025 2018 sit,
3081 1944 3148 2000 et
3190 1933 3356 2000 alias
3395 1931 3691 1998 moribus

834 2031 1364 2100 commendabilis
1409 2033 1695 2115 existatt,
1735 2034 1828 2097 sic
1870 2033 2044 2121 quod
2087 2035 2154 2098 in
2200 2033 2374 2099 nullo
2418 2054 2694 2108 excessu
2736 2034 3009 2101 notabili
3052 2044 3116 2100 et
3155 2035 3411 2100 notorio
3455 2031 3690 2119 depre-

836 2134 1072 2199 hensus
1114 2132 1337 2213 fuerit3
1397 2130 1568 2218 quod
1611 2132 1693 2197 (16
1737 2132 2025 2219 quolibet
2069 2154 2378 2215 seorsum,
2434 2132 2680 2201 scilicet
2722 2132 2803 2199 de
2843 2144 3057 2199 aetate
3110 2142 3175 2199 et
3230 2133 3687 2219 legittimitate,

830 2242 979 2298 ante
1023 2231 1478 2296 admissionem
1521 2230 1607 2295 ad
1664 2253 1940 2296 examen
1979 2232 2086 2296 vel
2138 2243 2533 2329 temptamen
2589 2254 2707 2320 per
2752 2233 3070 2307 decanum
3121 2234 3488 2319 inquiratur
3541 2230 3686 2296 dili·

752 2341 814 2396 15
832 2340 1073 2418 genter.
1160 2329 1340 2410 Quos
1385 2330 1591 2393 eciam
1634 2343 1697 2393 et
1738 2330 2090 2418 quemlibet
2145 2334 2213 2396 in
2258 2330 2494 2420 aliqu0,
2550 2343 2624 2397 ut
2669 2334 3124 2419 praemittitur,
3186 2355 3463 2399 excessu
3502 2340 3686 2397 nota-

829 2430 945 2499 bili
985 2432 1240 2495 notorio
1280 2427 1666 2516 culpabilem
1709 2429 1979 2516 quilibet
2024 2432 2482 2546 magistrorum
2532 2433 2741 2496 sciens
2783 2431 3212 2499 denuncciare
3259 2442 3323 2497 et
3366 2430 3685 2519 impedire

830 2538 1044 2617 potest
1085 2539 1148 2595 et
1189 2537 1472 2611 tenetur3
1529 2550 1649 2592 nec
1692 2530 1899 2593 eciam
1939 2529 2090 2594 talis
2130 2532 2199 2595 in
2258 2539 2585 2616 posterum
2630 2524 3027 2615 admittatur,
3078 2535 3216 2597 nisi‘
3248 2532 3414 2598 adeo
3458 2531 3678 2596 lauda-

832 2629 1048 2694 biliter
1088 2639 1157 2721 61
1196 2630 1483 2693 virtuose
1519 2649 1597 2692 se
1651 2629 1914 2711 rexerit,
1968 2630 2139 2713 quod
2196 2652 2280 2694 ex
2334 2639 2665 2695 transacta
2703 2633 2996 2696 virtuosa
3050 2632 3187 2696 eius
3225 2634 3366 2697 vita
3407 2631 3490 2697 de
3534 2630 3679 2695 sub-

830 2730 1119 2815 sequenti
1159 2728 1297 2791 eius
1339 2731 1829 2792 conversatione
1871 2727 2184 2793 laudabili
2225 2740 2697 2816 praesumatur.
2741 2729 2828 2794 Et
2856 2729 3053 2794 talem
3096 2753 3436 2797 excessum
3479 2729 3680 2795 facul-

744 2837 931 2894 20tas
975 2827 1219 2891 arcium
1273 2833 1535 2914 reputat
1573 2825 1924 2892 notabilem
1965 2837 2029 2892 et
2068 2830 2412 2910 notorium,
2471 2828 2551 2893 de
2595 2852 2721 2914 quo
2765 2851 2884 2917 per
2926 2840 3243 2896 rectorem
3288 2839 3353 2895 et
3394 2850 3678 2894 assesso-

827 2951 931 2992 res
988 2927 1127 2991 eius
1183 2927 1623 2990 incarceratus
1687 2926 1912 3010 fuerit,
1968 2926 2073 2992 vel
2132 2928 2187 2992 si
2244 2926 2558 3017 publicus·
2599 2930 3080 2994 mereti-icarius
3137 2930 3365 3011 fuerit,
3437 2927 3676 2992 86111661

828 3025 999 3112 quod
1055 3027 1121 3089 in
1181 3024 1369 3090 domo
1413 3023 1831 3090 habitationis
1878 3048 2036 3091 suae
2091 3025 2424 3095 mulierem
2481 3037 2850 3113 suspectam
2909 3027 3169 3116 publice
3211 3029 3527 3109 tenuerit,
3580 3024 3674 3090 vel

830 3125 915 3192 ad
958 3123 1295 3191 comodum
1337 3123 1575 3190 bursae
1618 3148 1771 3191 suae
1814 3125 2006 3192 talem
2051 3124 2511 3208 introduxerit,
2566 3127 2668 3192 vel
2723 3127 2856 3214 alia
2896 3127 3084 3194 domo
3131 3150 3245 3193 seu
3288 3125 3674 3194 domuncula

827 3225 931 3291 vel
975 3224 1242 3291 comodo
1282 3226 1606 3290 meretrici
1650 3224 1951 3313 publicae
2000 3224 2103 3291 vel
2159 3225 2606 3291 meretricibus
2662 3227 2943 3314 publicis
2994 3238 3422 3293 conversatus
3468 3228 3672 3307 fuerit,

745 3335 811 3391 25
832 3324 935 3392 vel
992 3327 1062 3389 in
1105 3323 1564 3390 collacionibus
1611 3334 1723 3389 aut
1765 3325 2082 3412 prandiis,
2142 3323 2254 3389 ubi
2306 3324 2500 3389 talem
2547 3324 2650 3389 vel
2705 3324 2871 3391 tales
2918 3349 3061 3392 esse
3117 3327 3413 3409 sciverit,
3469 3326 3673 3406 fuerit,

830 3424 935 3492 vel
977 3423 1189 3491 locum
1238 3431 1632 3511 suspectum,
1676 3423 1977 3488 videlicet
2015 3423 2466 3511 prostibulum,
2509 3425 2901 3509 visitaverit,
2957 3437 3021 3491 et
3064 3425 3143 3491 de
3183 3426 3304 3491 hoc
3346 3429 3675 3491 convictus

835 3523 939 3589 vel
982 3525 1312 3588 confessus
1351 3522 1458 3587 vel
1503 3546 1621 3611 per
1664 3533 2116 3589 conventorem
2170 3534 2441 3611 propter
2481 3519 2652 3588 hunc
2708 3533 2773 3588 et
2829 3524 3177 3611 quemlibet
3216 3525 3414 3589 alium
3460 3547 3674 3590 exces-

831 3645 973 3690 sum
1016 3623 1098 3688 de
1140 3623 1341 3688 bursa
1384 3645 1501 3687 sua
1542 3622 1851 3709 expulsus
1909 3623 2135 3707 fuerit,
2196 3623 2300 3689 vel
2354 3623 2423 3687 in
2478 3621 2836 3710 prostibulo
2892 3624 2997 3689 vel
3049 3635 3237 3690 extra
3289 3624 3559 3712 publice
3615 3647 3676 3689 se

826 3719 1237 3810 percusserit,
1298 3721 1403 3788 vel
1458 3722 1550 3787 ibi
1590 3722 1935 3787 wlneratus
1981 3746 2065 3788 ex
2124 3722 2315 3811 culpa
2337 3741 2344 3750 '
2368 3736 2500 3788 sua·
2545 3723 2738 3788 fuerit
2775 3732 3006 3811 captus
3051 3724 3155 3789 vel
3210 3724 3674 3811 deprehensus,

744 3822 936 3888 30vel
977 3825 1085 3907 qui
1129 3821 1214 3887 ad
1256 3820 1517 3886 taxilles
1543 3824 1611 3885 in
1637 3821 1925 3887 tabernis
1967 3822 2225 3909 publice
2268 3822 2513 3906 luserit,
2557 3822 2661 3888 vel
2701 3822 3118 3888 hastiludium
3148 3826 3216 3888 in
3246 3824 3388 3889 foro
3419 3822 3676 3911 publice

827 3923 1218 4005 exercuerit,
1276 3921 1379 3986 vel
1437 3924 1548 4009 qui
1605 3920 1825 3986 verbis
1883 3923 2215 3987 iniuriosis
2268 3920 2546 4012 aliquem
2587 3924 3048 4007 magistrorum
3105 3922 3364 4010 publice
3421 3923 3676 3988 laeserit

826 4020 930 4085 vel
970 4023 1185 4108 ipsum
1227 4021 1535 4085 iniuriose
1574 4022 1982 4107 percusserit,
2026 4020 2132 4084 vel
2173 4020 2413 4085 furtum
2456 4022 2558 4087 vel
2622 4021 2781 4086 alios
2825 4045 3151 4105 excessus,
3211 4044 3373 4110 quos
3420 4025 3675 4087 comita·

826 4131 934 4184 tur
989 4120 1258 4185 infamia
1310 4118 1415 4186 vel
1469 4119 1845 4184 scandalum
1866 4169 1884 4202 ,
1942 4122 2335 4185 commiserit
2390 4122 2492 4186 vel
2552 4125 3041 4207 perpetraverit.
3117 4121 3416 4202 Quorum
3468 4120 3675 4186 nullus

828 4220 1055 4302 eciam,
1113 4221 1170 4284 si
1213 4216 1294 4284 de
1336 4217 1554 4307 aliquo
1584 4218 2077 4310 ¹praedictorum
2119 4241 2502 4284 excessuum
2545 4207 2886 4306 suspectus
2928 4220 3030 4284 vel
3074 4221 3426 4290 infamatus
3466 4222 3674 4303 fuerit,

745 4327 814 4383 35
833 4319 962 4383 nisi
1001 4340 1071 4392 36
1114 4318 1194 4383 (16
1230 4317 1342 4382 tali
1380 4342 1495 4406 per
1540 4341 1723 4383 suum
1764 4319 2196 4384 iuramentum
2241 4322 2742 4406 expurgaverit,
2802 4320 2888 4386 ad
2932 4342 3205 4385 examen
3248 4321 3351 4385 vel
3397 4331 3674 4408 tempta-

824 4439 994 4500 men,
1039 4418 1134 4483 uti
1178 4419 1605 4505 praemissum
1652 4429 1779 4502 est,
1828 4418 2040 4505 aliquo
2082 4417 2273 4484 modo
2317 4418 2712 4484 admittatur.

1695 4608 1787 4668 15.
1829 4619 1924 4667 DE
1967 4620 2226 4669 nAm'rn
2271 4619 2822 4669 supposrronnu.

2063 4739 2187 4802 νει.
2223 4739 2317 4796 v1,
2365 4739 2437 4790 13.

982 4855 1149 4920 Item
1190 4853 1401 4922 nullus
1444 4851 1849 4920 baccalarius
1893 4861 2004 4920 aut
2049 4853 2328 4940 simplex
2386 4852 2654 4920 studens
2706 4854 2774 4919 in
2830 4852 3080 4920 artibus
3140 4865 3355 4942 portet
3408 4856 3673 4945 pallium

735 4963 905 5019 40ex
951 4963 1223 5039 utroque
1270 4949 1439 5041 [19¹³]
1497 4954 1700 5020 latere
1754 4953 1857 5018 vel
1913 4975 2040 5018 uno
2097 4964 2392 5040 apertum
2452 4977 2596 5018 cum
2651 4952 2876 5041 iopula
2924 4953 3028 5018 vel
3080 4955 3454 5039 tunicella,¹
3511 4980 3672 5046 quae

986 5193 1007 5241 1
1049 5186 1331 5242 Hiernach
1367 5186 1439 5242 ist
1472 5203 1581 5243 von
1627 5189 1877 5257 spaterer
1913 5184 2082 5242 Hand
2119 5202 2206 5241 am
2245 5185 2440 5241 Raude
2472 5182 2873 5256 eingeschoben
2926 5186 3015 5241 vel
3047 5187 3198 5243 aliae
3225 5195 3396 5244 vestes
3429 5190 3669 5245 indecen-

821 5278 897 5327 tes
933 5272 1021 5327 vel
1055 5272 1309 5329 tunicam.
