4038 6358
1249 599 1445 648 basiert
1476 601 1574 649 anf
1600 601 1817 664 Herzog
1853 599 2061 664 Georgs
2097 600 2476 653 Reformation.
3199 604 3283 669 39

758 779 972 865 primo
1016 800 1186 843 anno
1227 779 1474 866 primus
1517 802 1728 845 canon
1763 779 2144 847 Avicennae
2182 804 2326 847 cum
2370 782 2782 847 enarratione
2823 782 3048 849 Iacobi
3079 783 3282 848 Foro-

841 876 1147 942 liviensis,

762 976 1043 1042 secundo
1106 998 1274 1042 anno
1323 976 1491 1042 liber
1530 978 1951 1045 microtechni
1994 1000 2108 1043 seu
2150 1002 2260 1044 ars
2303 1003 2514 1066 parva
2558 979 2794 1046 Galeni
2837 1005 2981 1047 cum
3026 981 3282 1068 exposi-

848 1078 1023 1140 tione
1068 1075 1398 1141 '1¹rusiani.

754 1176 944 1240 tertio
1021 1174 1188 1239 liber
1245 1175 1765 1262 aphorismorum
1814 1176 2244 1263 Hippocratis
2299 1200 2444 1243 cum
2504 1189 2863 1246 commento
2926 1179 3163 1245 Galeni
3217 1189 3283 1244 et
3333 1188 3366 1242 5

846 1272 1073 1339 Iacobi
1113 1273 1347 1339 dubiis.

585 1369 823 1437 Hora
863 1373 1131 1459 prima
1174 1374 1752 1459 pomeridiana
1791 1396 2016 1440 cursus
2058 1373 2517 1443 medicinae
2561 1379 2983 1465 practicae
3020 1399 3282 1441 enarra-

398 1462 599 1535 bitur
615 1518 634 1553 ,
682 1472 1057 1557 pariterque
1099 1473 1378 1539 triennio
1423 1473 1679 1539 finietur
1697 1496 1712 1538 t

762 1592 931 1636 anno
974 1572 1183 1657 primo
1222 1570 1388 1639 liber
1431 1593 1505 1639 lx
1546 1573 1739 1639 Rasis
1784 1573 1869 1638 ad
1910 1571 2360 1640 Almansorcm
2425 1574 2505 1640 de
2559 1573 3078 1662 aegritudinibus
3137 1597 3280 1639 cum

849 1670 1289 1739 declaratione
1330 1671 1663 1737 Arculani.
3303 1685 3368 1740 10

760 1771 1043 1837 secundo
1056 1774 1154 1937 ailrlx
1197 1773 1408 1858 prima
1450 1772 1742 1858 quarti,¹
1800 1793 1965 1856 quae
2008 1780 2109 1836 est
2158 1771 2239 1837 de
2276 1771 2568 1838 febribus
2615 1794 2760 1837 cum
2802 1776 3278 1839 annotamentis

851 1893 1054 1957 gener
1126 1870 1286 1936 ’bus.

767 1971 957 2036 tertio
1024 1992 1193 2035 anno
1248 1992 1443 2057 super
1484 1979 1718 2058 quarta
1756 1971 1983 2057 primi,
2033 1993 2199 2060 quae
2254 1980 2354 2034 est
2395 1970 2476 2035 de
2534 1969 2964 2037 medicatione
3023 1973 3092 2037 in
3135 1974 3276 2037 uni-

726 2064 744 2080 *
855 2068 1097 2137 versali
1141 2092 1284 2135 cum
1324 2070 1486 2135 Dini
1525 2069 1629 2136 vel
1664 2069 1916 2156 Ugonis
1947 2071 2367 2156 expositione.

592 2165 825 2233 Hora
879 2170 1135 2235 tertia
1191 2167 1508 2250 doctores,
1562 2171 1631 2235 in
1674 2168 2046 2234 facultatem
2088 2169 2485 2235 medicorum
2527 2171 2875 2256 assumpti,
2918 2170 3137 2257 legere
3181 2195 3279 2237 so-
3306 2182 3367 2237 15

406 2263 589 2350 lent,
632 2289 905 2354 quorum
943 2290 1108 2335 unus
1151 2267 1274 2334 hoc
1315 2269 1614 2333 semestri
1653 2267 1827 2355 leget
1865 2271 2327 2356 prognosticon
2366 2268 2811 2355 Hippocratis.

593 2364 1038 2434 Anatomia
1082 2390 1197 2433 seu
1239 2369 1539 2455 corporis
1558 2369 1832 2434 insectio
1860 2367 2133 2453 singulis
2162 2370 2370 2451 anniS,
2412 2389 2684 2454 corpore
2727 2368 3012 2433 exanimi
3039 2368 3279 2451 oblate,

410 2463 794 2549 habebitur,
822 2469 962 2533 sine
981 2489 1111 2553 qua
1131 2466 1341 2532 nulla²
1364 2467 1655 2554 perfecta
1678 2467 2052 2533 morborum
2069 2477 2132 2532 et
2144 2466 2464 2533 humanae
2489 2468 2966 2533 constitutionis
2981 2468 3279 2554 cognitio.

591 2565 1227 2653 Disputationis
1270 2567 1651 2633 exercitium
1693 2589 1826 2632 non
1866 2567 2141 2632 deerit.³
3300 2574 3371 2632 20

1516 2734 1741 2783 FACUL
1748 2732 1874 2782 ΤΑΒ
1918 2734 2206 2782 ARTIUM.

592 2832 760 2900 Cum
824 2831 1276 2920 philosophia,
1359 2843 1430 2898 ut
1492 2831 1722 2899 Cicero
1789 2833 1910 2916 ait,
1971 2831 2216 2898 nullum
2276 2831 2517 2898 bonum
2578 2830 2966 2919 optabilius,
3029 2830 3273 2897 nullum

420 2932 872 3020 praestantius
914 2954 1120 3019 neque
1160 2932 1526 2999 mortalium
1565 2932 1788 3018 generi
1830 2931 2053 2998 datum
2093 2934 2176 2997 sit
2227 2955 2347 2999 nec
2390 2932 2470 2997 de
2532 2932 2667 2997 celo
2725 2954 3100 2996 concessum
3163 2942 3278 2996 aut

420 3032 680 3096 muneri
724 3029 986 3096 dabitur
1027 3053 1344 3116 unquam:
1404 3041 1474 3097 ut
1515 3031 1629 3097 illa
1669 3024 1923 3118 quoque
1964 3032 2318 3119 potiamur,
2374 3030 2792 3097 Aristotelem
2837 3029 3066 3096 ducem
3112 3030 3269 3096 sele-

420 3131 675 3216 gimus,
745 3152 935 3216 quem
990 3131 1265 3197 scientia
1307 3155 1557 3216 rerum,
1624 3132 2012 3218 scriptorum
2047 3132 2276 3222 copia,
2337 3129 2674 3218 eloquendi
2728 3130 3034 3197 facultate
3074 3141 3138 3196 et
3176 3132 3268 3195 in-
3289 3141 3355 3197 25

422 3231 803 3294 ventionum
847 3232 1143 3296 acumine
1182 3233 1458 3296 facimus
1502 3231 2039 3296 commendatum.
2121 3231 2270 3296 Non
2329 3230 2498 3297 illius
2556 3233 2984 3319 interpretum
3029 3233 3280 3296 somnia

424 3337 541 3395 aut
592 3330 935 3394 intricatas
990 3333 1402 3416 quaestiones
1458 3329 2062 3417 interpretabimur,
2132 3353 2274 3396 cum
2331 3333 2676 3396 miserrimi
2734 3334 2820 3395 sit
2871 3331 3148 3416 ingenii,
3207 3341 3276 3396 ut

425 3428 679 3494 Seneca
722 3430 845 3512 ait,
902 3452 984 3494 ex
1042 3430 1520 3495 commentariis
1563 3438 1813 3494 tantum
1861 3452 2123 3517 sapere,
2176 3431 2245 3495 in
2285 3429 2519 3516 quibus
2571 3429 2861 3517 neglecto
2905 3427 3276 3494 Aristotelis

426 3551 623 3593 sensu
667 3527 746 3592 dc
790 3528 975 3612 lana,
1029 3539 1100 3594 ut
1160 3531 1371 3613 aiunt,
1428 3529 1699 3616 caprina
1756 3528 2153 3595 contendunt
2207 3529 2558 3616 sophistae.
2649 3528 2781 3595 Sed
2837 3528 3011 3594 illius
3058 3552 3279 3616 opera,

424 3629 667 3714 partim
714 3627 800 3693 ab
840 3628 1291 3717 Archeropylo
1331 3630 1573 3717 partim
1616 3628 1700 3693 ab
1741 3626 2106 3715 Augustino
2160 3627 2375 3715 Nipho
2420 3639 2483 3694 et
2538 3626 2889 3693 Hermolao
2932 3626 3355 3711 ,Barbaro‚30

426 3726 774 3795 Theodoro
814 3729 1006 3796 Gaza
1050 3729 1395 3811 translata,
1437 3727 1944 3793 enucleabuntur
1985 3728 2213 3793 ordine
2258 3728 2656 3815 subscripto:

469 3891 802 3959 Accurata
855 3892 1202 3960 lectionum
1254 3892 1581 3959 facultatis
1638 3893 2066 3977 ingenuarum
2118 3893 2354 3957 artium
2409 3892 2728 3958 ordinatio
2770 3891 3041 3977 singulis
3085 3893 3283 3978 horis,

859 3994 1267 4079 ingeniorum
1310 3992 1615 4057 varietati
1658 3990 2044 4077 diversoque
2083 3991 2296 4056 studio
2341 3991 2848 4057 accommodata.

594 4123 829 4189 Hora·
863 4131 1096 4189 sexta
1136 4125 1568 4190 matutina.
1652 4124 1938 4210 Legetur
1980 4147 2099 4211 per
2143 4147 2427 4189 annuum
2471 4124 2625 4190 solis
2657 4124 3049 4190 curriculum
3082 4135 3282 4191 meta-

678 4223 953 4310 physica
988 4223 1378 4308 Aristotelis,
1425 4246 1464 4287 a
1491 4223 1879 4287 Bessarione
1922 4224 2396 4311 peripathetico
2443 4232 2507 4288 et
2546 4223 2919 4288 academico
2965 4228 3363 4311 peregre⁴35

677 4324 1171 4408 consultissimo,
1202 4324 1532 4389 Romanae
1569 4322 1882 4388 ecclesiae
1921 4322 2238 4389 cardinali
2267 4332 2330 4387 et
2357 4322 2607 4388 erudito
2638 4323 2958 4388 Graeciae
2999 4322 3279 4407 alumne,

676 4420 840 4487 adeo
871 4419 1077 4509 perite
1109 4433 1171 4487 et
1195 4422 1368 4489 bona
1396 4421 1524 4487 fide
1543 4423 1738 4487 Latio
1765 4422 2025 4505 donata,
2059 4433 2191 4487 uta
2212 4423 2468 4508 graecis
2482 4421 2864 4487 Aristotelis
2900 4421 3284 4507 exemplari-

676 4519 799 4585 bus
842 4531 907 4585 et
945 4524 1283 4588 sententiis
1326 4546 1409 4588 ne
1452 4521 1537 4586 ad
1579 4531 2025 4586 transversum
2055 4521 2315 4609 quidem
2343 4544 2621 4608 unguem
2650 4519 2894 4586 distare
2917 4523 2942 4562 ⁵
2965 4520 3285 4587 videatur.

572 4759 593 4809 1
632 4753 705 4809 D.
740 4755 775 4808 i.
810 4754 873 4807 in
898 4754 1091 4825 prima
1112 4758 1225 4824 sen
1257 4754 1448 4823 quarti
1478 4752 1688 4823 (libri)
1722 4752 1952 4807 canonis
1988 4753 2331 4822 Avicevmae‚
2376 4751 2727 4825 desgleichen
2759 4752 3019 4808 bedeutet
3049 4752 3150 4806 das
3186 4752 3287 4808 fol·

427 4838 606 4908 gende
637 4855 803 4908 cuper
834 4846 1036 4908 quarta
1064 4838 1246 4907 primi
1275 4863 1345 4884 =
1379 4854 1545 4908 smper
1580 4844 1781 4906 quarta
1801 4840 1913 4906 sen
1937 4837 2120 4905 primi
2153 4837 2364 4906 (libri)
2404 4839 2632 4892 canonis
2664 4839 2992 4909 Avia-ennae,
3027 4838 3163 4893 iiber
3199 4839 3289 4894 die

429 4921 600 4992 Hugo
635 4921 894 4978 Senensis
927 4940 980 4976 u.
1018 4921 1200 4976 Diuus
1232 4921 1301 4976 de
1334 4921 1525 4978 Garbo
1559 4920 1721 4975 einen
1756 4919 2113 4975 Commentar
2145 4920 2506 4991 geschrieben
2539 4921 2752 4976 hatten.

563 5010 594 5061 2
628 5006 787 5061 malla
819 5005 960 5061 fehlt
993 5005 1083 5061 bei
1119 5005 1327 5078 Voge13
1378 5004 1523 5062 doch
1567 5021 1700 5077 mag
1742 5002 1887 5059 auch
1938 5019 2031 5057 am
2079 5002 2338 5062 Schlusse
2387 5004 2477 5061 ein
2523 5005 2771 5061 Verbum
2816 5010 2963 5061 samt
3011 5005 3290 5080 Negation

428 5088 792 5160 weggefallen
826 5090 961 5145 sein.

570 5179 601 5230 3
636 5174 714 5228 Es
754 5173 903 5228 steht
933 5172 1234 5246 eigentlich
1266 5174 1434 5245 ‹1oeth
1470 5171 1831 5245 geschrieben
1863 5169 1965 5224 mit
1996 5168 2339 5240 iiberlegtem
2363 5170 2652 5228 Hakchen.

564 5262 595 5312 4
630 5257 989 5314 Undeutlich.
1161 5263 1192 5313 5
1229 5257 1350 5313 Das
1388 5258 1554 5313 Wort
1588 5258 1661 5312 ist
1696 5254 1822 5312 sehr
1855 5253 2177 5310 undeutlich
2214 5253 2576 5326 geschrieben
2592 5299 2608 5328 ,
2643 5257 2921 5314 vielleicht
2955 5259 3289 5332 discrepare.
