<?xml version="1.0" encoding="UTF-8"?>
<!DOCTYPE html PUBLIC "-//W3C//DTD XHTML 1.0 Transitional//EN"
    "http://www.w3.org/TR/xhtml1/DTD/xhtml1-transitional.dtd">
<html xmlns="http://www.w3.org/1999/xhtml" xml:lang="en" lang="en">
 <head>
  <title>
</title>
<meta http-equiv="Content-Type" content="text/html;charset=utf-8" />
  <meta name='ocr-system' content='tesseract 3.04.00' />
  <meta name='ocr-capabilities' content='ocr_page ocr_carea ocr_par ocr_line ocrx_word'/>
</head>
<body>
  <div class='ocr_page' id='page_1' title='image "./diestatutenbche02leipgoog_0459.png"; bbox 0 0 4038 6358; ppageno 0'>
   <div class='ocr_carea' id='block_1_1' title="bbox 1199 587 3250 654">
    <p class='ocr_par' dir='ltr' id='par_1_1' title="bbox 1199 587 3250 654">
     <span class='ocr_line' id='line_1_1' title="bbox 1199 587 3250 654; baseline -0 -11"><span class='ocrx_word' id='word_1_1' title='bbox 1199 590 1381 644; x_wconf 79' lang='lat' dir='ltr'><strong>Vierto</strong></span> <span class='ocrx_word' id='word_1_2' title='bbox 1414 589 1923 645; x_wconf 74' lang='lat' dir='ltr'><strong>statutenredaction</strong></span> <span class='ocrx_word' id='word_1_3' title='bbox 1938 628 1953 653; x_wconf 95' lang='lat'><strong>,</strong></span> <span class='ocrx_word' id='word_1_4' title='bbox 1984 604 2094 645; x_wconf 83' lang='lat' dir='ltr'><strong>von</strong></span> <span class='ocrx_word' id='word_1_5' title='bbox 2133 588 2480 644; x_wconf 74' lang='lat' dir='ltr'><strong>use-1522.</strong></span> <span class='ocrx_word' id='word_1_6' title='bbox 3127 587 3250 654; x_wconf 69' lang='grc'><strong>443</strong></span> 
     </span>
    </p>
   </div>
   <div class='ocr_carea' id='block_1_2' title="bbox 268 767 3330 1339">
    <p class='ocr_par' dir='ltr' id='par_1_2' title="bbox 268 767 3330 1339">
     <span class='ocr_line' id='line_1_2' title="bbox 268 767 3247 861; baseline 0 -26"><span class='ocrx_word' id='word_1_7' title='bbox 268 768 561 837; x_wconf 71' lang='lat' dir='ltr'><strong>aiones</strong></span> <span class='ocrx_word' id='word_1_8' title='bbox 640 770 1075 841; x_wconf 76' lang='lat' dir='ltr'><strong>indiscretae</strong></span> <span class='ocrx_word' id='word_1_9' title='bbox 1122 771 1196 839; x_wconf 87' lang='lat' dir='ltr'><strong>in</strong></span> <span class='ocrx_word' id='word_1_10' title='bbox 1252 770 1847 845; x_wconf 73' lang='lat' dir='ltr'><strong>dehonestationem</strong></span> <span class='ocrx_word' id='word_1_11' title='bbox 1901 774 2030 843; x_wconf 87' lang='lat' dir='ltr'><strong>loci</strong></span> <span class='ocrx_word' id='word_1_12' title='bbox 2073 783 2137 841; x_wconf 85' lang='lat' dir='ltr'><strong>et</strong></span> <span class='ocrx_word' id='word_1_13' title='bbox 2185 775 2648 861; x_wconf 82' lang='lat' dir='ltr'><strong>magistrorum</strong></span> <span class='ocrx_word' id='word_1_14' title='bbox 2693 768 2787 837; x_wconf 88' lang='lat' dir='ltr'><strong>ibi</strong></span> <span class='ocrx_word' id='word_1_15' title='bbox 2825 767 3247 837; x_wconf 84' lang='lat' dir='ltr'><strong>morancium.</strong></span> 
     </span>
     <span class='ocr_line' id='line_1_3' title="bbox 278 868 3249 965; baseline -0 -30"><span class='ocrx_word' id='word_1_16' title='bbox 278 869 497 936; x_wconf 87' lang='lat' dir='ltr'><strong>Item</strong></span> <span class='ocrx_word' id='word_1_17' title='bbox 574 872 905 941; x_wconf 71' lang='lat' dir='ltr'><strong>sollicite</strong></span> <span class='ocrx_word' id='word_1_18' title='bbox 953 872 1229 961; x_wconf 82' lang='lat' dir='ltr'><strong>vigilent</strong></span> <span class='ocrx_word' id='word_1_19' title='bbox 1243 922 1263 958; x_wconf 96' lang='lat'><strong>,</strong></span> <span class='ocrx_word' id='word_1_20' title='bbox 1326 876 1499 964; x_wconf 89' lang='lat' dir='ltr'><strong>quod</strong></span> <span class='ocrx_word' id='word_1_21' title='bbox 1560 875 1841 943; x_wconf 89' lang='lat' dir='ltr'><strong>scolares</strong></span> <span class='ocrx_word' id='word_1_22' title='bbox 1902 897 2126 965; x_wconf 88' lang='lat' dir='ltr'><strong>eorum</strong></span> <span class='ocrx_word' id='word_1_23' title='bbox 2181 873 2566 943; x_wconf 80' lang='lat' dir='ltr'><strong>latinitatem</strong></span> <span class='ocrx_word' id='word_1_24' title='bbox 2623 872 2844 937; x_wconf 84' lang='lat' dir='ltr'><strong>stricte</strong></span> <span class='ocrx_word' id='word_1_25' title='bbox 2902 868 3249 935; x_wconf 75' lang='lat' dir='ltr'><strong>observent</strong></span> 
     </span>
     <span class='ocr_line' id='line_1_4' title="bbox 276 966 3248 1085; baseline -0 -49"><span class='ocrx_word' id='word_1_26' title='bbox 276 967 629 1085; x_wconf 73' lang='lat' dir='ltr'><strong>aliaque</strong></span> <span class='ocrx_word' id='word_1_27' title='bbox 686 974 854 1041; x_wconf 87' lang='lat' dir='ltr'><strong>iura</strong></span> <span class='ocrx_word' id='word_1_28' title='bbox 888 971 1181 1041; x_wconf 83' lang='lat' dir='ltr'><strong>bursalia</strong></span> <span class='ocrx_word' id='word_1_29' title='bbox 1218 982 1499 1041; x_wconf 81' lang='lat' dir='ltr'><strong>teneant.</strong></span> <span class='ocrx_word' id='word_1_30' title='bbox 1582 975 1671 1043; x_wconf 86' lang='lat' dir='ltr'><strong>Et</strong></span> <span class='ocrx_word' id='word_1_31' title='bbox 1709 976 1790 1043; x_wconf 90' lang='lat' dir='ltr'><strong>de</strong></span> <span class='ocrx_word' id='word_1_32' title='bbox 1830 996 2034 1043; x_wconf 88' lang='lat' dir='ltr'><strong>coena</strong></span> <span class='ocrx_word' id='word_1_33' title='bbox 2073 973 2398 1041; x_wconf 86' lang='lat' dir='ltr'><strong>servanda</strong></span> <span class='ocrx_word' id='word_1_34' title='bbox 2425 972 2822 1039; x_wconf 79' lang='lat' dir='ltr'><strong>conforment</strong></span> <span class='ocrx_word' id='word_1_35' title='bbox 2843 990 2914 1035; x_wconf 86' lang='lat' dir='ltr'><strong>se</strong></span> <span class='ocrx_word' id='word_1_36' title='bbox 2937 966 3248 1055; x_wconf 82' lang='lat' dir='ltr'><strong>collegiis,</strong></span> 
     </span>
     <span class='ocr_line' id='line_1_5' title="bbox 282 1068 3250 1164; baseline -0.001 -27"><span class='ocrx_word' id='word_1_37' title='bbox 282 1071 407 1137; x_wconf 73' lang='lat' dir='ltr'><strong>sic</strong></span> <span class='ocrx_word' id='word_1_38' title='bbox 460 1072 713 1159; x_wconf 83' lang='lat' dir='ltr'><strong>quod</strong></span> <span class='ocrx_word' id='word_1_39' title='bbox 762 1081 913 1141; x_wconf 86' lang='lat' dir='ltr'><strong>ante</strong></span> <span class='ocrx_word' id='word_1_40' title='bbox 965 1074 1195 1140; x_wconf 88' lang='lat' dir='ltr'><strong>horam</strong></span> <span class='ocrx_word' id='word_1_41' title='bbox 1251 1068 1542 1164; x_wconf 84' lang='lat' dir='ltr'><strong>quintam</strong></span> <span class='ocrx_word' id='word_1_42' title='bbox 1594 1098 1725 1142; x_wconf 91' lang='lat' dir='ltr'><strong>non</strong></span> <span class='ocrx_word' id='word_1_43' title='bbox 1768 1084 2036 1142; x_wconf 78' lang='lat' dir='ltr'><strong>coenent</strong></span> <span class='ocrx_word' id='word_1_44' title='bbox 2071 1097 2194 1140; x_wconf 90' lang='lat' dir='ltr'><strong>nec</strong></span> <span class='ocrx_word' id='word_1_45' title='bbox 2241 1073 2328 1139; x_wconf 88' lang='lat' dir='ltr'><strong>ad</strong></span> <span class='ocrx_word' id='word_1_46' title='bbox 2380 1094 2646 1139; x_wconf 86' lang='lat' dir='ltr'><strong>coenam</strong></span> <span class='ocrx_word' id='word_1_47' title='bbox 2693 1068 2942 1158; x_wconf 85' lang='lat' dir='ltr'><strong>pulsari</strong></span> <span class='ocrx_word' id='word_1_48' title='bbox 2987 1068 3250 1151; x_wconf 87' lang='lat' dir='ltr'><strong>faciant,</strong></span> 
     </span>
     <span class='ocr_line' id='line_1_6' title="bbox 288 1167 3330 1265; baseline 0 -30"><span class='ocrx_word' id='word_1_49' title='bbox 288 1168 551 1235; x_wconf 70' lang='lat' dir='ltr'><strong>salvis</strong></span> <span class='ocrx_word' id='word_1_50' title='bbox 614 1174 848 1239; x_wconf 78' lang='lat' dir='ltr'><strong>certis</strong></span> <span class='ocrx_word' id='word_1_51' title='bbox 888 1174 1267 1262; x_wconf 84' lang='lat' dir='ltr'><strong>septimanis</strong></span> <span class='ocrx_word' id='word_1_52' title='bbox 1280 1224 1299 1259; x_wconf 89' lang='lat'>‚</span> <span class='ocrx_word' id='word_1_53' title='bbox 1343 1174 1581 1265; x_wconf 76' lang='lat' dir='ltr'><strong>quibus</strong></span> <span class='ocrx_word' id='word_1_54' title='bbox 1624 1176 1707 1243; x_wconf 88' lang='lat' dir='ltr'><strong>de</strong></span> <span class='ocrx_word' id='word_1_55' title='bbox 1758 1174 2220 1243; x_wconf 80' lang='lat' dir='ltr'><strong>consuetudine</strong></span> <span class='ocrx_word' id='word_1_56' title='bbox 2274 1173 2672 1241; x_wconf 85' lang='lat' dir='ltr'><strong>contrarium</strong></span> <span class='ocrx_word' id='word_1_57' title='bbox 2713 1167 2797 1236; x_wconf 89' lang='lat' dir='ltr'><strong>ab</strong></span> <span class='ocrx_word' id='word_1_58' title='bbox 2839 1169 3106 1259; x_wconf 82' lang='lat' dir='ltr'><strong>antiquo</strong></span> <span class='ocrx_word' id='word_1_59' title='bbox 3149 1174 3247 1235; x_wconf 85' lang='lat' dir='ltr'><strong>est</strong></span> <span class='ocrx_word' id='word_1_60' title='bbox 3296 1176 3330 1235; x_wconf 73' lang='lat'><strong>5</strong></span> 
     </span>
     <span class='ocr_line' id='line_1_7' title="bbox 299 1268 849 1339; baseline 0.007 -4"><span class='ocrx_word' id='word_1_61' title='bbox 299 1268 849 1339; x_wconf 68' lang='lat' dir='ltr'><strong>observatum.</strong></span> 
     </span>
    </p>
   </div>
   <div class='ocr_carea' id='block_1_3' title="bbox 927 1414 2741 1479">
    <p class='ocr_par' dir='ltr' id='par_1_3' title="bbox 927 1414 2741 1479">
     <span class='ocr_line' id='line_1_8' title="bbox 927 1414 2741 1479; baseline -0.005 0"><span class='ocrx_word' id='word_1_62' title='bbox 927 1414 984 1479; x_wconf 92' lang='lat'><strong>8.</strong></span> <span class='ocrx_word' id='word_1_63' title='bbox 1026 1424 1121 1473; x_wconf 73' lang='lat' dir='ltr'><strong>DE</strong></span> <span class='ocrx_word' id='word_1_64' title='bbox 1163 1423 1391 1475; x_wconf 71' lang='lat' dir='ltr'><strong>cosm</strong></span> <span class='ocrx_word' id='word_1_65' title='bbox 1430 1426 1503 1473; x_wconf 79' lang='lat' dir='ltr'><strong>m</strong></span> <span class='ocrx_word' id='word_1_66' title='bbox 1542 1425 1906 1476; x_wconf 62' lang='lat' dir='ltr'><strong>coamens</strong></span> <span class='ocrx_word' id='word_1_67' title='bbox 1944 1426 2036 1473; x_wconf 77' lang='grc' dir='ltr'><strong>Εἰ·</strong></span> <span class='ocrx_word' id='word_1_68' title='bbox 2078 1422 2320 1473; x_wconf 72' lang='lat' dir='ltr'><strong>sunem</strong></span> <span class='ocrx_word' id='word_1_69' title='bbox 2364 1422 2741 1473; x_wconf 66' lang='lat' dir='ltr'><strong>smmum.</strong></span> 
     </span>
    </p>
   </div>
   <div class='ocr_carea' id='block_1_4' title="bbox 316 1536 3336 2203">
    <p class='ocr_par' dir='ltr' id='par_1_4' title="bbox 316 1536 3336 2203">
     <span class='ocr_line' id='line_1_9' title="bbox 518 1536 3258 1631; baseline 0 -28"><span class='ocrx_word' id='word_1_70' title='bbox 518 1536 832 1623; x_wconf 79' lang='lat' dir='ltr'><strong>Placet,</strong></span> <span class='ocrx_word' id='word_1_71' title='bbox 877 1540 1049 1629; x_wconf 91' lang='lat' dir='ltr'><strong>quod</strong></span> <span class='ocrx_word' id='word_1_72' title='bbox 1102 1542 1173 1607; x_wconf 91' lang='lat' dir='ltr'><strong>in</strong></span> <span class='ocrx_word' id='word_1_73' title='bbox 1226 1541 1405 1610; x_wconf 88' lang='lat' dir='ltr'><strong>nullo</strong></span> <span class='ocrx_word' id='word_1_74' title='bbox 1464 1541 1879 1631; x_wconf 85' lang='lat' dir='ltr'><strong>collegiorum</strong></span> <span class='ocrx_word' id='word_1_75' title='bbox 1933 1550 2048 1608; x_wconf 89' lang='lat' dir='ltr'><strong>aut</strong></span> <span class='ocrx_word' id='word_1_76' title='bbox 2093 1540 2442 1609; x_wconf 82' lang='lat' dir='ltr'><strong>bursarum</strong></span> <span class='ocrx_word' id='word_1_77' title='bbox 2483 1548 2620 1605; x_wconf 87' lang='lat' dir='ltr'><strong>tam</strong></span> <span class='ocrx_word' id='word_1_78' title='bbox 2659 1540 2730 1605; x_wconf 91' lang='lat' dir='ltr'><strong>in</strong></span> <span class='ocrx_word' id='word_1_79' title='bbox 2773 1545 3020 1603; x_wconf 80' lang='lat' dir='ltr'><strong>aestate</strong></span> <span class='ocrx_word' id='word_1_80' title='bbox 3061 1558 3258 1627; x_wconf 88' lang='lat' dir='ltr'><strong>quam</strong></span> 
     </span>
     <span class='ocr_line' id='line_1_10' title="bbox 316 1635 3255 1729; baseline 0 -24"><span class='ocrx_word' id='word_1_81' title='bbox 316 1638 401 1705; x_wconf 80' lang='lat' dir='ltr'><strong>in</strong></span> <span class='ocrx_word' id='word_1_82' title='bbox 446 1636 725 1705; x_wconf 81' lang='lat' dir='ltr'><strong>hieme</strong></span> <span class='ocrx_word' id='word_1_83' title='bbox 770 1662 973 1707; x_wconf 89' lang='lat' dir='ltr'><strong>coena</strong></span> <span class='ocrx_word' id='word_1_84' title='bbox 1024 1641 1168 1707; x_wconf 88' lang='lat' dir='ltr'><strong>fieri</strong></span> <span class='ocrx_word' id='word_1_85' title='bbox 1229 1639 1425 1709; x_wconf 89' lang='lat' dir='ltr'><strong>debet</strong></span> <span class='ocrx_word' id='word_1_86' title='bbox 1481 1652 1592 1708; x_wconf 90' lang='lat' dir='ltr'><strong>aut</strong></span> <span class='ocrx_word' id='word_1_87' title='bbox 1649 1640 1737 1711; x_wconf 91' lang='lat' dir='ltr'><strong>ad</strong></span> <span class='ocrx_word' id='word_1_88' title='bbox 1794 1664 1938 1708; x_wconf 88' lang='lat' dir='ltr'><strong>eam</strong></span> <span class='ocrx_word' id='word_1_89' title='bbox 2002 1640 2252 1729; x_wconf 86' lang='lat' dir='ltr'><strong>pulsari</strong></span> <span class='ocrx_word' id='word_1_90' title='bbox 2311 1649 2460 1705; x_wconf 91' lang='lat' dir='ltr'><strong>ante</strong></span> <span class='ocrx_word' id='word_1_91' title='bbox 2499 1639 2726 1710; x_wconf 85' lang='lat' dir='ltr'><strong>horam</strong></span> <span class='ocrx_word' id='word_1_92' title='bbox 2768 1638 3092 1729; x_wconf 84' lang='lat' dir='ltr'><strong>quintam,</strong></span> <span class='ocrx_word' id='word_1_93' title='bbox 3135 1635 3255 1705; x_wconf 89' lang='lat' dir='ltr'><strong>sub</strong></span> 
     </span>
     <span class='ocr_line' id='line_1_11' title="bbox 320 1737 3336 1831; baseline 0 -28"><span class='ocrx_word' id='word_1_94' title='bbox 320 1760 591 1825; x_wconf 74' lang='lat' dir='ltr'><strong>poena.</strong></span> <span class='ocrx_word' id='word_1_95' title='bbox 631 1748 927 1825; x_wconf 88' lang='lat' dir='ltr'><strong>quatuor</strong></span> <span class='ocrx_word' id='word_1_96' title='bbox 952 1762 1350 1827; x_wconf 80' lang='lat' dir='ltr'><strong>grossorum,</strong></span> <span class='ocrx_word' id='word_1_97' title='bbox 1393 1743 1627 1808; x_wconf 90' lang='lat' dir='ltr'><strong>totiens</strong></span> <span class='ocrx_word' id='word_1_98' title='bbox 1666 1744 1965 1831; x_wconf 89' lang='lat' dir='ltr'><strong>quotiens</strong></span> <span class='ocrx_word' id='word_1_99' title='bbox 2010 1764 2054 1807; x_wconf 88' lang='lat' dir='ltr'><strong>a</strong></span> <span class='ocrx_word' id='word_1_100' title='bbox 2092 1741 2339 1807; x_wconf 90' lang='lat' dir='ltr'><strong>decano</strong></span> <span class='ocrx_word' id='word_1_101' title='bbox 2381 1737 2705 1804; x_wconf 78' lang='lat' dir='ltr'><strong>facultatis</strong></span> <span class='ocrx_word' id='word_1_102' title='bbox 2749 1738 3001 1807; x_wconf 85' lang='lat' dir='ltr'><strong>arcium</strong></span> <span class='ocrx_word' id='word_1_103' title='bbox 3035 1744 3336 1803; x_wconf 82' lang='lat' dir='ltr'><strong>exter-10</strong></span> 
     </span>
     <span class='ocr_line' id='line_1_12' title="bbox 332 1837 3280 1929; baseline -0.001 -26"><span class='ocrx_word' id='word_1_104' title='bbox 332 1838 818 1925; x_wconf 86' lang='lat' dir='ltr'><strong>quendorum</strong></span> <span class='ocrx_word' id='word_1_105' title='bbox 832 1888 850 1923; x_wconf 92' lang='lat'><strong>,</strong></span> <span class='ocrx_word' id='word_1_106' title='bbox 904 1848 1173 1928; x_wconf 86' lang='lat' dir='ltr'><strong>propter</strong></span> <span class='ocrx_word' id='word_1_107' title='bbox 1226 1842 1493 1907; x_wconf 84' lang='lat' dir='ltr'><strong>nimiam</strong></span> <span class='ocrx_word' id='word_1_108' title='bbox 1550 1844 1939 1929; x_wconf 88' lang='lat' dir='ltr'><strong>vaganciam</strong></span> <span class='ocrx_word' id='word_1_109' title='bbox 1982 1843 2175 1907; x_wconf 90' lang='lat' dir='ltr'><strong>nimis</strong></span> <span class='ocrx_word' id='word_1_110' title='bbox 2222 1840 2416 1925; x_wconf 88' lang='lat' dir='ltr'><strong>longo</strong></span> <span class='ocrx_word' id='word_1_111' title='bbox 2458 1846 2749 1926; x_wconf 89' lang='lat' dir='ltr'><strong>tempore</strong></span> <span class='ocrx_word' id='word_1_112' title='bbox 2789 1846 2940 1925; x_wconf 90' lang='lat' dir='ltr'><strong>post</strong></span> <span class='ocrx_word' id='word_1_113' title='bbox 2983 1837 3280 1903; x_wconf 83' lang='lat' dir='ltr'><strong>coenam‘</strong></span> 
     </span>
     <span class='ocr_line' id='line_1_13' title="bbox 330 1933 3248 2031; baseline -0.001 -28"><span class='ocrx_word' id='word_1_114' title='bbox 330 1937 767 2005; x_wconf 78' lang='lat' dir='ltr'><strong>vitandam.</strong></span> <span class='ocrx_word' id='word_1_115' title='bbox 874 1939 1071 2009; x_wconf 85' lang='lat' dir='ltr'><strong>Salvo</strong></span> <span class='ocrx_word' id='word_1_116' title='bbox 1135 1950 1352 2007; x_wconf 87' lang='lat' dir='ltr'><strong>tamen</strong></span> <span class='ocrx_word' id='word_1_117' title='bbox 1417 1963 1492 2007; x_wconf 91' lang='lat' dir='ltr'><strong>eo</strong></span> <span class='ocrx_word' id='word_1_118' title='bbox 1507 1990 1525 2025; x_wconf 87' lang='lat'><strong>,</strong></span> <span class='ocrx_word' id='word_1_119' title='bbox 1591 1942 1765 2029; x_wconf 88' lang='lat' dir='ltr'><strong>quod</strong></span> <span class='ocrx_word' id='word_1_120' title='bbox 1828 1966 1947 2031; x_wconf 90' lang='lat' dir='ltr'><strong>per</strong></span> <span class='ocrx_word' id='word_1_121' title='bbox 2009 1951 2277 2008; x_wconf 86' lang='lat' dir='ltr'><strong>octavas</strong></span> <span class='ocrx_word' id='word_1_122' title='bbox 2328 1937 2607 2023; x_wconf 86' lang='lat' dir='ltr'><strong>Pascae,</strong></span> <span class='ocrx_word' id='word_1_123' title='bbox 2667 1933 3054 2005; x_wconf 86' lang='lat' dir='ltr'><strong>mutationes</strong></span> <span class='ocrx_word' id='word_1_124' title='bbox 3113 1944 3248 2001; x_wconf 86' lang='lat' dir='ltr'><strong>tam</strong></span> 
     </span>
     <span class='ocr_line' id='line_1_14' title="bbox 342 2033 3248 2129; baseline -0.001 -28"><span class='ocrx_word' id='word_1_125' title='bbox 342 2036 757 2103; x_wconf 75' lang='lat' dir='ltr'><strong>hiemalem</strong></span> <span class='ocrx_word' id='word_1_126' title='bbox 791 2062 985 2128; x_wconf 90' lang='lat' dir='ltr'><strong>quam</strong></span> <span class='ocrx_word' id='word_1_127' title='bbox 1014 2039 1389 2107; x_wconf 82' lang='lat' dir='ltr'><strong>aestivalem</strong></span> <span class='ocrx_word' id='word_1_128' title='bbox 1433 2050 1499 2106; x_wconf 91' lang='lat' dir='ltr'><strong>et</strong></span> <span class='ocrx_word' id='word_1_129' title='bbox 1536 2048 1831 2129; x_wconf 87' lang='lat' dir='ltr'><strong>tempore</strong></span> <span class='ocrx_word' id='word_1_130' title='bbox 1875 2039 2290 2128; x_wconf 78' lang='lat' dir='ltr'><strong>carnisprivii</strong></span> <span class='ocrx_word' id='word_1_131' title='bbox 2333 2037 2414 2104; x_wconf 90' lang='lat' dir='ltr'><strong>de</strong></span> <span class='ocrx_word' id='word_1_132' title='bbox 2456 2060 2634 2104; x_wconf 91' lang='lat' dir='ltr'><strong>more</strong></span> <span class='ocrx_word' id='word_1_133' title='bbox 2677 2037 2942 2121; x_wconf 88' lang='lat' dir='ltr'><strong>antiquo</strong></span> <span class='ocrx_word' id='word_1_134' title='bbox 2985 2042 3084 2100; x_wconf 90' lang='lat' dir='ltr'><strong>est</strong></span> <span class='ocrx_word' id='word_1_135' title='bbox 3127 2033 3248 2099; x_wconf 89' lang='lat' dir='ltr'><strong>ob·-</strong></span> 
     </span>
     <span class='ocr_line' id='line_1_15' title="bbox 349 2144 769 2203; baseline 0 0"><span class='ocrx_word' id='word_1_136' title='bbox 349 2144 769 2203; x_wconf 81' lang='lat' dir='ltr'><strong>servatum.</strong></span> 
     </span>
    </p>
   </div>
   <div class='ocr_carea' id='block_1_5' title="bbox 1064 2268 3324 2363">
    <p class='ocr_par' dir='ltr' id='par_1_5' title="bbox 1064 2268 3324 2363">
     <span class='ocr_line' id='line_1_16' title="bbox 1064 2268 3324 2363; baseline -0.005 -22"><span class='ocrx_word' id='word_1_137' title='bbox 1064 2278 1119 2341; x_wconf 86' lang='lat'><strong>9.</strong></span> <span class='ocrx_word' id='word_1_138' title='bbox 1162 2268 1287 2363; x_wconf 89' lang='lat' dir='ltr'><strong>[Bl.</strong></span> <span class='ocrx_word' id='word_1_139' title='bbox 1320 2270 1423 2363; x_wconf 75' lang='lat'><strong>7²]</strong></span> <span class='ocrx_word' id='word_1_140' title='bbox 1477 2292 1573 2341; x_wconf 72' lang='lat' dir='ltr'><strong>na</strong></span> <span class='ocrx_word' id='word_1_141' title='bbox 1619 2289 2070 2353; x_wconf 71' lang='lat' dir='ltr'><strong>Quonnms&#39;ro</strong></span> <span class='ocrx_word' id='word_1_142' title='bbox 2112 2287 2583 2339; x_wconf 73' lang='lat' dir='ltr'><strong>msru&#39;rmo.</strong></span> <span class='ocrx_word' id='word_1_143' title='bbox 3263 2272 3324 2330; x_wconf 86' lang='lat'><strong>15</strong></span> 
     </span>
    </p>
   </div>
   <div class='ocr_carea' id='block_1_6' title="bbox 370 2398 3346 3588">
    <p class='ocr_par' dir='ltr' id='par_1_6' title="bbox 370 2398 3346 3588">
     <span class='ocr_line' id='line_1_17' title="bbox 552 2398 3248 2493; baseline -0.002 -20"><span class='ocrx_word' id='word_1_144' title='bbox 552 2406 836 2473; x_wconf 75' lang='lat' dir='ltr'><strong>Placuit</strong></span> <span class='ocrx_word' id='word_1_145' title='bbox 891 2406 1223 2493; x_wconf 82' lang='lat' dir='ltr'><strong>magistris</strong></span> <span class='ocrx_word' id='word_1_146' title='bbox 1275 2405 1359 2473; x_wconf 90' lang='lat' dir='ltr'><strong>de</strong></span> <span class='ocrx_word' id='word_1_147' title='bbox 1409 2406 1676 2473; x_wconf 89' lang='lat' dir='ltr'><strong>consilio</strong></span> <span class='ocrx_word' id='word_1_148' title='bbox 1737 2406 2067 2472; x_wconf 76' lang='lat' dir='ltr'><strong>facultatis</strong></span> <span class='ocrx_word' id='word_1_149' title='bbox 2133 2406 2382 2473; x_wconf 87' lang='lat' dir='ltr'><strong>arcium</strong></span> <span class='ocrx_word' id='word_1_150' title='bbox 2393 2452 2412 2487; x_wconf 90' lang='lat'>‚</span> <span class='ocrx_word' id='word_1_151' title='bbox 2467 2401 2642 2488; x_wconf 86' lang='lat' dir='ltr'><strong>quod</strong></span> <span class='ocrx_word' id='word_1_152' title='bbox 2697 2402 2883 2471; x_wconf 82' lang='lat' dir='ltr'><strong>iuxta</strong></span> <span class='ocrx_word' id='word_1_153' title='bbox 2943 2398 3248 2467; x_wconf 83' lang='lat' dir='ltr'><strong>reforma·</strong></span> 
     </span>
     <span class='ocr_line' id='line_1_18' title="bbox 370 2497 3259 2593; baseline -0.003 -22"><span class='ocrx_word' id='word_1_154' title='bbox 370 2507 673 2571; x_wconf 86' lang='lat' dir='ltr'><strong>cionem</strong></span> <span class='ocrx_word' id='word_1_155' title='bbox 712 2505 983 2571; x_wconf 88' lang='lat' dir='ltr'><strong>illustris</strong></span> <span class='ocrx_word' id='word_1_156' title='bbox 1022 2506 1339 2593; x_wconf 87' lang='lat' dir='ltr'><strong>principis</strong></span> <span class='ocrx_word' id='word_1_157' title='bbox 1379 2505 1563 2572; x_wconf 89' lang='lat' dir='ltr'><strong>ducis</strong></span> <span class='ocrx_word' id='word_1_158' title='bbox 1608 2504 1877 2592; x_wconf 83' lang='lat' dir='ltr'><strong>Georgii</strong></span> <span class='ocrx_word' id='word_1_159' title='bbox 1921 2514 1985 2572; x_wconf 90' lang='lat' dir='ltr'><strong>et</strong></span> <span class='ocrx_word' id='word_1_160' title='bbox 2039 2505 2283 2572; x_wconf 87' lang='lat' dir='ltr'><strong>domini</strong></span> <span class='ocrx_word' id='word_1_161' title='bbox 2341 2503 2637 2591; x_wconf 84' lang='lat' dir='ltr'><strong>episcopi</strong></span> <span class='ocrx_word' id='word_1_162' title='bbox 2693 2497 3259 2587; x_wconf 80' lang='lat' dir='ltr'><strong>Mersburgensis¹</strong></span> 
     </span>
     <span class='ocr_line' id='line_1_19' title="bbox 378 2596 3260 2694; baseline -0.003 -23"><span class='ocrx_word' id='word_1_163' title='bbox 378 2605 866 2691; x_wconf 81' lang='lat' dir='ltr'><strong>quodlibetum</strong></span> <span class='ocrx_word' id='word_1_164' title='bbox 907 2604 1211 2691; x_wconf 88' lang='lat' dir='ltr'><strong>deinceps</strong></span> <span class='ocrx_word' id='word_1_165' title='bbox 1249 2614 1315 2671; x_wconf 89' lang='lat' dir='ltr'><strong>et</strong></span> <span class='ocrx_word' id='word_1_166' title='bbox 1344 2606 1413 2670; x_wconf 90' lang='lat' dir='ltr'><strong>in</strong></span> <span class='ocrx_word' id='word_1_167' title='bbox 1452 2605 1738 2671; x_wconf 87' lang='lat' dir='ltr'><strong>futurum</strong></span> <span class='ocrx_word' id='word_1_168' title='bbox 1782 2606 1863 2673; x_wconf 87' lang='lat' dir='ltr'><strong>de</strong></span> <span class='ocrx_word' id='word_1_169' title='bbox 1904 2607 2339 2694; x_wconf 85' lang='lat' dir='ltr'><strong>quinquennio</strong></span> <span class='ocrx_word' id='word_1_170' title='bbox 2381 2606 2452 2671; x_wconf 91' lang='lat' dir='ltr'><strong>in</strong></span> <span class='ocrx_word' id='word_1_171' title='bbox 2491 2599 2997 2690; x_wconf 86' lang='lat' dir='ltr'><strong>quinquennium</strong></span> <span class='ocrx_word' id='word_1_172' title='bbox 3039 2596 3260 2685; x_wconf 86' lang='lat' dir='ltr'><strong>dispu-</strong></span> 
     </span>
     <span class='ocr_line' id='line_1_20' title="bbox 376 2696 3260 2793; baseline -0.003 -22"><span class='ocrx_word' id='word_1_173' title='bbox 376 2704 615 2773; x_wconf 81' lang='lat' dir='ltr'><strong>tando</strong></span> <span class='ocrx_word' id='word_1_174' title='bbox 672 2703 1051 2771; x_wconf 86' lang='lat' dir='ltr'><strong>celebretur.</strong></span> <span class='ocrx_word' id='word_1_175' title='bbox 1135 2702 1227 2769; x_wconf 89' lang='lat' dir='ltr'><strong>Et</strong></span> <span class='ocrx_word' id='word_1_176' title='bbox 1252 2706 1465 2791; x_wconf 89' lang='lat' dir='ltr'><strong>prima</strong></span> <span class='ocrx_word' id='word_1_177' title='bbox 1496 2703 1847 2774; x_wconf 83' lang='lat' dir='ltr'><strong>collacione</strong></span> <span class='ocrx_word' id='word_1_178' title='bbox 1885 2705 2206 2793; x_wconf 85' lang='lat' dir='ltr'><strong>deposita,</strong></span> <span class='ocrx_word' id='word_1_179' title='bbox 2247 2713 2399 2792; x_wconf 87' lang='lat' dir='ltr'><strong>post</strong></span> <span class='ocrx_word' id='word_1_180' title='bbox 2434 2703 2631 2771; x_wconf 85' lang='lat' dir='ltr'><strong>finem</strong></span> <span class='ocrx_word' id='word_1_181' title='bbox 2670 2696 3038 2767; x_wconf 84' lang='lat' dir='ltr'><strong>huiusmodi</strong></span> <span class='ocrx_word' id='word_1_182' title='bbox 3077 2706 3260 2763; x_wconf 88' lang='lat' dir='ltr'><strong>actus</strong></span> 
     </span>
     <span class='ocr_line' id='line_1_21' title="bbox 376 2794 3346 2893; baseline -0.003 -24"><span class='ocrx_word' id='word_1_183' title='bbox 376 2794 765 2887; x_wconf 74' lang='lat' dir='ltr'><strong>laboriosi,</strong></span> <span class='ocrx_word' id='word_1_184' title='bbox 806 2825 927 2891; x_wconf 89' lang='lat' dir='ltr'><strong>pro</strong></span> <span class='ocrx_word' id='word_1_185' title='bbox 970 2802 1267 2869; x_wconf 88' lang='lat' dir='ltr'><strong>omnibus</strong></span> <span class='ocrx_word' id='word_1_186' title='bbox 1309 2802 1685 2871; x_wconf 88' lang='lat' dir='ltr'><strong>doctoribus</strong></span> <span class='ocrx_word' id='word_1_187' title='bbox 1726 2815 1792 2871; x_wconf 90' lang='lat' dir='ltr'><strong>et</strong></span> <span class='ocrx_word' id='word_1_188' title='bbox 1830 2808 2164 2893; x_wconf 83' lang='lat' dir='ltr'><strong>magistris</strong></span> <span class='ocrx_word' id='word_1_189' title='bbox 2207 2803 2476 2871; x_wconf 89' lang='lat' dir='ltr'><strong>collacio</strong></span> <span class='ocrx_word' id='word_1_190' title='bbox 2530 2799 2834 2868; x_wconf 87' lang='lat' dir='ltr'><strong>solemnis</strong></span> <span class='ocrx_word' id='word_1_191' title='bbox 2873 2794 3259 2885; x_wconf 87' lang='lat' dir='ltr'><strong>expediatur</strong></span> <span class='ocrx_word' id='word_1_192' title='bbox 3275 2802 3346 2861; x_wconf 82' lang='lat'><strong>20</strong></span> 
     </span>
     <span class='ocr_line' id='line_1_22' title="bbox 385 2896 3266 2992; baseline -0.002 -23"><span class='ocrx_word' id='word_1_193' title='bbox 385 2904 465 2969; x_wconf 86' lang='lat' dir='ltr'><strong>in</strong></span> <span class='ocrx_word' id='word_1_194' title='bbox 498 2903 713 2969; x_wconf 89' lang='lat' dir='ltr'><strong>stuba</strong></span> <span class='ocrx_word' id='word_1_195' title='bbox 743 2901 1068 2969; x_wconf 84' lang='lat' dir='ltr'><strong>facultatis</strong></span> <span class='ocrx_word' id='word_1_196' title='bbox 1106 2901 1365 2989; x_wconf 84' lang='lat' dir='ltr'><strong>collegii</strong></span> <span class='ocrx_word' id='word_1_197' title='bbox 1397 2906 1679 2971; x_wconf 88' lang='lat' dir='ltr'><strong>maioris.</strong></span> <span class='ocrx_word' id='word_1_198' title='bbox 1762 2904 1852 2970; x_wconf 88' lang='lat' dir='ltr'><strong>Et</strong></span> <span class='ocrx_word' id='word_1_199' title='bbox 1892 2905 2120 2972; x_wconf 88' lang='lat' dir='ltr'><strong>electio</strong></span> <span class='ocrx_word' id='word_1_200' title='bbox 2159 2904 2276 2973; x_wconf 87' lang='lat' dir='ltr'><strong>fiat</strong></span> <span class='ocrx_word' id='word_1_201' title='bbox 2316 2898 2778 2992; x_wconf 89' lang='lat' dir='ltr'><strong>quodlibetarii</strong></span> <span class='ocrx_word' id='word_1_202' title='bbox 2816 2898 2994 2965; x_wconf 88' lang='lat' dir='ltr'><strong>circa</strong></span> <span class='ocrx_word' id='word_1_203' title='bbox 3030 2896 3266 2963; x_wconf 87' lang='lat' dir='ltr'><strong>festum</strong></span> 
     </span>
     <span class='ocr_line' id='line_1_23' title="bbox 390 2997 3260 3089; baseline -0.002 -22"><span class='ocrx_word' id='word_1_204' title='bbox 390 3004 627 3068; x_wconf 87' lang='lat' dir='ltr'><strong>sancti</strong></span> <span class='ocrx_word' id='word_1_205' title='bbox 668 3001 1109 3068; x_wconf 89' lang='lat' dir='ltr'><strong>Bartholomei</strong></span> <span class='ocrx_word' id='word_1_206' title='bbox 1158 3006 1302 3082; x_wconf 80' lang='lat' dir='ltr'><strong>(den</strong></span> <span class='ocrx_word' id='word_1_207' title='bbox 1344 3009 1444 3071; x_wconf 88' lang='lat'><strong>24.</strong></span> <span class='ocrx_word' id='word_1_208' title='bbox 1482 3004 1741 3085; x_wconf 65' lang='lat' dir='ltr'><strong>August)</strong></span> <span class='ocrx_word' id='word_1_209' title='bbox 1752 3053 1771 3088; x_wconf 89' lang='lat'><em>‚</em></span> <span class='ocrx_word' id='word_1_210' title='bbox 1825 3026 1954 3089; x_wconf 89' lang='lat' dir='ltr'><strong>qua</strong></span> <span class='ocrx_word' id='word_1_211' title='bbox 2006 3004 2334 3069; x_wconf 88' lang='lat' dir='ltr'><strong>celebrata</strong></span> <span class='ocrx_word' id='word_1_212' title='bbox 2395 3023 2514 3089; x_wconf 90' lang='lat' dir='ltr'><strong>per</strong></span> <span class='ocrx_word' id='word_1_213' title='bbox 2579 2997 2952 3065; x_wconf 83' lang='lat' dir='ltr'><strong>facultatem</strong></span> <span class='ocrx_word' id='word_1_214' title='bbox 3012 2997 3260 3063; x_wconf 87' lang='lat' dir='ltr'><strong>arcium</strong></span> 
     </span>
     <span class='ocr_line' id='line_1_24' title="bbox 396 3096 3261 3191; baseline -0.002 -25"><span class='ocrx_word' id='word_1_215' title='bbox 396 3100 660 3167; x_wconf 87' lang='lat' dir='ltr'><strong>electus</strong></span> <span class='ocrx_word' id='word_1_216' title='bbox 704 3100 1145 3191; x_wconf 90' lang='lat' dir='ltr'><strong>quodlibetum</strong></span> <span class='ocrx_word' id='word_1_217' title='bbox 1188 3111 1335 3191; x_wconf 88' lang='lat' dir='ltr'><strong>post</strong></span> <span class='ocrx_word' id='word_1_218' title='bbox 1375 3101 1634 3191; x_wconf 90' lang='lat' dir='ltr'><strong>lapsum</strong></span> <span class='ocrx_word' id='word_1_219' title='bbox 1674 3103 1963 3169; x_wconf 90' lang='lat' dir='ltr'><strong>eiusdem</strong></span> <span class='ocrx_word' id='word_1_220' title='bbox 2004 3106 2160 3169; x_wconf 90' lang='lat' dir='ltr'><strong>anni</strong></span> <span class='ocrx_word' id='word_1_221' title='bbox 2203 3104 2378 3169; x_wconf 89' lang='lat' dir='ltr'><strong>circa</strong></span> <span class='ocrx_word' id='word_1_222' title='bbox 2419 3099 2986 3190; x_wconf 84' lang='lat' dir='ltr'><strong>praenominatum</strong></span> <span class='ocrx_word' id='word_1_223' title='bbox 3028 3096 3261 3160; x_wconf 85' lang='lat' dir='ltr'><strong>festum</strong></span> 
     </span>
     <span class='ocr_line' id='line_1_25' title="bbox 392 3193 3256 3291; baseline -0.002 -25"><span class='ocrx_word' id='word_1_224' title='bbox 392 3201 855 3268; x_wconf 88' lang='lat' dir='ltr'><strong>Bartholomei</strong></span> <span class='ocrx_word' id='word_1_225' title='bbox 873 3203 1161 3291; x_wconf 87' lang='lat' dir='ltr'><strong>incipiat.</strong></span> <span class='ocrx_word' id='word_1_226' title='bbox 1244 3202 1480 3268; x_wconf 83' lang='lat' dir='ltr'><strong>Modus</strong></span> <span class='ocrx_word' id='word_1_227' title='bbox 1516 3224 1692 3286; x_wconf 87' lang='lat' dir='ltr'><strong>vero,</strong></span> <span class='ocrx_word' id='word_1_228' title='bbox 1739 3204 2109 3271; x_wconf 87' lang='lat' dir='ltr'><strong>solemnitas</strong></span> <span class='ocrx_word' id='word_1_229' title='bbox 2152 3212 2216 3268; x_wconf 89' lang='lat' dir='ltr'><strong>et</strong></span> <span class='ocrx_word' id='word_1_230' title='bbox 2253 3202 2466 3268; x_wconf 86' lang='lat' dir='ltr'><strong>forma</strong></span> <span class='ocrx_word' id='word_1_231' title='bbox 2507 3199 2893 3288; x_wconf 87' lang='lat' dir='ltr'><strong>disputandi</strong></span> <span class='ocrx_word' id='word_1_232' title='bbox 2940 3219 3018 3262; x_wconf 91' lang='lat' dir='ltr'><strong>ac</strong></span> <span class='ocrx_word' id='word_1_233' title='bbox 3062 3193 3256 3262; x_wconf 88' lang='lat' dir='ltr'><strong>colla-</strong></span> 
     </span>
     <span class='ocr_line' id='line_1_26' title="bbox 398 3294 3345 3389; baseline -0.002 -23"><span class='ocrx_word' id='word_1_234' title='bbox 398 3303 613 3367; x_wconf 83' lang='lat' dir='ltr'><strong>tionis</strong></span> <span class='ocrx_word' id='word_1_235' title='bbox 656 3303 724 3367; x_wconf 90' lang='lat' dir='ltr'><strong>in</strong></span> <span class='ocrx_word' id='word_1_236' title='bbox 764 3301 893 3368; x_wconf 87' lang='lat' dir='ltr'><strong>fine</strong></span> <span class='ocrx_word' id='word_1_237' title='bbox 931 3310 1113 3368; x_wconf 89' lang='lat' dir='ltr'><strong>actus</strong></span> <span class='ocrx_word' id='word_1_238' title='bbox 1148 3301 1597 3389; x_wconf 83' lang='lat' dir='ltr'><strong>expediendae</strong></span> <span class='ocrx_word' id='word_1_239' title='bbox 1638 3303 1918 3370; x_wconf 90' lang='lat' dir='ltr'><strong>habetur</strong></span> <span class='ocrx_word' id='word_1_240' title='bbox 1964 3303 2034 3370; x_wconf 89' lang='lat' dir='ltr'><strong>in</strong></span> <span class='ocrx_word' id='word_1_241' title='bbox 2075 3301 2396 3369; x_wconf 85' lang='lat' dir='ltr'><strong>conclusis</strong></span> <span class='ocrx_word' id='word_1_242' title='bbox 2439 3301 2560 3366; x_wconf 87' lang='lat' dir='ltr'><strong>sub</strong></span> <span class='ocrx_word' id='word_1_243' title='bbox 2604 3300 2926 3366; x_wconf 88' lang='lat' dir='ltr'><strong>decanatu</strong></span> <span class='ocrx_word' id='word_1_244' title='bbox 2965 3294 3262 3382; x_wconf 88' lang='lat' dir='ltr'><strong>magistri</strong></span> <span class='ocrx_word' id='word_1_245' title='bbox 3278 3300 3345 3359; x_wconf 77' lang='lat'><strong>25</strong></span> 
     </span>
     <span class='ocr_line' id='line_1_27' title="bbox 398 3395 3265 3490; baseline -0.003 -20"><span class='ocrx_word' id='word_1_246' title='bbox 398 3399 646 3488; x_wconf 75' lang='lat' dir='ltr'><strong>Magni</strong></span> <span class='ocrx_word' id='word_1_247' title='bbox 674 3399 906 3468; x_wconf 87' lang='lat' dir='ltr'><strong>Hundt</strong></span> <span class='ocrx_word' id='word_1_248' title='bbox 933 3399 1519 3489; x_wconf 82' lang='lat' dir='ltr'><strong>Magdeburgensis</strong></span> <span class='ocrx_word' id='word_1_249' title='bbox 1562 3405 1755 3482; x_wconf 86' lang='lat'>(1497</span> <span class='ocrx_word' id='word_1_250' title='bbox 1767 3399 1849 3490; x_wconf 77' lang='lat'><strong>²),</strong></span> <span class='ocrx_word' id='word_1_251' title='bbox 1893 3413 2163 3470; x_wconf 85' lang='lat' dir='ltr'><strong>extense</strong></span> <span class='ocrx_word' id='word_1_252' title='bbox 2205 3403 2363 3470; x_wconf 87' lang='lat' dir='ltr'><strong>satis</strong></span> <span class='ocrx_word' id='word_1_253' title='bbox 2407 3401 2495 3466; x_wconf 90' lang='lat' dir='ltr'><strong>ad</strong></span> <span class='ocrx_word' id='word_1_254' title='bbox 2535 3399 2778 3466; x_wconf 89' lang='lat' dir='ltr'><strong>librum</strong></span> <span class='ocrx_word' id='word_1_255' title='bbox 2817 3395 3265 3468; x_wconf 79' lang='lat' dir='ltr'><strong>conclusorum</strong></span> 
     </span>
     <span class='ocr_line' id='line_1_28' title="bbox 412 3500 2238 3588; baseline -0.004 -22"><span class='ocrx_word' id='word_1_256' title='bbox 412 3500 768 3588; x_wconf 74' lang='lat' dir='ltr'><strong>papir-eum</strong></span> <span class='ocrx_word' id='word_1_257' title='bbox 810 3501 1093 3588; x_wconf 81' lang='lat' dir='ltr'><strong>scriptis.</strong></span> <span class='ocrx_word' id='word_1_258' title='bbox 1112 3500 1139 3542; x_wconf 83' lang='lat'>²</span> <span class='ocrx_word' id='word_1_259' title='bbox 2235 3553 2238 3558; x_wconf 89' lang='lat'><strong>.</strong></span> 
     </span>
    </p>
   </div>
   <div class='ocr_carea' id='block_1_7' title="bbox 1304 3667 2375 3747">
    <p class='ocr_par' dir='ltr' id='par_1_7' title="bbox 1304 3667 2375 3747">
     <span class='ocr_line' id='line_1_29' title="bbox 1304 3667 2375 3747; baseline -0.001 -13"><span class='ocrx_word' id='word_1_260' title='bbox 1304 3667 1385 3734; x_wconf 91' lang='lat' dir='ltr'><strong>V.</strong></span> <span class='ocrx_word' id='word_1_261' title='bbox 1440 3683 1934 3735; x_wconf 58' lang='lat' dir='ltr'><strong>carmanum</strong></span> <span class='ocrx_word' id='word_1_262' title='bbox 1982 3683 2375 3747; x_wconf 76' lang='lat' dir='ltr'><strong>QUINTUM.</strong></span> 
     </span>
    </p>
   </div>
   <div class='ocr_carea' id='block_1_8' title="bbox 496 3812 3344 4007">
    <p class='ocr_par' dir='ltr' id='par_1_8' title="bbox 496 3812 3344 4007">
     <span class='ocr_line' id='line_1_30' title="bbox 496 3812 3179 3905; baseline -0.004 -19"><span class='ocrx_word' id='word_1_263' title='bbox 496 3817 835 3886; x_wconf 89' lang='lat' dir='ltr'><strong>Statuta</strong></span> <span class='ocrx_word' id='word_1_264' title='bbox 874 3819 1443 3886; x_wconf 86' lang='lat' dir='ltr'><strong>concernentia</strong></span> <span class='ocrx_word' id='word_1_265' title='bbox 1486 3820 1921 3905; x_wconf 84' lang='lat' dir='ltr'><strong>magistros</strong></span> <span class='ocrx_word' id='word_1_266' title='bbox 1964 3817 2061 3885; x_wconf 90' lang='lat' dir='ltr'><strong>de</strong></span> <span class='ocrx_word' id='word_1_267' title='bbox 2101 3813 2442 3884; x_wconf 87' lang='lat' dir='ltr'><strong>consilio</strong></span> <span class='ocrx_word' id='word_1_268' title='bbox 2483 3812 2936 3893; x_wconf 81' lang='lat' dir='ltr'><strong>facultatis,</strong></span> <span class='ocrx_word' id='word_1_269' title='bbox 2979 3832 3179 3897; x_wconf 88' lang='lat' dir='ltr'><strong>quae</strong></span> 
     </span>
     <span class='ocr_line' id='line_1_31' title="bbox 648 3911 3344 4007; baseline -0.002 -24"><span class='ocrx_word' id='word_1_270' title='bbox 648 3927 1007 4004; x_wconf 86' lang='lat' dir='ltr'><strong>tempore</strong></span> <span class='ocrx_word' id='word_1_271' title='bbox 1060 3913 1703 4006; x_wconf 86' lang='lat' dir='ltr'><strong>dispensationis</strong></span> <span class='ocrx_word' id='word_1_272' title='bbox 1757 3917 2472 4007; x_wconf 85' lang='lat' dir='ltr'><strong>promovendorum</strong></span> <span class='ocrx_word' id='word_1_273' title='bbox 2510 3913 2675 4000; x_wconf 82' lang='lat' dir='ltr'><strong>legi</strong></span> <span class='ocrx_word' id='word_1_274' title='bbox 2715 3911 3030 3980; x_wconf 86' lang='lat' dir='ltr'><strong>debent.</strong></span> <span class='ocrx_word' id='word_1_275' title='bbox 3275 3917 3344 3978; x_wconf 78' lang='lat'><strong>30</strong></span> 
     </span>
    </p>
   </div>
   <div class='ocr_carea' id='block_1_9' title="bbox 716 4090 2970 4161">
    <p class='ocr_par' dir='ltr' id='par_1_9' title="bbox 716 4090 2970 4161">
     <span class='ocr_line' id='line_1_32' title="bbox 716 4090 2970 4161; baseline -0.003 -12"><span class='ocrx_word' id='word_1_276' title='bbox 716 4090 768 4149; x_wconf 82' lang='grc'><strong>1.</strong></span> <span class='ocrx_word' id='word_1_277' title='bbox 819 4100 1103 4161; x_wconf 73' lang='lat' dir='ltr'><strong>QUANDO</strong></span> <span class='ocrx_word' id='word_1_278' title='bbox 1147 4101 1385 4151; x_wconf 74' lang='lat' dir='ltr'><strong>DEBEN</strong></span> <span class='ocrx_word' id='word_1_279' title='bbox 1388 4104 1431 4150; x_wconf 87' lang='grc' dir='ltr'><strong>Τ</strong></span> <span class='ocrx_word' id='word_1_280' title='bbox 1473 4103 1661 4152; x_wconf 72' lang='lat' dir='ltr'><strong>FIERI</strong></span> <span class='ocrx_word' id='word_1_281' title='bbox 1695 4097 2285 4151; x_wconf 74' lang='lat' dir='ltr'>DISPENSATIONES</span> <span class='ocrx_word' id='word_1_282' title='bbox 2326 4095 2970 4147; x_wconf 71' lang='lat' dir='ltr'><strong>PROMOVENDORUM.</strong></span> 
     </span>
    </p>
   </div>
   <div class='ocr_carea' id='block_1_10' title="bbox 422 4210 3342 4598">
    <p class='ocr_par' dir='ltr' id='par_1_10' title="bbox 422 4210 3342 4598">
     <span class='ocr_line' id='line_1_33' title="bbox 590 4210 3265 4305; baseline -0.002 -23"><span class='ocrx_word' id='word_1_283' title='bbox 590 4215 850 4300; x_wconf 86' lang='lat' dir='ltr'><strong>Placet,</strong></span> <span class='ocrx_word' id='word_1_284' title='bbox 907 4215 1081 4305; x_wconf 85' lang='lat' dir='ltr'><strong>quod</strong></span> <span class='ocrx_word' id='word_1_285' title='bbox 1133 4219 1349 4305; x_wconf 88' lang='lat' dir='ltr'><strong>prima</strong></span> <span class='ocrx_word' id='word_1_286' title='bbox 1400 4217 1803 4304; x_wconf 86' lang='lat' dir='ltr'><strong>dispensatio</strong></span> <span class='ocrx_word' id='word_1_287' title='bbox 1856 4215 2452 4303; x_wconf 74' lang='lat' dir='ltr'><strong>magistr-andornm</strong></span> <span class='ocrx_word' id='word_1_288' title='bbox 2503 4214 2573 4279; x_wconf 91' lang='lat' dir='ltr'><strong>in</strong></span> <span class='ocrx_word' id='word_1_289' title='bbox 2636 4212 2870 4300; x_wconf 75' lang='lat' dir='ltr'><strong>hyeme</strong></span> <span class='ocrx_word' id='word_1_290' title='bbox 2920 4210 3036 4276; x_wconf 89' lang='lat' dir='ltr'><strong>fiat</strong></span> <span class='ocrx_word' id='word_1_291' title='bbox 3088 4211 3265 4278; x_wconf 81' lang='lat' dir='ltr'><strong>circa</strong></span> 
     </span>
     <span class='ocr_line' id='line_1_34' title="bbox 423 4305 3260 4404; baseline -0.001 -24"><span class='ocrx_word' id='word_1_292' title='bbox 423 4315 657 4398; x_wconf 83' lang='lat' dir='ltr'><strong>festum</strong></span> <span class='ocrx_word' id='word_1_293' title='bbox 686 4313 977 4381; x_wconf 87' lang='lat' dir='ltr'><strong>Thomae</strong></span> <span class='ocrx_word' id='word_1_294' title='bbox 1020 4315 1297 4404; x_wconf 89' lang='lat' dir='ltr'><strong>apostoli</strong></span> <span class='ocrx_word' id='word_1_295' title='bbox 1340 4313 1425 4404; x_wconf 79' lang='lat' dir='ltr'><strong>(d.</strong></span> <span class='ocrx_word' id='word_1_296' title='bbox 1450 4323 1546 4383; x_wconf 81' lang='grc'><strong>21.</strong></span> <span class='ocrx_word' id='word_1_297' title='bbox 1568 4319 1929 4400; x_wconf 73' lang='lat' dir='ltr'><strong>December),</strong></span> <span class='ocrx_word' id='word_1_298' title='bbox 1971 4314 2618 4382; x_wconf 73' lang='lat' dir='ltr'><strong>baccalariandorum</strong></span> <span class='ocrx_word' id='word_1_299' title='bbox 2659 4313 2727 4377; x_wconf 90' lang='lat' dir='ltr'><strong>in</strong></span> <span class='ocrx_word' id='word_1_300' title='bbox 2769 4305 3002 4398; x_wconf 64' lang='lat' dir='ltr'><strong>hyeme</strong></span> <span class='ocrx_word' id='word_1_301' title='bbox 3044 4311 3260 4398; x_wconf 86' lang='lat' dir='ltr'><strong>prima</strong></span> 
     </span>
     <span class='ocr_line' id='line_1_35' title="bbox 422 4408 3255 4504; baseline -0.003 -22"><span class='ocrx_word' id='word_1_302' title='bbox 422 4416 491 4482; x_wconf 89' lang='lat' dir='ltr'><strong>in</strong></span> <span class='ocrx_word' id='word_1_303' title='bbox 514 4415 733 4504; x_wconf 86' lang='lat' dir='ltr'><strong>capite</strong></span> <span class='ocrx_word' id='word_1_304' title='bbox 756 4416 973 4498; x_wconf 82' lang='lat' dir='ltr'><strong>ieiuni,</strong></span> <span class='ocrx_word' id='word_1_305' title='bbox 1012 4415 1083 4482; x_wconf 94' lang='lat' dir='ltr'><strong>in</strong></span> <span class='ocrx_word' id='word_1_306' title='bbox 1124 4425 1371 4482; x_wconf 87' lang='lat' dir='ltr'><strong>aestate</strong></span> <span class='ocrx_word' id='word_1_307' title='bbox 1411 4417 1589 4484; x_wconf 89' lang='lat' dir='ltr'><strong>circa</strong></span> <span class='ocrx_word' id='word_1_308' title='bbox 1623 4417 1862 4484; x_wconf 85' lang='lat' dir='ltr'><strong>festum</strong></span> <span class='ocrx_word' id='word_1_309' title='bbox 1884 4416 2364 4498; x_wconf 88' lang='lat' dir='ltr'><strong>Penthecostes,</strong></span> <span class='ocrx_word' id='word_1_310' title='bbox 2403 4415 2474 4478; x_wconf 88' lang='lat' dir='ltr'><strong>in</strong></span> <span class='ocrx_word' id='word_1_311' title='bbox 2513 4422 2818 4481; x_wconf 88' lang='lat' dir='ltr'><strong>autumno</strong></span> <span class='ocrx_word' id='word_1_312' title='bbox 2859 4433 3017 4478; x_wconf 86' lang='lat' dir='ltr'><strong>vero</strong></span> <span class='ocrx_word' id='word_1_313' title='bbox 3057 4408 3255 4500; x_wconf 84' lang='lat' dir='ltr'><strong>paulo</strong></span> 
     </span>
     <span class='ocr_line' id='line_1_36' title="bbox 424 4506 3342 4598; baseline -0.002 -16"><span class='ocrx_word' id='word_1_314' title='bbox 424 4523 577 4582; x_wconf 85' lang='lat' dir='ltr'><strong>ante</strong></span> <span class='ocrx_word' id='word_1_315' title='bbox 612 4506 849 4580; x_wconf 68' lang='lat' dir='ltr'><strong>testu&#39;m</strong></span> <span class='ocrx_word' id='word_1_316' title='bbox 894 4514 1307 4584; x_wconf 83' lang='lat' dir='ltr'><strong>exaltationis</strong></span> <span class='ocrx_word' id='word_1_317' title='bbox 1350 4526 1615 4582; x_wconf 86' lang='lat' dir='ltr'><strong>sanctae</strong></span> <span class='ocrx_word' id='word_1_318' title='bbox 1654 4517 1865 4582; x_wconf 90' lang='lat' dir='ltr'><strong>crucis</strong></span> <span class='ocrx_word' id='word_1_319' title='bbox 1909 4519 1997 4594; x_wconf 80' lang='lat' dir='ltr'><strong>(d.</strong></span> <span class='ocrx_word' id='word_1_320' title='bbox 2042 4520 2139 4582; x_wconf 82' lang='lat'><strong>14.</strong></span> <span class='ocrx_word' id='word_1_321' title='bbox 2181 4518 2557 4598; x_wconf 81' lang='lat' dir='ltr'><strong>September).</strong></span> <span class='ocrx_word' id='word_1_322' title='bbox 3271 4518 3342 4576; x_wconf 85' lang='lat'><strong>35</strong></span> 
     </span>
    </p>
   </div>
   <div class='ocr_carea' id='block_1_11' title="bbox 548 4686 3137 4847">
    <p class='ocr_par' dir='ltr' id='par_1_11' title="bbox 548 4686 3137 4847">
     <span class='ocr_line' id='line_1_37' title="bbox 548 4686 3137 4760; baseline -0.003 -11"><span class='ocrx_word' id='word_1_323' title='bbox 548 4686 607 4749; x_wconf 80' lang='lat'><strong>2.</strong></span> <span class='ocrx_word' id='word_1_324' title='bbox 648 4697 998 4760; x_wconf 78' lang='lat' dir='ltr'><strong>QUALITER</strong></span> <span class='ocrx_word' id='word_1_325' title='bbox 1044 4697 1244 4748; x_wconf 68' lang='lat' dir='ltr'><strong>cmm</strong></span> <span class='ocrx_word' id='word_1_326' title='bbox 1285 4699 1722 4750; x_wconf 76' lang='lat' dir='ltr'>AUDITIONEM</span> <span class='ocrx_word' id='word_1_327' title='bbox 1760 4696 2168 4747; x_wconf 77' lang='lat' dir='ltr'>LECTIONUM</span> <span class='ocrx_word' id='word_1_328' title='bbox 2207 4697 2299 4746; x_wconf 80' lang='grc' dir='ltr'><strong>ΕΤ</strong></span> <span class='ocrx_word' id='word_1_329' title='bbox 2342 4694 2864 4748; x_wconf 77' lang='lat' dir='ltr'><strong>ExERcICIORUM</strong></span> <span class='ocrx_word' id='word_1_330' title='bbox 2902 4691 3137 4742; x_wconf 78' lang='lat' dir='ltr'><strong>DEBE‘r</strong></span> 
     </span>
     <span class='ocr_line' id='line_1_38' title="bbox 1630 4797 2056 4847; baseline -0.007 -1"><span class='ocrx_word' id='word_1_331' title='bbox 1630 4797 2056 4847; x_wconf 78' lang='lat' dir='ltr'><strong>DISPENSABI.</strong></span> 
     </span>
    </p>
   </div>
   <div class='ocr_carea' id='block_1_12' title="bbox 433 4909 3260 5102">
    <p class='ocr_par' dir='ltr' id='par_1_12' title="bbox 433 4909 3260 5102">
     <span class='ocr_line' id='line_1_39' title="bbox 589 4909 3258 5001; baseline -0.001 -23"><span class='ocrx_word' id='word_1_332' title='bbox 589 4912 899 4981; x_wconf 83' lang='lat' dir='ltr'><strong>Decanus</strong></span> <span class='ocrx_word' id='word_1_333' title='bbox 942 4911 1063 4979; x_wconf 90' lang='lat' dir='ltr'><strong>sub</strong></span> <span class='ocrx_word' id='word_1_334' title='bbox 1108 4936 1224 4981; x_wconf 89' lang='lat' dir='ltr'><strong>suo</strong></span> <span class='ocrx_word' id='word_1_335' title='bbox 1268 4916 1627 4982; x_wconf 88' lang='lat' dir='ltr'><strong>iuramento</strong></span> <span class='ocrx_word' id='word_1_336' title='bbox 1669 4912 1861 4981; x_wconf 90' lang='lat' dir='ltr'><strong>debet</strong></span> <span class='ocrx_word' id='word_1_337' title='bbox 1902 4935 2046 4978; x_wconf 86' lang='lat' dir='ltr'><strong>esse</strong></span> <span class='ocrx_word' id='word_1_338' title='bbox 2089 4913 2394 4978; x_wconf 88' lang='lat' dir='ltr'><strong>astrictus</strong></span> <span class='ocrx_word' id='word_1_339' title='bbox 2427 4921 2716 5001; x_wconf 88' lang='lat' dir='ltr'><strong>tempore</strong></span> <span class='ocrx_word' id='word_1_340' title='bbox 2758 4909 3258 5001; x_wconf 77' lang='lat' dir='ltr'><strong>dispensationis</strong></span> 
     </span>
     <span class='ocr_line' id='line_1_40' title="bbox 433 5009 3260 5102; baseline -0 -24"><span class='ocrx_word' id='word_1_341' title='bbox 433 5033 739 5100; x_wconf 86' lang='lat' dir='ltr'><strong>quaerere</strong></span> <span class='ocrx_word' id='word_1_342' title='bbox 777 5011 885 5078; x_wconf 89' lang='lat' dir='ltr'><strong>vel</strong></span> <span class='ocrx_word' id='word_1_343' title='bbox 927 5014 1152 5101; x_wconf 84' lang='lat' dir='ltr'><strong>quaeri</strong></span> <span class='ocrx_word' id='word_1_344' title='bbox 1191 5014 1409 5081; x_wconf 89' lang='lat' dir='ltr'><strong>facere</strong></span> <span class='ocrx_word' id='word_1_345' title='bbox 1454 5037 1675 5082; x_wconf 88' lang='lat' dir='ltr'><strong>omnes</strong></span> <span class='ocrx_word' id='word_1_346' title='bbox 1717 5014 2088 5102; x_wconf 86' lang='lat' dir='ltr'><strong>promoveri</strong></span> <span class='ocrx_word' id='word_1_347' title='bbox 2127 5013 2418 5080; x_wconf 85' lang='lat' dir='ltr'><strong>volentes</strong></span> <span class='ocrx_word' id='word_1_348' title='bbox 2474 5015 2545 5078; x_wconf 91' lang='lat' dir='ltr'><strong>in</strong></span> <span class='ocrx_word' id='word_1_349' title='bbox 2581 5012 2746 5079; x_wconf 92' lang='lat' dir='ltr'><strong>libro</strong></span> <span class='ocrx_word' id='word_1_350' title='bbox 2789 5009 3260 5099; x_wconf 83' lang='lat' dir='ltr'><strong>complencium</strong></span> 
     </span>
    </p>
   </div>
   <div class='ocr_carea' id='block_1_13' title="bbox 587 5177 2550 5333">
    <p class='ocr_par' dir='ltr' id='par_1_13' title="bbox 587 5177 2550 5333">
     <span class='ocr_line' id='line_1_41' title="bbox 594 5177 1295 5251; baseline 0.003 -15"><span class='ocrx_word' id='word_1_351' title='bbox 594 5183 619 5236; x_wconf 81' lang='lat'>1</span> <span class='ocrx_word' id='word_1_352' title='bbox 662 5177 792 5251; x_wconf 66' lang='lat' dir='ltr'><strong>vgt</strong></span> <span class='ocrx_word' id='word_1_353' title='bbox 824 5177 971 5236; x_wconf 87' lang='lat' dir='ltr'><strong>oben</strong></span> <span class='ocrx_word' id='word_1_354' title='bbox 1000 5177 1061 5238; x_wconf 76' lang='grc' dir='ltr'><strong>Β.</strong></span> <span class='ocrx_word' id='word_1_355' title='bbox 1096 5183 1177 5250; x_wconf 77' lang='grc'><strong>25,</strong></span> <span class='ocrx_word' id='word_1_356' title='bbox 1210 5184 1295 5238; x_wconf 80' lang='grc'><strong>25.</strong></span> 
     </span>
     <span class='ocr_line' id='line_1_42' title="bbox 587 5259 2550 5333; baseline 0.001 -14"><span class='ocrx_word' id='word_1_357' title='bbox 587 5268 621 5319; x_wconf 80' lang='lat'>2</span> <span class='ocrx_word' id='word_1_358' title='bbox 655 5263 858 5322; x_wconf 81' lang='lat' dir='ltr'><strong>Laider</strong></span> <span class='ocrx_word' id='word_1_359' title='bbox 884 5261 967 5321; x_wconf 67' lang='lat' dir='ltr'><strong>int</strong></span> <span class='ocrx_word' id='word_1_360' title='bbox 994 5262 1175 5321; x_wconf 80' lang='lat' dir='ltr'><strong>dieses</strong></span> <span class='ocrx_word' id='word_1_361' title='bbox 1203 5262 1367 5322; x_wconf 80' lang='lat' dir='ltr'><strong>Buch</strong></span> <span class='ocrx_word' id='word_1_362' title='bbox 1400 5263 1665 5323; x_wconf 64' lang='lat' dir='ltr'><strong>ven-loma.</strong></span> <span class='ocrx_word' id='word_1_363' title='bbox 1730 5261 1861 5333; x_wconf 72' lang='lat' dir='ltr'><strong>vgl.</strong></span> <span class='ocrx_word' id='word_1_364' title='bbox 1896 5260 2033 5320; x_wconf 85' lang='lat' dir='ltr'><strong>Urk.</strong></span> <span class='ocrx_word' id='word_1_365' title='bbox 2069 5260 2305 5330; x_wconf 82' lang='lat' dir='ltr'><strong>Quellen</strong></span> <span class='ocrx_word' id='word_1_366' title='bbox 2337 5259 2395 5318; x_wconf 82' lang='lat'><strong>8.</strong></span> <span class='ocrx_word' id='word_1_367' title='bbox 2427 5264 2550 5322; x_wconf 73' lang='lat'><strong>82⁰.</strong></span> 
     </span>
    </p>
   </div>
  </div>
 </body>
</html>
