4038 6358
818 577 939 644 396
1790 584 1892 635 nie
1938 583 2380 648 philosophiache
2416 584 2672 638 Faenum.

810 763 1000 828 mitas
1042 761 1345 833 obstaret.
1428 762 1645 831 Debet
1705 776 1921 831 tamen
1972 764 2216 832 habere
2272 776 2547 854 protunc
2600 789 2798 833 unum
2855 765 2925 831 in
2986 764 3201 833 locum
3261 767 3418 851 eius,
3475 769 3652 836 vices

810 862 1188 950 supplendo,
1230 886 1312 929 ne
1352 864 1512 931 fiant
1552 865 2000 953 negligenciae
2042 864 2304 932 ibidem.

1372 1038 1471 1099 22.
1516 1051 1610 1098 DE
1652 1050 2065 1100 HONESTATE
2107 1051 2199 1099 ΕΤ
2243 1051 2504 1101 ΗΑΒῙΤΠ
2546 1050 3069 1101 MAGISTBORUM.

971 1164 1162 1247 Item,
1218 1167 1275 1230 si
1334 1164 1415 1230 de
1471 1165 1685 1253 aliquo
1749 1169 2065 1254 magistro
2121 1177 2520 1255 compertum
2572 1167 2795 1249 fuerit,
2860 1166 3034 1254 quod
3088 1168 3157 1232 in
3212 1165 3482 1233 comodo
3539 1190 3655 1236 suo

723 1270 757 1327 5
806 1261 1136 1350 publicam
1179 1265 1584 1330 meretricem
1621 1265 1952 1350 habuerit,
2006 1266 2110 1333 vel
2169 1269 2238 1332 in
2290 1267 2490 1332 bursa
2535 1266 2639 1332 vel
2698 1265 2829 1332 alia
2870 1265 3061 1332 domo
3109 1289 3223 1333 seu
3271 1266 3656 1334 domuncula

810 1384 924 1428 seu
966 1363 1236 1430 comodo
1276 1367 1601 1430 meretrici
1657 1360 1967 1454 publicae
1997 1366 2102 1431 vel
2156 1366 2605 1432 meretricibus
2649 1365 2927 1454 publicis
2971 1376 3394 1433 conversatus
3444 1367 3654 1450 fuerit,

807 1461 912 1527 vel
966 1463 1035 1527 in
1078 1460 1539 1531 collacionibus
1594 1478 1703 1531 aut
1758 1466 2077 1554 prandiis,
2132 1464 2244 1532 ubi
2301 1466 2496 1531 talem
2538 1466 2643 1533 vel
2697 1466 2861 1532 tales
2919 1489 3060 1533 esse
3116 1468 3409 1551 sciverit,
3463 1467 3657 1532 fuerit

810 1563 914 1628 vel
956 1564 1024 1628 in
1062 1562 1472 1630 habitacione
1516 1588 1634 1631 sua
1676 1563 2104 1630 concubinam
2163 1565 2424 1655 publice
2465 1567 2775 1649 tenuerit,
2832 1566 2937 1631 vel
2991 1567 3208 1632 locum
3267 1574 3653 1653 suspectum,

808 1662 1114 1729 videlicet
1168 1662 1629 1752 prostibulum,
1686 1667 2085 1749 visitaverit,
2145 1675 2260 1732 aut
2318 1668 2375 1731 si
2435 1665 2516 1730 de
2573 1665 2697 1730 hoc
2756 1676 3092 1754 suspectus
3152 1687 3221 1730 se
3280 1687 3652 1752 expurgare

731 1771 793 1827 10
810 1764 1176 1850 nequiverit
1214 1765 1319 1830 vel
1362 1764 1443 1829 de
1485 1765 1609 1830 hoc
1654 1767 1988 1831 convictus
2042 1766 2267 1830 fuerit.
2347 1763 2496 1830 talis
2557 1766 2643 1830 sit
2697 1765 2958 1831 inabilis
3003 1764 3090 1831 ad
3137 1774 3320 1831 actus
3366 1763 3654 1831 scolasti-

807 1883 920 1927 cos
963 1864 1393 1929 exercendum
1438 1874 1501 1930 et
1554 1863 1641 1930 ad
1699 1864 1981 1982 aliquem
2027 1865 2130 1930 vel
2175 1866 2427 1955 aliquos
2471 1865 2985 1952 promovendum
3028 1865 3115 1931 ad
3155 1887 3358 1931 unum
3399 1887 3653 1948 annum,

806 1984 927 2027 nec
970 1961 1057 2028 ad
1111 1964 1447 2030 consilium
1489 1964 1835 2049 facultatis,
1891 1967 1946 2030 si
1991 1966 2074 2031 de
2115 1966 2287 2031 facto
2330 1967 2400 2030 in
2444 1988 2519 2030 eo
2563 1987 2694 2030 non
2748 1966 2970 2048 fuerit,
3014 1966 3141 2030 nisi
3184 1986 3256 2030 se
3299 1965 3656 2030 correxerit

806 2073 871 2127 et
913 2062 1203 2129 facultati
1242 2088 1437 2152 super
1480 2064 1603 2130 hoc
1645 2065 2066 2131 sufficientem
2114 2064 2454 2131 emendam
2494 2065 2739 2147 fecerit,
2782 2074 3170 2129 assumatur.

967 2162 1129 2228 Item
1186 2162 1403 2229 nullus
1465 2167 1925 2251 magistrorum
1987 2174 2206 2253 portet
2269 2164 2537 2253 pallium
2601 2186 2685 2229 ex
2748 2173 3023 2252 utroque
3092 2164 3296 2229 latere
3363 2162 3467 2229 vel
3526 2185 3652 2229 uno

724 2272 786 2328 15
806 2272 1101 2350 apertum
1143 2286 1291 2329 cum
1336 2261 1503 2352 [10²]
1549 2264 1769 2352 iopula
1811 2264 1915 2330 vel
1974 2264 2297 2347 tunicella,
2357 2287 2522 2352 quae
2575 2286 2705 2329 non
2765 2264 3173 2350 protenditur
3213 2263 3389 2333 ultra
3428 2285 3653 2350 genua.

808 2360 938 2442 Qui
985 2363 1041 2426 si
1088 2363 1483 2429 contrarium
1525 2364 1782 2447 fecerit,
1839 2387 1958 2451 per
1996 2374 2130 2430 tres
2170 2386 2423 2430 menses
2467 2362 2552 2429 ab
2596 2364 2852 2429 actibus
2898 2361 3256 2429 scolasticis
3300 2373 3365 2429 et
3402 2385 3650 2451 promo-

805 2460 1100 2527 cionibus
1143 2463 1459 2528 faciendis
1505 2466 1589 2528 sit
1631 2486 2003 2551 suspensus.

970 2560 1134 2626 Item
1177 2562 1443 2649 placuit,
1488 2562 1661 2651 quod
1704 2587 1925 2630 omnes
1971 2573 2036 2630 et
2079 2563 2315 2651 singuli
2360 2566 2661 2651 magistri
2702 2564 2950 2629 arcium
2995 2561 3296 2628 decenter
3338 2561 3650 2628 habituati

804 2659 1109 2727 incedant
1151 2661 1385 2728 calceis
1428 2686 1557 2729 non
1599 2666 1917 2747 rostratis,
1974 2664 2208 2752 palleis
2250 2671 2366 2728 aut
2405 2666 2639 2735 tunicis
2681 2687 2813 2730 non
2865 2663 3235 2745 accurtatis,
3290 2684 3414 2726 nec
3456 2663 3647 2726 mani-

719 2770 787 2826 20
804 2762 897 2827 cis
939 2762 1179 2827 strictis
1221 2785 1425 2852 usque
1467 2763 1552 2828 ad
1601 2764 1885 2830 cubitum
1933 2764 2343 2851 semiapertis
2391 2774 2503 2829 aut
2543 2763 2824 2829 colleriis
2868 2761 3264 2844 cancellatis,
3306 2784 3430 2827 nec
3473 2761 3645 2827 schu-

802 2860 906 2928 bis
961 2862 1029 2926 in
1088 2873 1275 2948 parte
1321 2865 1632 2929 anteriori
1689 2864 1935 2950 apertis
1991 2864 2106 2929 sed
2163 2864 2423 2933 nodatis
2468 2886 2582 2928 seu
2629 2863 2868 2929 clausis
2911 2884 3057 2927 cum
3105 2862 3291 2927 uncis
3346 2869 3461 2926 aut
3511 2860 3648 2926 aliis

798 2962 1134 3044 iuncturis,
1189 2971 1299 3028 aut
1342 2962 1505 3027 alias
1546 2974 1760 3028 vestes
1803 2962 2175 3028 indecentes
2220 2963 2480 3049 publice
2525 2962 2850 3045 deferant,
2905 2963 2975 3026 in
3032 2960 3272 3050 quibus
3313 2962 3644 3048 magistra-

799 3061 881 3126 lis
924 3083 1053 3125 non
1096 3061 1655 3127 recommendatur
1699 3062 2005 3148 dignitas.
2087 3062 2177 3127 Et
2234 3064 2290 3127 si
2346 3063 2458 3150 qui
2505 3084 2688 3127 secus
2741 3061 3013 3127 fecerint
3064 3069 3156 3143 et,
3216 3083 3413 3147 super
3456 3059 3575 3125 hoc
3609 3083 3646 3125 a

804 3161 1049 3227 decano
1093 3161 1403 3254 requisiti,
1451 3184 1520 3227 se
1564 3161 1909 3227 emendare
1950 3186 2080 3229 non
2124 3162 2522 3245 curaverint,
2577 3159 2662 3228 ab
2717 3160 3014 3227 omnibus
3056 3160 3310 3227 actibus
3367 3161 3639 3229 scolasti-

719 3270 784 3328 25
804 3263 897 3327 cis
975 3270 1040 3327 et
1112 3261 1560 3327 emolumentis
1622 3262 1951 3327 facultatis
2029 3257 2157 3327 sint
2223 3264 2551 3349 suspensi,
2620 3262 2828 3327 donec
2888 3260 3184 3327 facultati
3253 3262 3642 3328 reconciliati

798 3362 1036 3427 fuerint
1078 3370 1143 3426 et
1181 3383 1329 3426 cum
1371 3361 1600 3427 effectu
1655 3359 1737 3425 de
1785 3360 1904 3426 tali
1953 3360 2409 3427 inobediencia
2462 3371 2528 3427 et
2582 3362 3102 3447 transgressione
3153 3363 3414 3427 statutis
3473 3364 3642 3428 satis-

798 3461 1087 3527 fecerint.

1243 3599 1344 3663 23.
1386 3611 1481 3659 ns·
1523 3610 2007 3660 'rm'roamus
2052 3612 2143 3659 ιιι·
2188 3610 2536 3673 Quouono
2578 3611 2859 3659 misam·
2905 3610 3204 3659 rmus.

961 3726 1244 3812 Placuit,
1299 3729 1473 3817 quod
1516 3730 1582 3793 in
1627 3728 1952 3815 principio
2000 3726 2342 3794 cuiuslibet
2381 3727 2755 3792 mutationis
2794 3747 2916 3814 per
2957 3726 3336 3793 facultatem
3377 3739 3642 3816 quatuor

712 3835 781 3893 30
800 3835 1131 3894 taxatores
1173 3828 1255 3893 de
1299 3826 1567 3893 consilio
1611 3827 1936 3893 facultatis
1991 3849 2110 3914 per
2161 3837 2399 3892 sortem
2446 3829 2585 3892 sine
2637 3825 3003 3891 differentia
3053 3829 3388 3895 nationum
3452 3828 3638 3917 depu-

797 3936 1030 3992 tentur.
1112 3927 1203 3992 Et
1256 3950 1493 4010 omnes,
1539 3928 1826 3994 volentes
1873 3949 2016 3992 esse
2068 3936 2215 3992 actu
2257 3935 2576 4012 regentes,
2620 3934 2916 3990 tenentur
2963 3935 3136 3993 stare
3176 3929 3246 3993 in
3287 3940 3484 4013 sorte,
3527 3930 3639 3995 hiis

798 4025 1002 4091 solum
1057 4026 1368 4109 exclusis,
1432 4028 1540 4115 qui
1603 4028 1784 4113 prius
1839 4027 2097 4091 fuerunt
2154 4035 2506 4091 tax‘atores.
2592 4024 2722 4106 Qui
2785 4035 3120 4092 taxatores
3182 4037 3462 4116 quatuor
3523 4053 3636 4095 una

801 4149 947 4191 cum
1013 4126 1258 4192 decano
1322 4135 1475 4213 post
1541 4127 1933 4214 principium
1997 4126 2343 4192 lectionum
2411 4135 2476 4190 et
2531 4125 3000 4190 exerciciorum
3058 4125 3146 4191 ad
3209 4130 3423 4195 minus
3485 4130 3638 4194 infra

800 4248 1108 4309 mensem,
1148 4227 1553 4292 intimatione
1597 4223 1860 4313 publica
1904 4224 2023 4291 sub
2068 4224 2281 4311 sigillo
2324 4224 2685 4289 decanatus
2728 4225 3110 4310 praemissa,
3159 4229 3446 4315 receptis
3488 4230 3636 4315 regi·

721 4335 789 4392 35
808 4326 962 4391 stris
1030 4348 1071 4390 a
1132 4324 1496 4412 legentibus
1540 4334 1605 4389 et
1665 4323 2192 4406 exercitantibus,
2255 4323 2340 4388 ad
2403 4323 2763 4389 taxandum
2831 4322 3138 4390 lectiones
3203 4339 3267 4391 et
3332 4329 3636 4393 exercicia

798 4424 1211 4491 audiencium
1265 4424 1457 4490 simul
1508 4424 1894 4490 conveniant
1943 4433 2007 4488 et
2063 4432 2294 4488 taxent
2347 4421 2697 4488 secundum
2753 4423 3014 4489 modum
3071 4424 3288 4510 talem,
3350 4427 3637 4494 videlicet

797 4523 1005 4604 qu0d¹
1063 4548 1185 4614 pro
1240 4522 1625 4591 lectionibus
1683 4534 1746 4588 et
1798 4525 2137 4589 exerciciis
2192 4523 2514 4610 recipiant
2569 4533 2773 4589 totum
2834 4545 2875 4587 a
2926 4522 3258 4608 divitibus,
3314 4525 3558 4592 scilicet
3600 4551 3632 4593 a

968 4763 991 4813 1
1030 4757 1139 4814 Die
1172 4757 1368 4812 Worte
1403 4775 1516 4812 una
1548 4773 1669 4811 oum
1710 4757 1918 4810 decano
1963 4755 2047 4824 (Z.
2080 4755 2167 4824 32)
2216 4753 2301 4809 bis
2333 4754 2589 4810 videlicet
2638 4759 2790 4826 quod
2834 4756 2959 4810 sind
3009 4758 3198 4827 spater
3229 4756 3627 4814 durchstrichen

794 4842 909 4896 und
943 4841 1109 4896 dafiir
1142 4841 1216 4896 ist
1260 4858 1333 4896 an
1383 4841 1489 4896 den
1526 4840 1691 4895 Rand
1744 4838 2132 4911 geschrieben:
2203 4839 2368 4893 Anno
2411 4840 2626 4893 domini
2673 4846 2800 4896 1474
2849 4841 3078 4896 sabbato
3121 4848 3247 4896 ante
3285 4841 3549 4914 Philippi
3583 4850 3626 4897 ά

796 4927 992 4980 Jacobs·
1021 4924 1150 4997 (den
1188 4931 1267 4981 30.
1302 4924 1486 4996 April)
1531 4925 1631 4978 sub
1674 4926 1943 4978 theanum
1988 4924 2245 4995 maqistri
2282 4923 2443 4977 Petri
2475 4925 2761 4995 Hoseman
2803 4924 3018 4997 (14740)
3061 4926 3372 4981 conclusum
3402 4929 3551 4997 ficit,
3581 4933 3629 4980 ul

794 5011 1009 5063 taxatio
1053 5009 1349 5064 leccionmn
1386 5017 1438 5062 et
1479 4997 1872 5063 exerciciomm
1910 5025 2018 5079 per
2060 5008 2301 5079 amplius
2346 5009 2538 5061 debeat
2571 5010 2712 5076 fieri
2754 5010 2978 5064 divisim
3019 5027 3128 5081 per
3163 5012 3318 5081 ipsos
3356 5018 3623 5080 taxatores,

792 5094 1047 5148 videlicet
1078 5096 1230 5164 quod
1256 5094 1486 5164 quilibet
1521 5101 1833 5148 matorum
1864 5094 1927 5147 in
1959 5094 2084 5148 loco
2121 5110 2254 5147 suae
2287 5093 2656 5147 habitacionis
2693 5101 2840 5148 uacet
2877 5112 3150 5164 personas
3184 5096 3245 5148 in
3282 5097 3497 5151 actibus
3533 5114 3623 5167 pro

794 5177 1149 5247 completione
1190 5177 1398 5232 mnditia
1437 5179 1728 5231 secundum
1768 5177 2005 5247 reyistra
2053 5177 2165 5231 sibi
2201 5182 2558 5247 praesentata
2604 5177 2765 5248 infra
2807 5196 3034 5233 mensem
3081 5198 3120 5233 a
3157 5180 3451 5250 principio
3493 5181 3624 5235 iuxta

790 5267 1061 5317 stamma
