4038 6358
1493 1803 1668 1878 DIE
1722 1802 1794 1876 N
1797 1799 2282 1877 ATIONEN.

1278 2216 1356 2281 A.
1415 2217 1577 2282 DIE
1618 2216 2105 2284 BALRISOHE
2146 2216 2506 2283 NATION.

1222 2403 1263 2454 1.
1327 2404 1470 2457 DER
1507 2405 1720 2454 mmm
1755 2404 2096 2457 NACIONIS
2132 2382 2581 2454 BAvARoRUM

1639 2520 1758 2555 vom
1793 2505 1958 2556 Jahn-e
2002 2505 2175 2557 1425.ι

588 2659 708 2750 [Bl.
753 2660 856 2752 2⁸]
899 2665 1008 2730 Ad
1050 2666 1362 2732 honorem
1414 2678 1478 2734 et
1531 2669 1808 2756 gloriam
1861 2670 2320 2757 omnipotentis
2372 2668 2478 2734 dei
2529 2691 2651 2735 nec
2702 2692 2834 2735 non
2891 2690 3013 2757 pro
3068 2668 3274 2732 incre·
3322 2678 3356 2733 5

423 2774 642 2829 mento
687 2765 984 2829 nacionis
1027 2765 1391 2832 Bavaricae
1444 2792 1613 2834 anno
1669 2769 1753 2834 ab
1806 2770 2263 2834 incarnacione
2306 2767 2553 2835 domini
2592 2771 2797 2834 nostri
2837 2768 2990 2833 Iesu
3033 2766 3278 2832 Christi

421 2861 767 2928 millesimo
810 2864 1449 2951 quadringentesimo
1491 2870 1799 2933 vicesimo
1852 2871 2076 2954 quinto
2125 2865 2347 2956 (1425)
2403 2869 2472 2932 in
2512 2877 2842 2934 rectoratu
2894 2865 3285 2931 venerabilis

423 2963 572 3045 viri,
629 2965 929 3048 magistri
985 2965 1294 3030 Iohannis
1336 2966 1671 3055 Weycker
1727 2968 1808 3033 de
1851 2967 2177 3050 Roemhilt‚
2237 2967 2499 3054 plebani
2554 2967 2623 3031 in
2677 2965 2997 3053 Helpurg,
3053 2963 3284 3028 Herbi·

423 3061 737 3153 polensis⁸
762 3061 1057 3147 diocesis,
1099 3065 1419 3153 inscripta
1461 3078 1609 3131 sunt
1649 3066 1799 3132 huic
1841 3066 2223 3132 matriculae
2260 3068 2525 3132 nomina
2553 3065 2959 3131 dominorum
2989 3073 3054 3128 et
3083 3063 3286 3149 magi-

426 3171 713 3226 strorum
752 3163 1045 3229 nacionis
1090 3163 1395 3234 eiusdem.
3309 3170 3371 3226 ¹0

679 3261 840 3327 Item
883 3262 1056 3350 Mgr.
1099 3264 1423 3330 Iohannes
1467 3264 1820 3352 Weycker,
1865 3276 1938 3331 ut
1980 3289 2202 3354 supra,
2245 3275 2521 3353 protunc
2561 3274 2790 3330 rector.

678 3361 843 3427 Item
886 3362 1186 3430 dominus
1232 3365 1540 3450 Thomas,
1585 3386 1802 3430 comes
1841 3367 1910 3429 in
1936 3365 2321 3448 Wertheim,
2360 3367 2705 3430 canonicus
2750 3364 3059 3430 ecclesiae
3098 3363 3288 3428 Bam-

769 3460 1108 3548 bergensis
1162 3486 1241 3529 ac
1291 3463 1522 3528 beatae
1573 3462 1827 3528 Mariae
1883 3466 2161 3550 virginis
2222 3466 2293 3528 in
2345 3462 2725 3528 Tewerstad
2789 3473 2978 3528 extra
3038 3485 3291 3527 murum

764 3559 1318 3649 Bambergensem
1361 3566 1791 3651 praepositus.

683 3656 846 3723 Item
888 3660 1184 3727 dominus
1227 3661 1548 3728 Iohannes
1588 3665 1822 3746 iunior,
1877 3685 2094 3728 comes
2134 3664 2203 3726 in
2236 3660 2617 3742 Wertheim,
2675 3658 3100 3743 Coloniensis,
3154 3659 3292 3726 Ma-
3316 3668 3379 3724 15

772 3761 1198 3844 guntinensiS‚
1239 3760 1738 3848 Argentinensis
1784 3773 1850 3828 et
1887 3761 2387 3849 Herbipolensis
2429 3759 2849 3826 ecclesiarum
2892 3762 3259 3826 canonicus.

686 3859 849 3924 Item
890 3858 1189 3925 dominus
1230 3860 1560 3944 Albertws,
1614 3885 1830 3928 comes
1870 3863 1940 3927 in
1985 3861 2366 3944 Wertheim,
2420 3858 2824 3925 coloniensis
2869 3881 2949 3924 ac
2988 3858 3298 3924 Bamber·

772 3959 992 4044 gensis
1034 3956 1460 4028 ecclesiarum
1497 3964 1863 4026 canonicus

687 4056 848 4122 Item
889 4057 1058 4144 Mgr.
1100 4057 1575 4145 Burgkhardus
1620 4059 1702 4124 de
1739 4059 2080 4146 Balingen‚
2126 4081 2353 4124 sacrae
2391 4057 2756 4144 theologiae
2802 4059 3149 4147 professor.

689 4157 1008 4222 Dominus
1050 4157 1395 4224 Ounradus
1437 4157 1638 4241 Thus,
1680 4161 2013 4245 utriusque
2052 4161 2210 4224 iuris
2253 4157 2498 4224 doctor.
3316 4166 3385 4222 20

694 4255 858 4342 Mgr.
900 4255 1212 4321 Albertus
1253 4257 1726 4345 Varrentrapp‚
1769 4258 1996 4324 doctor
2036 4260 2105 4321 in
2148 4258 2441 4323 decretis.

693 4356 1014 4420 Dominus
1059 4355 1496 4421 Christoferus
1538 4355 1619 4421 de
1661 4357 2066 4441 Rotenhann,
2112 4356 2339 4423 doctor
2379 4358 2450 4420 in
2491 4357 2789 4422 decretis.

691 4454 858 4542 Mgr.
900 4454 1225 4520 Lubertus
1267 4455 1349 4521 de
1390 4454 1757 4542 Osenburg‚
1803 4456 2028 4522 doctor
2069 4456 2137 4520 in
2177 4455 2534 4521 medicinis.

694 4552 862 4639 Mgr.
907 4553 1228 4620 Iohannes
1270 4553 1556 4642 Hymen,
1606 4554 1834 4621 doctor
1873 4558 1942 4620 in
1982 4555 2346 4620 medicinis.

695 4652 862 4740 Mgr.
926 4653 1345 4719 Bernhardus
1387 4653 1765 4720 Vorschone
1826 4649 1906 4719 de
1965 4653 2364 4722 Monasterio
2377 4705 2395 4738 ,
2456 4654 2682 4722 doctor
2743 4653 3171 4719 Bononiensis
3236 4654 3301 4717 in
3321 4662 3388 4718 25

783 4752 1143 4836 medicinis»,
1180 4753 1551 4841 Pragensis.

697 4852 863 4938 Mgr.
903 4853 1321 4920 Hermannus
1361 4854 1665 4937 Altdorff,
1712 4876 1937 4919 sacrae
1978 4851 2343 4940 theologiae
2384 4853 2731 4940 professor.

702 4951 869 5116 Μῖτ.
934 4952 1276 5116 Cpnradus
1341 4953 1915 5042 Wyssenbrunner
1989 4952 2071 5016 de
2130 4953 2585 5039 Kyczzingen,
2659 4974 2888 5017 sacrae
2949 4950 3314 5036 theologiae

831 5073 990 5116 acca
1015 5075 1211 5117 arius.

599 5304 622 5353 1
663 5297 746 5354 Im
775 5298 1031 5372 original
1067 5298 1333 5359 erhalten.
1372 5299 1499 5372 Vgl.
1540 5298 1813 5356 Urkundl.
1850 5298 2100 5365 Quellen.
2135 5297 2191 5354 S.
2224 5302 2322 5354 732
2356 5296 2435 5370 fg.
