4038 6358
827 592 950 659 588
1855 601 1957 653 Die
1993 602 2366 654 medicinische
2399 603 2657 655 Facultit.

1001 781 1095 844 16.
1144 776 1304 842 Item
1360 779 1426 843 in
1482 781 1889 848 examinibus
1941 782 2268 851 facultatis
2320 783 2683 851 medicinae
2736 806 2859 873 pro
2902 783 3330 849 licenciatura
3372 782 3479 849 vel
3531 784 3677 850 bac·

828 873 1150 1041 Ξεὲὲἓίῒίἲι
1207 876 1517 946 admissio
1577 890 1641 945 et
1687 883 1963 950 reieccio
2017 884 2289 951 alicuius
2347 884 2702 951 secundum
2755 883 3193 972 pluralitatem
3245 906 3477 950 vocum
3535 906 3675 950 con·

1002 1081 1092 1142 17.
1142 1075 1305 1141 Item
1359 1100 1568 1166 neque
1619 1080 1942 1149 licenciati
1994 1083 2321 1149 facultatis
2366 1082 2728 1150 medicinae
2771 1105 2978 1171 neque
3017 1082 3375 1149 baccalarii
3418 1083 3676 1151 medici·

746 1181 780 1238 5
828 1195 952 1238 nae
997 1172 1234 1240 debent
1273 1198 1414 1243 esse
1458 1202 1602 1245 cum
1644 1181 1910 1249 consilio
1952 1182 2281 1249 facultatis
2322 1182 2704 1249 medicinae.

965 1297 1095 1363 .18.
1151 1292 1310 1357 Item
1376 1295 1646 1380 quilibet
1704 1299 2130 1365 assumendus
2193 1298 2278 1365 ad
2341 1299 2715 1366 facultatem
2774 1297 3137 1365 medicinae
3189 1321 3271 1364 ac
3324 1300 3537 1365 eciam
3598 1299 3676 1365 ad

830 1389 1166 1457 consilium
1207 1393 1538 1460 facultatis
1578 1397 1747 1462 eius¹
1788 1397 2032 1465 iurabit
2076 1399 2319 1466 decano
2358 1400 2685 1465 facultatis
2722 1398 3111 1464 medicinae:
3166 1397 3356 1485 „Ego
3402 1398 3502 1464 .N.
3543 1399 3677 1465 iuro

825 1488 1013 1555 vobis
1057 1490 1305 1558 decano
1348 1503 1412 1558 et
1453 1497 1688 1561 vestris
1733 1497 2219 1564 successoribus
2263 1500 2707 1564 reverenciam
2750 1507 2815 1563 et
2867 1496 3313 1563 obedienciam
3366 1499 3438 1563 in
3489 1497 3675 1564 licitis

829 1599 892 1653 et
931 1588 1238 1675 honestis,
1294 1603 1361 1658 et
1413 1617 1678 1661 servare
1736 1607 1978 1662 statuta
2035 1608 2098 1662 et
2153 1599 2516 1682 statuenda,
2569 1619 2737 1687 quae
2790 1606 2938 1662 sunt
2980 1607 3045 1662 et
3094 1607 3282 1663 erunt
3324 1620 3445 1686 per
3487 1598 3677 1664 facul·

748 1694 813 1752 10
829 1697 1030 1754 tatem
1074 1691 1458 1781 approbata,
1518 1703 1581 1758 et
1622 1717 1975 1781 procurare
2017 1697 2256 1764 bonum
2298 1698 2627 1764 facultatis
2670 1695 3048 1780 medicinae,
3106 1695 3192 1762 ad
3234 1719 3680 1785 quemcunque

830 1796 1069 1853 statum
1112 1790 1454 1858 devenero.
1534 1792 1646 1859 Sic
1687 1818 1790 1860 me
1835 1796 1994 1862 deus
2038 1796 2303 1862 adiuvet
2341 1808 2405 1863 et
2448 1806 2677 1864 sancta
2718 1797 2858 1861 eius
2902 1796 3318 1883 ewangeliaf‘

995 1912 1090 1972 19.
1132 1907 1298 1973 Item
1350 1909 1620 1997 quilibet
1664 1912 2100 1979 doctorandus
2150 1916 2218 1980 in
2270 1914 2590 1980 medicina
2648 1913 2820 1978 infra
2872 1914 3157 2000 primum
3199 1934 3490 1979 mensem
3536 1927 3681 2002 post

830 2028 1012 2070 suam
1081 2010 1556 2093 promocionem
1620 2011 1942 2105 tenebitur
2008 2012 2168 2079 dare
2238 2014 2322 2079 ad
2383 2013 2609 2079 fiscum
2673 2010 3000 2077 facultatis
3064 2021 3340 2097 quatuor
3403 2012 3679 2079 florenos

825 2127 1135 2170 rinenses.

749 2212 811 2269 15
995 2210 1094 2271 20.
1149 2206 1308 2271 Item
1374 2206 1643 2293 quilibet
1705 2209 2247 2277 baccalariandus
2311 2214 2379 2277 in
2441 2211 2764 2278 medicina
2825 2210 2998 2275 infra
3058 2211 3337 2299 primum
3396 2233 3678 2276 mensem

826 2313 973 2391 post
1013 2328 1196 2371 suam
1239 2309 1723 2392 promocionem
1765 2310 2088 2377 tenebitur
2137 2311 2295 2377 dare
2348 2310 2432 2377 ad
2490 2311 2718 2377 fiscum
2770 2309 3099 2380 facultatis
3154 2309 3350 2375 duos²
3400 2309 3678 2375 florenos

823 2426 1136 2469 rmenses.

992 2508 1091 2570 21.
1136 2503 1299 2570 Item
1355 2506 1626 2594 quilibet
1680 2519 2015 2598 promotus
2061 2512 2128 2575 in
2184 2510 2315 2577 alia
2357 2512 2779 2576 universitate
2838 2510 2905 2573 in
2950 2507 3280 2572 doctorem
3324 2506 3497 2572 infra
3553 2507 3677 2593 pri·

823 2627 999 2669 mum
1039 2626 1325 2670 mensem
1368 2618 1519 2692 post
1570 2630 1751 2674 suam
1812 2611 2333 2697 assumpcionem
2391 2609 2476 2675 ad
2527 2610 2901 2675 facultatem
2943 2606 3303 2671 medicinae
3357 2604 3677 2672 tenebitur

740 2703 986 2769 20dare
1044 2702 1416 2770 duodecim³
1467 2705 1749 2773 florenos
1806 2710 2098 2776 rinenses
2161 2712 2245 2791 (si
2298 2722 2396 2776 est
2437 2708 2844 2775 baccalarius
2897 2706 3124 2788 huius3
3183 2704 3237 2770 si
3291 2727 3446 2788 non,
3500 2704 3676 2771 dabit

823 2820 993 2868 xvm
1033 2801 1175 2881 fl.)⁴.

989 2907 1088 2968 22.
1142 2902 1306 2968 Item
1368 2904 1637 2991 quilibet
1695 2918 2031 2994 promotus
2089 2910 2157 2973 in
2217 2906 2349 2973 alia
2406 2909 2826 2973 universitate
2886 2907 2954 2970 in
3010 2902 3453 2970 baccalarium
3511 2905 3676 2969 infra

820 3004 1103 3091 primum
1135 3025 1420 3069 mensem
1466 3015 1615 3091 post
1658 3029 1839 3071 suam
1882 3008 2403 3094 assumpcionem
2446 3006 2770 3072 tenebitur
2814 3003 2971 3070 dare
3015 3003 3101 3069 ad
3142 3002 3515 3068 facultatem
3559 3026 3673 3091 pro

824 3103 976 3169 fisco
1020 3124 1137 3169 suo
1181 3102 1379 3169 duos⁵
1420 3103 1697 3171 florenos
1741 3107 2049 3171 rinenses.
2062 3108 2087 3145 ὅ

738 3229 805 3285 25
991 3224 1087 3288 23.
1134 3217 1224 3308 [S.
1259 3219 1325 3308 3]
1371 3222 1534 3286 Item
1577 3222 2059 3309 promovendus
2105 3223 2189 3289 ad
2238 3221 2672 3289 baccalarium
2714 3224 2781 3286 in
2824 3220 3146 3286 medicina
3189 3229 3482 3309 tempore
3525 3245 3673 3287 suae

821 3321 1258 3408 promocionis
1324 3331 1577 3386 tenetur
1640 3321 1799 3386 dare
1858 3321 2119 3388 famulis
2183 3323 2626 3389 universitatis
2694 3343 2895 3386 unum
2960 3319 3275 3386 florenum
3340 3323 3674 3386 rinensem.

821 3416 1005 3484 Idem
1045 3419 1245 3484 faciat
1283 3418 1691 3486 baccalarius
1729 3432 2068 3508 promotus
2107 3423 2174 3487 in
2219 3421 2349 3487 alia
2389 3421 2811 3486 universitate
2853 3429 3147 3508 tempore
3189 3442 3343 3485 suae
3385 3442 3673 3507 assump-

823 3520 1027 3584 cionis
1074 3518 1159 3584 ad
1200 3519 1570 3584 facultatem
1617 3520 1991 3586 medicinae.

989 3641 1083 3702 24.
1136 3634 1299 3701 Item
1356 3635 1800 3704 licenciandus
1844 3638 1910 3701 in
1967 3636 2388 3703 licenciatura
2437 3634 2620 3702 dabit
2673 3635 2931 3702 famulis
2986 3636 3432 3702 universitatis
3485 3658 3675 3702 unum

740 3735 1140 3801 30florenum
1181 3737 1520 3801 rinensem.
3396 3803 3401 3808 ,

990 3840 1083 3900 25.
1134 3834 1294 3900 Item
1338 3834 1566 3901 doctor
1610 3846 1942 3924 promotus
1987 3836 2056 3901 in
2112 3836 2243 3901 alia
2286 3836 2708 3900 universitate
2751 3833 2936 3900 dabit
2986 3833 3245 3900 famulis
3298 3835 3674 3901 universita-

826 3935 908 3999 tis
951 3943 1238 4022 tempore
1282 3957 1437 4000 suae
1479 3937 1948 4023 assumpcionis
1994 3934 2080 4000 ad
2124 3933 2498 4000 facultatem
2540 3933 2901 3999 medicinae
2945 3934 3104 4001 duos
3148 3934 3432 4000 florenos
3470 3937 3673 4000 rinen-

825 4056 947 4099 ses.
1028 4032 1209 4098 Idem
1267 4035 1467 4100 faciat
1528 4035 1906 4101 licenciatus
1969 4035 2039 4098 in
2101 4033 2230 4099 alia
2286 4034 2711 4099 universitate
2774 4046 3108 4120 promotus
3168 4043 3466 4122 tempore
3526 4057 3675 4100 suae

822 4135 1294 4221 assumpcionis
1341 4134 1428 4199 ad
1470 4134 1845 4200 facultatem
1886 4133 2265 4202 medicinae.

738 4261 806 4317 35
992 4256 1091 4316 26.
1148 4250 1340 4324 (Item
1396 4251 1606 4317 nullus
1663 4249 1901 4316 habeat
1954 4249 2167 4315 locum
2225 4251 2294 4314 in
2353 4248 2609 4315 actibus
2670 4201 3110 4337 solempnibus
3172 4249 3456 4337 publicis
3512 4250 3675 4315 inter

823 4348 1118 4416 doctores
1170 4348 1550 4433 medicinae,
1606 4351 1733 4416 nisi
1790 4351 1873 4415 sit
1926 4359 2297 4437 assumptus
2353 4349 2439 4414 ad
2492 4349 2862 4415 facultatem
2906 4348 3268 4415 medicinae
3328 4349 3673 4416 secundum

826 4459 1066 4515 statuta
1126 4449 1414 4515 eiusdem
1480 4450 1841 4532 facultatis3
1908 4470 2117 4535 neque
2174 4448 2547 4514 cathedram
2605 4448 3002 4515 leccionibus
3055 4459 3168 4515 aut
3221 4449 3670 4538 disputacioni·

1371 4605 1486 4612 ,ῳ-

999 4706 1020 4756 l
1059 4698 1170 4754 Die
1204 4697 1400 4754 Worte
1437 4718 1506 4755 ac
1540 4717 1615 4755 ec.
1654 4700 1736 4754 ad
1765 4716 1909 4753 com.
1935 4702 2066 4769 fac.
2103 4699 2220 4753 eim
2254 4696 2445 4754 stehen
2480 4699 2585 4754 auf
2613 4699 2795 4754 Rasur
2837 4700 2949 4756 und
2990 4699 3193 4756 riihren
3227 4716 3335 4756 von
3388 4698 3671 4756 derselben

822 4784 990 4842 Hand
1023 4783 1138 4851 her,
1171 4781 1260 4838 die
1294 4800 1365 4837 zu
1398 4789 1429 4850 ξ
1467 4789 1528 4839 12
1568 4783 1749 4854 einige
1784 4781 1981 4838 Worte
2014 4781 2359 4854 hinzufiigte.

990 4874 1021 4924 2
1055 4870 1196 4922 duos
1230 4866 1378 4921 steht
1410 4865 1514 4921 auf
1540 4867 1737 4922 Rasur.

990 4958 1021 5005 3
1056 4952 1344 5007 &sedecim
1379 4950 1527 5006 steht
1561 4951 1666 5008 auf
1695 4951 1892 5006 Rasur.

990 5040 1023 5091 4
1059 5036 1179 5090 Das
1216 5034 1716 5106 Eingeklammerte
1750 5036 1824 5090 ist
1859 5037 2045 5105 spiioer
2078 5031 2515 5105 nachgetragen.

989 5126 1022 5176 5
1056 5122 1195 5176 duos
1230 5116 1379 5174 steht
1413 5118 1517 5173 auf
1542 5109 1739 5174 Rasur.

990 5210 1023 5259 6
1059 5203 1342 5259 Hiernach
1377 5202 1451 5257 ist
1484 5203 1574 5259 ein
1607 5220 1815 5275 ganzer
1848 5202 2060 5258 Absatz
2095 5201 2294 5257 wieder
2329 5202 2657 5272 austadiert,
2690 5202 2834 5260 doch
2870 5202 3088 5258 scheint
3120 5201 3373 5261 derselbe
3405 5210 3519 5261 erst
3552 5207 3669 5276 spi·

823 5285 1629 5360 ternachgetragenzusein.
