4038 6358
1407 604 1597 667 Einige
1632 604 1797 654 filtore
1831 600 2162 655 Formnlare.
2572 604 2597 619 ‘
3105 601 3219 665 153

339 783 596 850 festum
663 785 873 850 sancti
929 783 1199 871 Georgii
1258 786 1426 863 (sive
1481 783 1685 873 Galli)
1743 785 2042 873 proxime
2096 790 2458 862 venturum,
2517 804 2558 846 a
2598 780 2723 846 dat.
2778 780 3220 867 praesentium

344 884 890 973 computandum,
946 886 1111 973 ipsis
1168 883 1621 971 praesentibus
1680 883 2110 969 indulgemus,
2191 882 2272 947 In
2314 883 2496 947 cuius
2550 880 2743 944 fidem
2803 882 3084 945 sium
3122 902 3221 944 re-

343 992 655 1049 ctoratus
699 984 1152 1072 praesentibus
1197 983 1502 1050 duximus
1547 981 2165 1070 subinprimendum.
2208 980 2347 1048 Sub
2372 1002 2542 1051 anno
2563 978 2810 1047 domini
2909 977 3224 1047 ⁰OCCC⁰

339 1083 522 1150 XLI
561 1083 672 1149 die
709 1084 964 1153 decima
1006 1094 1242 1151 octava
1279 1085 1520 1150 mensis
1561 1083 1742 1179 Maij.

821 1594 877 1655 9.
919 1606 1156 1656 Polum
1197 1608 1546 1659 LITTERAE
1588 1606 2127 1659 Rsscoomcioms
2167 1606 2256 1656 AO
2297 1587 2825 1655 Pnouocloms.¹
3271 1593 3303 1651 5

528 1740 873 1806 Universis
930 1762 1009 1805 ac
1060 1740 1331 1827 singulis
1375 1750 1638 1807 sanctae
1679 1740 1906 1806 matris
1951 1739 2262 1806 ecclesiae
2315 1738 2689 1803 katholicae
2739 1735 2892 1801 filiis
2947 1757 3068 1800 nos
3125 1734 3220 1802 .N.

348 1848 500 1924 etc„
555 1848 772 1906 rector
814 1839 1023 1905 almae
1063 1842 1505 1907 universitatis
1561 1841 1759 1906 studii
1802 1840 2206 1928 Lipczensis,
2245 1847 2509 1923 totaque
2554 1837 2977 1903 communitas
3020 1834 3222 1920 magi-

349 1948 651 2004 strorum
709 1962 790 2004 ac
833 1939 1172 2005 doctorum
1230 1940 1427 2005 studii
1468 1939 1754 2005 eiusdem
1793 1942 1860 2005 in
1907 1940 2192 2023 Christo,
2248 1938 2523 2024 virginis
2579 1936 2733 2019 filio,
2791 1934 3063 2001 salutem
3116 1933 3222 1998 fir·

348 2061 669 2128 mamque
714 2060 793 2104 ac
834 2038 1093 2126 plenam
1139 2040 1450 2105 noticiam
1492 2041 1775 2105 omnium
1837 2038 2373 2127 subscriptorum.
2457 2037 2750 2123 Dignum
2806 2033 3222 2116 arbitramur,

347 2140 544 2205 viros
581 2136 1018 2206 benemeritos
1059 2138 1324 2206 honoris
1367 2139 1553 2205 titulo
1597 2140 1918 2226 insigniri,
1959 2138 2215 2224 eloquio
2258 2136 2689 2223 ewangelicae
2714 2136 3011 2201 veritatis
3047 2133 3224 2200 istud
3245 2142 3310 2198 10

351 2238 836 2328 comprobante
899 2262 1128 2323 „nemo
1195 2239 1528 2306 lucernam
1582 2239 1897 2322 accendit,
1955 2249 2029 2305 ut
2083 2262 2226 2304 eam
2286 2236 2406 2303 sub
2459 2235 2678 2302 modio
2730 2244 2932 2322 ponat
2988 2243 3102 2300 aut
3152 2237 3222 2299 in

350 2340 768 2422 abscondito,
813 2338 930 2404 sed
975 2362 1174 2427 supra
1214 2337 1695 2422 candelabrum,
1719 2348 1792 2404 ut
1832 2338 2270 2425 ingredientes
2311 2336 2574 2401 luminis
2610 2336 3012 2423 conspiciant
3034 2331 3222 2399 clari-

351 2439 627 2505 tatem.“
682 2438 856 2504 Sane
898 2462 1045 2505 cum
1065 2439 1460 2506 venerabilis
1489 2440 1592 2504 vir
1626 2440 1721 2504 .N.
1755 2438 2281 2524 Mersburgensis
2321 2436 2598 2502 diocesis
2642 2434 2998 2501 studiorum
3041 2457 3222 2500 exer-

353 2541 717 2622 citacione,
770 2562 1023 2605 morum
1082 2540 1446 2622 honestate,
1501 2538 1816 2604 laudabili
1873 2539 2379 2603 conversacione
2437 2558 2554 2624 per
2612 2535 2830 2624 plures
2887 2557 3089 2600 annos
3152 2535 3221 2598 in

353 2640 664 2728 praefata
724 2646 952 2707 nostra
1013 2640 1436 2704 universitate
1493 2638 1792 2704 rutilaret
1847 2645 2369 2724 rectoratumque
2420 2636 2863 2701 universitatis
2931 2632 3220 2699 eiusdem
3241 2642 3303 2698 15

356 2761 487 2826 pro
531 2748 830 2825 tempore
891 2760 1008 2803 suo
1071 2735 1489 2803 laudabiliter
1546 2736 1993 2822 gubernasset,
2042 2738 2256 2801 virum
2317 2759 2386 2802 se
2437 2737 2571 2801 suis
2629 2734 2881 2801 actibus
2938 2732 3221 2799 ostendit

355 2838 561 2954 digne
629 2836 1228 2919 commendandum,
1288 2838 1400 2923 qui
1454 2835 1840 2901 succedente
1887 2845 2179 2923 tempore
2228 2834 2586 2901 theoloicae
2637 2833 2962 2899 facultatis
3019 2834 3216 2899 vesti·-

353 2938 490 3025 giis
535 2936 825 3003 studiose
865 2934 1262 3002 inhaerendo
1306 2958 1426 3024 per
1466 2934 1873 3001 venerabiles
1917 2934 2209 3001 eiusdem
2250 2935 2579 3000 facultatis
2621 2933 2983 3045 decanum,
3012 2935 3218 2999 nomi·

357 3038 568 3102 natim
611 3037 998 3122 magistrum
1039 3035 1135 3100 ..N
1176 3058 1242 3123 p.
1284 3044 1659 3120 ceterosque
1712 3036 2061 3121 magistros
2113 3036 2237 3100 rite
2293 3043 2391 3099 est
2444 3042 2815 3121 assumptus
2872 3043 2935 3098 et
2956 3016 3220 3119 ‘grada-

354 3138 478 3203 tim
534 3137 725 3202 iuxta
783 3158 1026 3202 morem
1091 3132 1532 3204 universitatis
1599 3142 1663 3199 et
1724 3133 2084 3200 theoloicae
2143 3133 2470 3200 facultatis
2534 3131 2941 3200 ascendendo
3007 3135 3219 3222 primo
3236 3140 3306 3200 20

355 3234 896 3318 baccalariatum,
956 3234 1193 3300 deinde
1247 3234 1723 3300 licentiaturam
1769 3235 1836 3298 in
1892 3256 2081 3299 sacra
2140 3236 2385 3322 pagina
2435 3232 2824 3319 regulariter
2877 3244 2975 3299 est
3022 3233 3221 3322 adep-

355 3347 485 3420 tus,
547 3343 880 3423 postremo
922 3335 1117 3399 etiam
1156 3334 1225 3398 in
1284 3331 1548 3421 publica
1591 3333 2065 3420 sollempnitate
2108 3333 2551 3398 universitatis
2584 3330 2977 3420 antedictae,
3032 3356 3219 3421 prae-

358 3438 568 3501 missa
609 3433 759 3499 aula
802 3432 1139 3516 doctorali,
1182 3431 1595 3520 praesidente
1639 3430 1766 3497 sibi
1808 3433 2072 3518 egregio
2094 3433 2236 3497 viro
2280 3432 2392 3513 .N.,
2437 3453 2663 3497 sacrae
2709 3430 3032 3496 theoloiae
3070 3454 3218 3519 pro-

357 3536 630 3616 fessore,
671 3531 1205 3602 vicecancellario
1250 3530 1538 3597 eiusdem
1581 3540 1858 3618 protunc
1898 3532 2248 3613 facultatis,
2294 3531 2742 3616 magisterium
2786 3554 2899 3595 seu
2922 3529 3218 3596 doctora-

359 3645 465 3700 tus
540 3631 822 3720 gradum
895 3633 964 3695 in
1030 3630 1315 3697 theoloia
1387 3652 1534 3695 oum
1609 3630 1926 3718 solempni
2003 3630 2235 3696 birreti
2304 3630 2731 3720 imposicione
2800 3653 2919 3718 per
2982 3625 3214 3696 manus
3235 3639 3301 3696 25

359 3731 652 3799 eiusdem
697 3731 796 3797 .N.
845 3753 1015 3796 anno
1059 3729 1305 3796 domini
1346 3730 1454 3796 Μο
1496 3728 1763 3797 00000
1814 3741 1932 3795 etc.
1990 3729 2098 3795 die
2152 3752 2307 3795 vero
2369 3729 2609 3795 mensis
2662 3738 2780 3794 etc.
2840 3726 3098 3816 publice
3158 3740 3223 3796 et

359 3832 666 3897 decenter
727 3838 828 3894 est
886 3838 1289 3912 consecutus,
1344 3839 1409 3895 et
1450 3839 1601 3916 post
1651 3851 1836 3894 suam
1878 3828 2358 3916 promocionem
2410 3829 2548 3894 fere
2601 3828 2688 3894 ad
2740 3850 2935 3893 unum
2980 3851 3221 3895 annum

358 3928 639 4017 legendo
666 3938 730 3994 et
763 3926 1154 4016 disputando
1188 3931 1257 3993 in
1282 3928 1510 3995 eadem
1547 3927 1868 3994 theoloica
1910 3928 2216 3993 facultate
2257 3937 2566 4016 tanquam
2610 3928 2922 4013 magister
2963 3928 3221 3995 honori·
3242 3945 3264 3961 ⁸

360 4029 486 4095 fice
529 4025 880 4093 cathedrae
921 4028 1202 4115 praefuit
1244 4025 1574 4092 doctorali.
1660 4027 1766 4094 Ob
1806 4027 1878 4093 id
1918 4027 2193 4094 eundem
2238 4027 2353 4109 .N.,
2404 4049 2630 4092 sacrae
2686 4024 3007 4094 theoloiae
3068 4051 3217 4115 pro-

359 4130 728 4208 fessorem,·
782 4126 1079 4193 omnibus
1156 4125 1466 4214 praelatis
1537 4125 1814 4192 dominis
1895 4126 2382 4215 quibuscunque
2453 4125 2791 4213 dignitatis
2852 4127 3216 4214 effulgeant,
3235 4136 3304 4192 30

365 4226 819 4316 praesencium
841 4224 1319 4313 inspectoribus
1342 4248 1421 4291 ea
1447 4249 1577 4314 qua
1618 4249 1962 4314 possumus
2009 4236 2074 4291 et
2115 4226 2283 4291 iuste
2309 4225 2618 4291 debemus
2663 4225 3009 4313 diligencia
3050 4249 3219 4292 com-

365 4325 778 4406 mendamus,
828 4327 1144 4391 attencius
1202 4325 1648 4414 supplicantes
1707 4325 2007 4391 omnibus
2054 4335 2117 4390 et
2170 4324 2433 4391 cuilibet
2490 4325 2844 4412 sigillatim,
2906 4335 3220 4412 quatenus

365 4427 586 4515 ipsum
643 4434 906 4490 nostrae
965 4425 1412 4491 universitatis
1476 4426 1714 4490 intuitu
1772 4425 2054 4511 benigne
2116 4425 2444 4512 suscipere
2509 4434 2573 4489 et
2633 4426 2702 4489 in
2752 4424 3024 4511 singulis
3085 4426 3218 4490 suis

368 4524 644 4612 agendis
701 4517 1066 4590 favorosius
1120 4524 1405 4612 dirigere
1447 4535 1512 4590 et
1567 4547 1956 4613 promovere
2007 4523 2369 4611 dignentur.
2448 4522 2579 4589 Pro
2622 4546 2750 4609 quo
2794 4533 2860 4589 et
2895 4546 3012 4589 nos
3053 4525 3217 4611 ipsis

363 4632 428 4690 et
489 4622 757 4689 cuilibet
809 4646 1034 4689 eorum
1082 4625 1151 4690 in
1207 4624 1526 4690 similibus
1585 4633 1701 4690 aut
1755 4622 2112 4690 maioribus
2168 4623 2496 4688 offerimus
2552 4645 2807 4710 semper
2860 4632 3215 4712 promptos.
3233 4632 3301 4690 35

362 4929 458 4978 ten
499 4921 945 5061 ἓιαίτιιωηδιιοὶιο
990 4922 1090 4979 der
1134 4921 1481 4980 Universiffit
1529 4923 1594 4996 (s.
1642 4922 1786 4980 oben
1826 4921 1882 4978 S.
1911 4899 2002 4991 ⁷73,
2041 4922 2130 4994 31)
2173 4922 2388 4979 euthalt
2435 4922 2562 4978 kein
2615 4920 2909 4978 Formular
2922 4962 2938 4992 ,
2980 4921 3218 4977 sondern

364 5024 469 5061 nur
556 5024 635 5062 ro.
681 5012 780 5061 1—-
795 5012 843 5063 6.

508 5113 526 5163 1
566 5106 679 5162 Die
721 5105 1022 5179 folgenden
1071 5111 1103 5163 2
1148 5106 1474 5164 Formulare
1519 5107 1644 5162 sind
1690 5106 1795 5161 auf
1839 5106 1928 5161 die
1972 5106 2277 5162 Riickseite
2317 5106 2417 5161 der
2448 5103 2913 5178 urspriinglichen
2950 5105 3216 5162 Matrikel

363 5190 471 5254 (Bl.
507 5197 573 5249 85
584 5191 633 5263 Ι’)
663 5189 1043 5263 geschrieben,
1077 5188 1278 5246 hochst
1309 5189 1766 5246 wahrscheiulich
1801 5208 1900 5247 vor
1933 5191 2059 5245 dem
2094 5189 2268 5245 Jahre
2307 5195 2453 5246 1444.
2494 5190 2627 5262 Vgl.
2662 5190 2941 5248 Urkundl.
2983 5191 3220 5257 Quellen

366 5273 418 5330 S.
454 5279 553 5332 558
586 5292 643 5330 u.
681 5281 782 5332 559
818 5275 897 5347 fg.
965 5275 1154 5346 Brega
1183 5274 1356 5331 nahm
1391 5275 1472 5330 sie
1505 5274 1564 5329 in
1601 5274 1691 5330 die
1721 5273 2014 5331 Abschrift
2047 5271 2183 5348 (A'')
2214 5272 2372 5328 nicht
2403 5272 2506 5328 mit
2540 5273 2652 5330 auf.
