4038 6358
1177 616 1272 666 mit
1307 615 1837 666 Zusatabeschliissen
1873 616 1953 666 bis
1989 631 2107 666 sum
2142 617 2309 667 Jahre
2349 620 2493 666 1490.
3138 613 3218 676 57

389 812 600 883 retur,
655 798 830 864 illius
883 797 1070 864 dubii
1121 797 1488 865 declaracio
1537 799 1775 868 rectori
1826 807 1891 863 et
1945 799 2081 866 suis
2136 797 2576 865 assessoribus
2630 795 2733 862 vel
2774 793 3041 862 consilio
3079 791 3217 859 uni·

393 900 714 968 versitatis
754 908 1142 964 reservetur.

561 1018 700 1084 16.ι
749 1014 912 1081 Item
951 1024 1167 1082 rector
1208 1025 1274 1083 et
1315 1018 1418 1084 sui
1461 1039 1825 1082 assessores
1867 1024 2165 1080 tenentur
2207 1013 2329 1081 sub
2375 1036 2491 1080 suo
2526 1015 2888 1079 iuramento
2915 1033 3214 1099 poenam,

393 1121 460 1183 in
501 1139 690 1202 quam
731 1117 878 1202 quis
922 1139 1042 1203 per
1083 1139 1267 1182 suum
1310 1139 1646 1184 excessum
1689 1112 1961 1204 ad[14⁸]
1981 1139 2090 1181 eos
2130 1114 2481 1181 deductum
2522 1111 2777 1197 incidit,
2837 1112 3101 1197 exigere
3152 1118 3219 1174 et

397 1223 798 1303 extorquere:
842 1218 1056 1305 primo
1099 1216 1487 1284 verbotenus
1531 1217 1949 1282 excedentem
1993 1214 2311 1282 monendo
2326 1263 2345 1298 ‚
2389 1223 2462 1279 ut
2500 1213 2675 1278 infra
2708 1221 2841 1278 tres
2883 1210 3022 1276 dies
3066 1219 3268 1298 poe-5

397 1338 544 1382 nam
593 1313 802 1380 solvat
853 1325 968 1382 aut
1023 1338 1320 1383 carceres
1377 1319 1608 1400 intret;
1695 1327 1760 1382 et
1816 1318 1873 1383 si
1921 1315 2287 1382 huiusmodi
2344 1314 2691 1380 monicioni
2739 1334 2868 1377 non
2906 1311 3216 1398 paruerit,

397 1423 646 1482 moneat
702 1436 850 1480 eum
901 1415 1161 1504 publice
1213 1418 1281 1482 in
1331 1417 1559 1484 hostiis
1615 1415 2030 1482 ecclesiarum
2076 1414 2184 1481 vel
2225 1413 2671 1500 collegiorum,
2729 1420 2800 1476 ut
2840 1411 3011 1476 infra
3054 1410 3217 1476 alios

395 1524 522 1580 tres
575 1513 716 1579 dies
768 1516 1178 1582 universitati
1229 1519 1296 1582 in
1353 1517 1580 1604 poenis
1625 1515 1951 1583 solvendis
1994 1516 2372 1582 satisfaciat.
2452 1512 2541 1577 Et
2580 1513 2637 1578 si
2678 1509 3045 1576 huiusmodi
3085 1531 3219 1573 mo-

395 1616 672 1681 niciones
726 1614 945 1681 animo
1005 1615 1340 1682 induratus
1391 1639 1524 1682 non
1580 1617 1911 1700 advertat,
1973 1625 2213 1682 extunc
2274 1612 2362 1679 ad
2403 1614 2608 1700 ipsius
2651 1610 3089 1676 exclusionem
3133 1607 3218 1674 ab

399 1714 810 1780 universitate
864 1714 1218 1782 secundum
1267 1717 1544 1782 formam
1586 1717 1808 1784 statuti
1853 1739 2050 1806 super
2091 1713 2281 1780 modo
2321 1710 2711 1779 exclusionis
2756 1708 3028 1777 confecti
3072 1717 3303 1796 pro-10

403 1811 677 1879 cedatur.

1325 1972 1422 2032 15.
1443 1967 1470 2008 ²
1520 1985 1660 2036 Vom
1699 1986 1776 2038 19.
1811 1985 2121 2052 September
2157 1985 2303 2038 14³2.

549 2097 740 2164 Anno
782 2097 1030 2166 domini
1074 2098 1414 2165 millesimo
1459 2103 1668 2166 cccc⁰
1709 2102 2037 2168 tricesimo
2080 2099 2383 2183 secundo,
2428 2099 2533 2165 die
2577 2098 3005 2182 decimanona
3042 2115 3218 2158 men-

395 2198 480 2262 sis
515 2197 938 2284 Septembris,
983 2198 1354 2267 conclusum
1391 2199 1516 2264 fuit
1545 2200 1615 2264 in
1651 2201 1940 2288 generali
1967 2201 2440 2270 convocacione
2468 2200 2927 2284 magistrorum
2952 2195 3209 2260 univer-

399 2297 628 2379 sitatis,
686 2298 1056 2385 specialiter
1095 2298 1182 2364 ad
1222 2300 1345 2366 hoc
1385 2301 1592 2383 facta,
1643 2311 1708 2366 et
1745 2323 1864 2388 per
1905 2311 2179 2389 quatuor
2219 2303 2524 2367 naciones
2566 2296 2852 2364 eiusdem
2892 2293 3298 2360 universi-15

395 2397 536 2462 tatis
582 2397 990 2462 concorditer
1031 2397 1485 2485 approbatum,
1527 2400 1700 2487 quod
1737 2399 1983 2467 nullum
2015 2403 2420 2489 suppositum
2444 2397 2885 2465 universitatis
2912 2394 3219 2480 deinceps

397 2495 632 2562 habitet
675 2497 744 2562 in
787 2495 1004 2586 aliquo
1046 2497 1174 2564 alio
1216 2497 1358 2566 loco
1399 2499 1572 2566 ultra
1611 2523 1897 2566 mensem
1939 2523 2137 2588 quam
2180 2523 2327 2567 cum
2369 2499 2757 2588 collegiatis,
2816 2491 3213 2576 doctoribus,

395 2599 713 2684 magistris
757 2607 910 2664 actu
949 2597 1353 2686 regentibus,
1395 2599 1802 2666 decretorum
1841 2599 1948 2666 vel
1987 2601 2353 2667 medicinae
2394 2597 2801 2666 baccalariis.
2888 2593 2960 2660 Si
3001 2601 3218 2658 tamen

395 2695 646 2782 aliquod
686 2699 1114 2786 suppositum,
1159 2701 1594 2788 cuiuscunque
1633 2697 1804 2792 [141’]
1845 2699 2173 2768 facultatis
2214 2702 2426 2783 fuerit,
2469 2725 2552 2766 ex
2590 2693 2974 2764 racionabili
3018 2714 3218 2758 causa

393 2795 724 2864 comodose
774 2807 950 2864 stare
989 2820 1122 2866 non
1158 2801 1442 2886 potuerit
1483 2801 1550 2865 in
1595 2800 1882 2887 collegiis
1895 2849 1914 2882 ,
1972 2800 2191 2868 bursis
2207 2851 2224 2885 ,
2284 2796 2805 2868 habitacionibus
2851 2793 3207 2876 doctorum,
3225 2799 3293 2856 20

391 2898 836 2984 magistrorum
877 2897 984 2964 vel
1023 2896 1538 2966 baccalariorum
1553 2947 1570 2981 ,
1613 2910 1686 2965 ut
1726 2901 2180 2988 praemittitur,
2222 2913 2461 2968 extunc
2503 2906 2715 2964 rector
2756 2919 2877 2985 pro
2916 2905 3207 2981 tempore

391 2998 664 3064 existens
680 3045 726 3078 ,‚
747 2997 1128 3064 informatus
1185 3021 1304 3087 per
1351 3000 1746 3066 ordinarium
1763 3049 1782 3083 ,
1841 3001 1899 3065 si
1955 3010 2057 3067 est
2104 3001 2373 3068 scolaris
2410 3002 2479 3066 in
2520 3001 2691 3082 iure,
2743 2995 2851 3062 vel
2894 2995 3210 3060 decanum

393 3097 646 3162 alterius
687 3096 1048 3181 facultatis,
1091 3099 1272 3166 cuius
1315 3099 1586 3166 scolaris
1631 3101 1944 3184 extiterit,
1988 3100 2071 3166 de
2115 3100 2444 3191 qualitate,
2490 3097 2870 3166 condicione
2911 3112 2977 3162 et
3018 3116 3217 3160 causa

389 3220 726 3284 personae:
783 3220 951 3285 quae
989 3200 1048 3263 si
1093 3199 1508 3266 racionabilis
1549 3200 1746 3269 fuerit
1787 3211 1850 3268 et
1889 3201 2239 3288 legittima,
2298 3210 2453 3267 tunc
2490 3208 2706 3267 rector
2747 3220 2893 3266 cum
2936 3198 3071 3263 suis
3114 3218 3213 3261 as-

391 3295 746 3364 sessoribus
799 3298 1132 3387 dispenset
1181 3308 1248 3365 et
1296 3298 1647 3387 indulgeat.
1731 3300 1822 3366 Et
1860 3299 1942 3367 de
1981 3302 2109 3368 hac
2148 3301 2643 3391 dispensacione
2684 3298 2953 3365 scolaris
2996 3300 3208 3384 signe·
3226 3304 3295 3362 25

387 3406 518 3463 tum
577 3396 868 3463 obtineat
918 3422 960 3464 a
1008 3408 1260 3465 rectore
1311 3401 1540 3486 gratis.
1625 3400 1762 3467 Sub
1803 3424 2016 3491 poena
2056 3403 2247 3468 unius
2282 3402 2509 3467 floreni
2525 3451 2543 3484 ‚
2602 3401 2847 3467 tociens
2906 3399 3212 3486 quociens

387 3498 770 3563 contrarium
807 3498 1024 3564 facere
1063 3502 1590 3587 praesumpserit,
1633 3512 1698 3567 et
1735 3501 2133 3589 privacionis
2178 3502 2663 3589 promocionum
2704 3521 2824 3587 per
2864 3498 3058 3564 istum
3097 3520 3207 3562 an-

383 3620 532 3663 num
585 3598 656 3663 in
709 3599 886 3663 omni
935 3598 1242 3665 facultate
1293 3622 1543 3666 necnon
1597 3603 1934 3667 carenciae
1977 3601 2369 3668 defensionis
2411 3599 2853 3667 universitatis
2892 3596 3007 3664 illa
3044 3598 3210 3663 vice.

387 3698 472 3763 Et
520 3696 694 3784 quod
747 3706 962 3764 rector
1017 3701 1104 3764 sit
1152 3700 1456 3767 astrictus
1515 3699 1636 3766 sub
1691 3724 1808 3768 suo
1850 3702 2209 3767 iuramento
2250 3700 2335 3766 ad
2380 3700 2895 3788 extorquendum
2938 3718 3212 3785 poenam

389 3798 900 3864 contrafacientis
912 3847 931 3881 ,
969 3822 1222 3865 necnon
1263 3800 1488 3866 famuli
1534 3800 1620 3867 ad
1659 3800 2007 3888 diligenter
2044 3801 2500 3889 inquirendum
2542 3810 2607 3866 et
2646 3800 2885 3865 rectori
2929 3797 3203 3864 denunc-
3225 3804 3295 3862 30

392 3898 682 3963 ciandum
741 3897 823 3963 de
864 3897 1104 3965 talibus
1147 3910 1370 3967 contra
1415 3900 1781 3967 huiusmodi
1821 3909 2129 3969 statutum
2172 3900 2615 3989 delinquentes
2634 3902 2661 3944 ⁸
2704 3897 2825 3965 sub
2867 3901 2999 3965 suis
3037 3899 3209 3963 iura-

387 3998 608 4063 mentis
653 3997 784 4063 sint
823 4000 1096 4065 astricti.

1041 4142 1156 4235 16(
1179 4162 1302 4255 [Bl.
1339 4172 1414 4235 16
1428 4164 1482 4255 ⁸]
1537 4182 1632 4233 ns:
1675 4184 2103 4235 nnnm'rmus
2142 4170 2565 4235 meumst

1483 4286 1628 4337 Vom
1672 4288 1752 4339 22.
1790 4287 1997 4339 Januar
2036 4287 2179 4341 1434.

539 4397 732 4463 Anno
791 4398 1037 4465 domini
1087 4398 1429 4468 millesimo
1487 4404 1696 4468 cccc⁰
1746 4403 2081 4471 tricesimo
2132 4411 2365 4489 quarto
2382 4452 2403 4487 ,
2456 4400 2562 4468 die
2612 4398 3294 4467 vicesimasecunda35

393 4499 612 4563 mensis
651 4498 940 4565 Ianuarii
957 4550 976 4584 ‚
1031 4500 1402 4569 conclusum
1443 4503 1566 4569 fuit
1607 4503 1674 4567 in
1717 4500 2007 4589 generali
2053 4505 2529 4569 convocacione
2570 4503 3031 4588 magistrorum
3070 4498 3207 4563 uni-

393 4598 722 4682 versitatis,
765 4598 1136 4687 specialiter
1171 4602 1258 4669 ad
1292 4600 1462 4691 [16⁸]
1492 4602 1617 4669 hoc
1648 4604 1842 4685 facta,
1886 4610 1950 4667 et
1971 4626 2093 4689 per
2128 4612 2403 4690 quatuor
2432 4604 2736 4669 naciones
2758 4599 3045 4666 eiusdem
3067 4597 3205 4662 uni·

394 4698 700 4763 versitatis
755 4700 1166 4767 concorditer
1214 4700 1674 4789 approbatum,
1726 4703 1795 4767 in
1847 4711 2178 4768 rectoratu
2232 4701 2631 4768 honorabilis
2690 4700 2848 4782 viri,
2908 4696 3207 4785 magistri

593 4966 1391 5038 lmnmdemleqmr.
1592 4966 2403 5039 2AmRandenonleyotm.

587 5056 618 5108 ³
651 5050 956 5107 Enthalten
985 5050 1078 5107 die
1111 5050 1310 5109 Worte
1344 5054 1414 5107 de
1446 5052 1646 5107 talibus
1677 5050 1766 5107 bis
1794 5052 2161 5122 delinquentes
2192 5054 2353 5108 einen
2381 5048 2623 5107 Fehler‘?
2687 5048 2756 5103 In
2794 5048 2919 5105 dem
2948 5052 3131 5104 ersten
3168 5046 3289 5103 sta-

465 5142 548 5193 tut
575 5154 700 5193 vom
732 5142 815 5193 26.
853 5134 984 5191 σιω.
1029 5140 1158 5191 14⁷0
1191 5133 1253 5205 (a.
1289 5154 1342 5191 u.
1378 5136 1476 5193 Nr.
1509 5138 1594 5201 20)
1629 5136 1803 5193 steht:
1837 5137 2297 5191 damnandum
2330 5136 2469 5191 caza
2610 5134 2991 5204 delinquentes.

587 5227 620 5278 4
653 5220 740 5277 Im
789 5218 1044 5291 Original
1093 5218 1242 5293 folgt
1285 5220 1462 5277 dieser
1505 5219 1805 5276 Absclmitt
1854 5224 1969 5276 ent
2015 5219 2121 5276 auf
2161 5220 2258 5277 Nr.
2296 5226 2391 5292 17,
2442 5220 2557 5293 vgl.
2604 5218 2697 5274 die
2734 5216 3105 5275 Blattsahlen.
3180 5213 3290 5270 Am

472 5306 654 5363 Raude
687 5302 837 5362 steht
867 5324 980 5362 non
1012 5306 1232 5376 leychen
