4038 6358
869 621 948 685 84
1829 617 1931 670 Die
1968 617 2207 670 Statuten
2241 634 2366 671 vom
2402 618 2567 671 Jahre
2608 624 2752 685 15⁴3,

2091 803 2302 870 Caput
2335 804 2506 857 xvn.

870 955 1039 1016 QUID
1082 952 1364 1002 DONARE
1397 951 1722 1000 DEBEANT
1757 951 2104 1001 mmS'rRls
2138 954 2453 1003 PUBLICIS
2493 953 2565 1019 11,
2609 952 2860 1014 QUIBUS
2892 953 3217 1003 HONORES
3252 953 3706 1005 Docwomsss

2005 1051 2543 1102 CONFERUNTUR.

1036 1169 1422 1254 Quicunque
1466 1188 1783 1233 summum
1825 1166 2145 1233 honorum
2185 1167 2719 1235 scholasticorum
2761 1166 3038 1255 gradum
3081 1172 3410 1235 consecuti
3454 1169 3707 1254 fuerint,

826 1282 858 1337 5
876 1279 948 1336 ut
973 1269 1079 1335 vel
1111 1271 1179 1334 in
1209 1291 1398 1335 sacra
1416 1265 1744 1355 theologia
1770 1266 1875 1333 vel
1907 1266 2111 1333 altero
2136 1275 2249 1331 aut
2266 1275 2538 1354 utroque
2578 1269 2718 1333 iure
2758 1265 2864 1333 vel
2902 1266 3227 1335 medicina
3263 1270 3569 1357 magistri
3608 1268 3709 1335 do·

869 1379 1164 1436 ctoresve
1219 1368 1659 1455 appellentur,
1734 1389 1953 1433 eorum
2019 1367 2461 1455 unusquisque
2520 1366 2818 1454 publicos
2871 1369 3203 1435 ministros
3271 1370 3708 1436 universitatis

865 1478 1125 1535 nostrae
1159 1476 1270 1533 aut
1314 1465 1843 1533 convenientibus
1886 1466 2178 1533 vestibus
2221 1475 2333 1532 aut
2374 1465 2461 1552 (si
2501 1468 2862 1555 pecuniam,
2905 1476 2976 1532 ut
3017 1469 3149 1555 ipsi
3188 1479 3404 1534 vestes
3453 1492 3702 1556 compa-

867 1576 1031 1652 rent,
1076 1567 1235 1633 dare
1275 1565 1603 1650 maluerit)
1663 1588 1793 1632 non
1855 1564 2099 1632 minus'
2125 1588 2320 1654 quam
2366 1576 2678 1654 quantum
2731 1565 2961 1631 floreni
3012 1568 3299 1656 quinque
3340 1568 3710 1635 Rhenenses

866 1667 1128 1734 valeant
1140 1716 1160 1750 ,
1211 1665 1338 1732 illis
1389 1674 1709 1749 numeret3
1770 1667 1900 1753 ipsi
1956 1675 2185 1732 contra
2240 1667 2522 1732 ministri
2579 1664 2826 1754 publici
2870 1666 3243 1733 cathedram
3298 1678 3363 1734 et
3406 1667 3710 1734 subsellia

788 1779 853 1834 10
873 1770 1007 1833 suis
1049 1765 1364 1832 sumtibus
1410 1765 1708 1852 diligenti
1748 1787 1950 1853 opera
1992 1774 2294 1832 extruere
2339 1773 2406 1831 et
2448 1787 2768 1832 exornare
2810 1764 3154 1833 debebunt.

1889 2136 2280 2202 Sequuntur
2332 2144 2595 2188 statuta
2740 2194 2769 2209 Η

1231 2222 1307 2271 ad
1342 2234 1557 2271 mores
1592 2221 1912 2284 imprimis
1948 2229 2009 2272 et
2043 2223 2265 2273 studia
2299 2222 2793 2286 discipulorum
2829 2221 3273 2284 pertinentis.

2132 2418 2547 2469 PRAEFATIO.

1032 2520 1198 2586 Cum
1242 2517 1668 2583 scholasticae
1705 2518 2164 2583 universitates
2202 2541 2333 2584 non
2374 2528 2508 2584 tam
2551 2515 2639 2583 ad
2681 2515 3019 2587 doctrinae
3064 2527 3129 2584 et
3170 2517 3493 2584 bonarum
3535 2515 3712 2582 disci-

789 2631 850 2686 15
869 2619 1192 2708 plinarum
1242 2628 1436 2706 atque
1492 2618 1731 2682 artium
1790 2618 2322 2683 exercitationem
2376 2638 2569 2704 quam
2627 2615 2989 2683 honestatis
3043 2626 3109 2682 et
3162 2618 3423 2682 virtutis
3482 2615 3712 2682 cultum

869 2720 1205 2784 institutae
1244 2720 1405 2799 sint,
1452 2738 1575 2803 par
1623 2715 1883 2802 quidem
1927 2726 2102 2800 erat,
2146 2726 2218 2783 ut
2259 2715 2654 2805 quotidianis
2699 2713 3206 2782 subiectionibus
3246 2726 3310 2782 et
3350 2718 3712 2804 praeceptis

866 2822 1043 2885 vitae
1085 2827 1150 2883 et
1188 2838 1462 2898 morum,
1504 2837 1670 2901 quae
1713 2826 1778 2881 et
1819 2815 2172 2882 audiuntur
2216 2825 2280 2881 et
2320 2814 2641 2902 leguntur,
2686 2816 2754 2880 in
2795 2815 2923 2880 hac
2964 2817 3350 2903 praesertim
3385 2815 3537 2882 luce
3560 2818 3712 2880 veri-

865 2921 1019 2983 tatis
1059 2916 1472 2983 Christianae
1523 2915 1806 2980 omnium
1849 2916 2046 2983 animi
2093 2939 2212 2981 sua
2256 2924 2483 3003 sponte
2523 2917 2610 2982 ad
2668 2914 3215 2982 rectefaciendum
3272 2917 3711 2982 incitarentur.

869 3019 1042 3101 Quia
1095 3027 1313 3081 tamen
1368 3018 1435 3081 in
1496 3015 1867 3103 promiscua
1911 3014 2323 3081 multitudine
2368 3038 2624 3103 semper
2668 3014 2933 3104 plurimi
2975 3014 3134 3081 mali
3172 3017 3609 3103 reperiuntur,
3640 3036 3711 3078 ne

782 3115 1254 3206 20improbitas
1291 3115 1518 3182 horum
1559 3113 1749 3181 bonis
1792 3125 2024 3182 noceat
2062 3137 2271 3204 neque
2314 3115 2496 3201 quies
2540 3124 2604 3182 et
2646 3137 2816 3206 pax,
2877 3115 3249 3182 necessaria
3288 3115 3548 3201 studiis,
3592 3125 3711 3179 tur·

865 3219 1074 3301 betur,
1123 3217 1446 3304 imprimis
1495 3237 1688 3281 curae
1730 3215 1851 3280 fuit
1894 3216 2249 3282 maioribus
2293 3216 2566 3299 nostris,
2610 3226 2680 3281 ut
2721 3216 2898 3303 leges
2940 3218 3141 3282 initae
3184 3216 3586 3304 delegendae
3625 3214 3710 3292 (Ῡ)

862 3320 1107 3385 ferrent
1147 3316 1424 3381 subditis
1467 3316 1908 3381 universitatis
1950 3338 2124 3399 suae,
2168 3337 2330 3401 quas
2374 3316 2483 3402 qui
2527 3315 2777 3381 violare
2817 3318 2960 3382 ausi
3000 3317 3296 3400 fuissent,
3338 3318 3421 3381 iis
3467 3315 3712 3381 debitae

864 3438 1113 3506 poenae
1153 3414 1239 3479 ad
1281 3414 1650 3501 exemplum
1693 3414 1970 3482 aliorum
2010 3414 2491 3501 infligerentur,
2535 3423 2605 3480 ut
2621 3464 2643 3498 ,
2685 3416 2795 3501 qui
2836 3417 3097 3481 virtutis
3139 3415 3571 3481 eruditionem
3622 3436 3710 3479 re·

867 3525 1191 3606 spuerent,
1238 3515 1582 3580 severitate
1608 3513 1732 3580 hac
1759 3516 2132 3581 necessaria
2161 3524 2635 3580 coercerentur.
2712 3514 3005 3596 Quorum
3049 3515 3334 3581 salutare
3377 3513 3711 3581 consilium

783 3626 850 3685 25
868 3617 1044 3684 omni
1086 3615 1338 3680 ratione
1383 3613 1898 3682 conservandum
1943 3624 2006 3679 et
2052 3612 2449 3702 sequendum
2490 3614 2683 3680 nobis
2726 3614 3051 3682 duximus.
3115 3615 3331 3704 Atque
3372 3615 3526 3681 ideo
3569 3636 3706 3679 con-

865 3719 1159 3784 stitutum
1200 3725 1317 3798 est,
1359 3723 1431 3778 ut
1473 3712 1799 3801 deinceps,
1843 3714 2009 3779 sicut
2049 3713 2134 3778 ab
2177 3714 2442 3800 antiquo
2485 3715 2726 3779 factum
2766 3714 2907 3799 fuit,
2949 3737 3065 3781 suo
3108 3716 3380 3803 quisque
3422 3713 3706 3780 semestri

862 3827 1074 3883 rector
1116 3813 1326 3879 edicto
1364 3812 1622 3899 publico
1664 3812 1767 3878 bis
1811 3822 2124 3879 convocet
2162 3833 2385 3879 omnes
2431 3815 2874 3880 universitatis
2897 3815 3086 3884 huius
3116 3813 3343 3880 ditioni
3367 3815 3704 3895 subiectos,

859 3937 1090 4002 nempe
1134 3914 1391 3979 circiter
1433 3921 1733 3978 octavum
1776 3912 1947 3978 diem
1988 3912 2128 3980 Cal.
2169 3912 2320 3978 Iulii
2377 3923 2441 3977 et
2484 3914 2744 3979 circiter
2784 3925 3087 3980 octavum
3127 3913 3300 3979 diem
3341 3914 3577 3980 Iduum
3620 3911 3704 4000 (2)

866 4012 1265 4102 Septembris
1322 4015 1389 4077 in
1446 4014 1740 4078 semestri
1798 4012 2128 4098 aestivali,
2181 4014 2251 4078 in
2304 4011 2591 4099 hyemali
2647 4023 2862 4079 autem
2917 4017 3175 4082 circiter
3225 4013 3384 4079 VIII
3450 4011 3705 4082 Calend.

782 4112 1253 4180 30Decembris
1306 4120 1371 4177 et
1425 4113 1684 4177 circiter
1732 4111 1886 4177 Idus
1941 4111 2235 4179 Martias.
2333 4110 2588 4193 Quibus
2643 4114 3047 4201 temporibus
3105 4122 3355 4198 rector,
3415 4117 3529 4202 qui
3581 4123 3705 4179 tum

868 4214 1253 4301 magistratu
1293 4212 1621 4298 fungetur,
1663 4213 1954 4277 oratione
1998 4211 2085 4277 ad
2126 4221 2381 4298 tempus
2443 4222 2507 4277 et
2558 4211 2888 4278 auditores
2946 4214 3439 4280 accommodata
3495 4234 3702 4280 omnes

867 4313 953 4379 ad
997 4314 1305 4400 pietatem
1348 4321 1413 4376 et
1456 4309 1699 4376 cultum
1743 4312 2001 4375 virtutis
2042 4321 2109 4376 et
2147 4311 2364 4377 studia
2402 4314 2795 4397 optimarum
2840 4312 3337 4401 disciplinarum
3380 4323 3576 4401 atque
3611 4335 3700 4377 ar·

860 4415 1020 4479 tium
1065 4409 1505 4477 cohortabitur
1560 4419 1625 4475 et
1674 4412 1836 4476 vitia
1892 4420 2087 4498 atque
2139 4412 2532 4499 pravitatem
2570 4414 2745 4477 vitae
2804 4434 2885 4478 ac
2934 4436 3185 4479 morum
3238 4413 3702 4480 adolescentiae

866 4509 1313 4600 reprehendet.
1384 4509 1600 4596 Atque
1641 4511 1737 4575 ita
1780 4509 2039 4575 curabit
2078 4510 2343 4576 recitari
2388 4533 2554 4598 quae
2598 4510 2684 4576 ad
2726 4511 3129 4579 honestatem
3172 4512 3700 4602 compescendam

776 4622 843 4679 35
864 4614 932 4677 in
994 4633 1215 4677 omnes
1260 4609 1490 4706 ditioni
1544 4609 1734 4674 huius
1792 4610 2236 4676 universitatis
2300 4611 2673 4697 suppositos
2743 4611 3100 4700 aequaliter
3167 4615 3520 4680 constituta
3586 4613 3702 4678 sint

868 4715 964 4778 ita
1001 4721 1072 4777 ut
1115 4719 1469 4799 sequuntur
1514 4708 1815 4775 distincte
1854 4710 1923 4774 in
1965 4719 2216 4775 certum
2260 4718 2645 4776 statutorum
2686 4734 3027 4779 numerum
3068 4712 3356 4780 redacta.

2075 4912 2415 4964 statutum
2455 4912 2498 4962 Ι.

1411 5060 1505 5109 ΒΕ
1548 5060 1859 5110 ἮΤΔΝΒΑ
1899 5060 2343 5110 PETULANTIA
2384 5061 2457 5108 IN
2498 5059 2732 5110 DICTIS
2775 5062 2866 5109 ET
2910 5061 3177 5111 FACTIS.

1027 5177 1303 5261 Omnes,
1361 5179 1471 5265 qui
1510 5177 1686 5264 leges
1736 5199 2024 5265 unquam
2065 5175 2387 5260 tulerunt,
2449 5176 2532 5243 de
2574 5180 2989 5245 veneratione
3034 5190 3097 5245 et
3137 5179 3313 5246 cultu
3354 5182 3558 5248 divini
3593 5201 3692 5246 nu-

776 5277 1054 5343 wminis
1098 5286 1248 5343 ante
1290 5279 1508 5342 omnia
1548 5287 2051 5365 praeceperunt,
2108 5275 2177 5340 id
2219 5275 2395 5364 quod
2435 5301 2586 5361 nos,
2632 5280 2741 5367 qui
2783 5277 3142 5346 Christiani
3199 5304 3345 5347 esse
3397 5283 3690 5361 volumus,
