4038 6358
709 631 829 697 234
1857 635 1966 684 Das
2000 634 2177 685 kleine
2214 635 2418 699 colleg.

704 810 1197 898 unumquodque
1243 814 1723 900 suppositorum
1766 815 2115 902 diligenter
2153 814 2520 899 admonere,
2560 825 2631 880 ut
2677 836 2818 880 sese
2861 816 3049 882 iuxta
3089 816 3556 880 continentiam

702 909 1072 977 huiusmodi
1114 921 1497 978 statutorum
1537 913 1802 981 honeste
1845 925 2052 1001 regat,
2095 937 2242 980 cum
2282 914 2621 1002 diligentia
2663 913 2920 980 studeat
2961 924 3025 979 et
3064 924 3294 979 contra
3337 914 3554 980 huius·

704 1010 882 1076 modi
947 1019 1187 1076 statuta
1240 1012 1455 1078 facere
1508 1036 1637 1080 non
1695 1025 2099 1102 praesumat,
2162 1023 2232 1079 ut
2298 1016 2393 1080 sic
2453 1036 2697 1101 poenas
2760 1015 2827 1078 in
2889 1013 3130 1078 eisdem
3196 1037 3554 1102 expressas

706 1109 983 1175 evadere
1025 1119 1237 1194 queat.

619 1269 652 1325 5
1517 1266 1615 1328 22.
1657 1280 1753 1328 DE
1795 1279 2237 1329 wsrrxmoma
2280 1279 2710 1329 PRAEPOSITI.

866 1410 1029 1475 Item
1081 1412 1491 1498 praepositus
1534 1420 1825 1500 tempore
1871 1416 2368 1500 praepositurae
2424 1435 2579 1478 suae
2632 1411 2826 1478 debet
2879 1434 3024 1478 cum
3082 1415 3214 1478 suis
3274 1413 3551 1479 aedituis

704 1508 1001 1574 adminus
1044 1509 1237 1575 semel
1280 1511 1548 1577 visitare
1589 1511 2022 1578 habitationes
2067 1513 2552 1599 suppositorum
2594 1535 2903 1599 praesens
2944 1511 3283 1599 collegium
3326 1514 3548 1577 immo·

703 1610 989 1674 rantium
1031 1619 1093 1674 et
1127 1606 1188 1695 [7
1200 1606 1251 1696 ⁸]
1293 1610 1537 1677 ibidem
1576 1612 1924 1698 respicere,
1967 1633 2050 1676 ne
2094 1598 2377 1699 parietes
2420 1612 2751 1699 perforent
2791 1614 2895 1679 vel
2937 1612 3297 1701 parietibus
3347 1611 3550 1677 affixa

703 1709 1025 1795 frangant,
1077 1717 1188 1774 aut
1228 1710 1407 1776 focos
1452 1711 1592 1776 sive
1628 1710 1929 1776 fornaces
1971 1710 2218 1776 ibidem
2262 1719 2639 1776 construant
2679 1711 2784 1776 vel
2828 1707 3130 1795 habeant,
3186 1714 3256 1776 in
3314 1709 3546 1800 quibus

626 1817 688 1873 10
704 1808 918 1895 ignem
970 1808 1241 1892 faciant,
1298 1818 1410 1874 aut
1451 1811 1682 1898 quovis
1727 1809 1855 1875 alio
1897 1809 2090 1876 modo
2133 1809 2440 1876 damnum
2485 1809 2756 1896 collegio
2807 1812 3114 1894 inferant,
3167 1833 3252 1875 ne
3293 1832 3546 1898 quoque

700 1907 1032 1973 mulierem
1075 1906 1179 1971 vel
1235 1908 1535 1974 mulieres
1581 1919 1949 1997 suspectam
1992 1909 2098 1974 vel
2153 1919 2489 1997 suspectas
2532 1909 2973 1994 introducant,
3016 1910 3120 1976 vel
3177 1910 3246 1974 in
3296 1908 3544 1978 habita·

702 2005 982 2072 tionibus
1024 2007 1158 2071 suis
1202 2030 1418 2072 secum
1475 2017 1753 2077 teneant.
1837 2008 1927 2073 Et
1979 2011 2036 2074 si
2079 2032 2269 2096 quem
2330 2008 2720 2075 scholarium
2763 2008 3025 2096 aliquod
3064 2008 3544 2097 praedictorum

698 2105 930 2170 fecisse
970 2107 1317 2193 repererit,
1377 2110 1592 2195 ipsum
1644 2110 1829 2173 iuxta
1882 2116 2126 2174 statuta
2166 2106 2271 2172 vel
2325 2106 2720 2194 condignum
2778 2110 3006 2195 puniat
3053 2110 3363 2196 iocosque
3426 2105 3544 2172 ibi-

700 2203 847 2369 ᾶθῑὲ
901 2215 1194 2292 repertos
1242 2207 1480 2295 deponi
1521 2208 1627 2273 vel
1685 2209 2005 2295 confringi
2048 2206 2424 2290 demandet,
2481 2216 2594 2272 aut
2645 2230 2765 2295 per
2809 2230 2880 2273 se
2922 2209 3134 2295 ipsum
3180 2206 3548 2293 confringat

619 2312 679 2367 15
700 2312 764 2368 et
849 2313 1099 2392 eponat.

1655 2460 1753 2524 23.
1795 2474 1891 2522 nn
1933 2473 2274 2522 Ansnn'rm
2313 2474 2570 2523 DANDA.

865 2604 1029 2669 Item
1073 2603 1344 2692 quilibet
1386 2603 1876 2690 collegiatorum
1914 2629 2294 2694 quocunque
2333 2616 2626 2693 tempore
2670 2608 2822 2671 anni
2864 2629 2983 2693 per
3022 2627 3218 2671 unum
3256 2627 3542 2671 mensem

701 2701 936 2768 absens
979 2726 1122 2770 esse
1163 2704 1421 2792 poterit,
1464 2706 1659 2770 etiam
1699 2705 1875 2772 nullo
1919 2706 2007 2771 ad
2047 2705 2171 2771 hoc
2208 2706 2540 2794 requisito,
2603 2704 2718 2771 sed
2760 2715 3037 2794 protunc
3076 2727 3197 2771 sua
3237 2705 3545 2792 porcione

698 2801 973 2886 sallarii,
1028 2805 1085 2869 si
1128 2803 1495 2869 sallariatus
1553 2806 1778 2888 fuerit,
1838 2804 2109 2871 carebit.
2189 2803 2258 2870 Si
2301 2827 2457 2870 vero
2499 2804 2733 2890 aliquis
2772 2806 3094 2870 iuniorum
3136 2826 3254 2891 per
3293 2813 3545 2869 tantum

614 2908 682 2965 20
702 2910 954 2989 tempus
1010 2901 1246 2969 absens
1302 2903 1514 2987 fuerit,
1574 2904 1712 2970 sola
1772 2907 2069 2992 portione
2125 2903 2443 2991 collegiali
2501 2926 2725 2970 carere
2767 2914 3051 2990 cogetur,
3106 2913 3171 2969 et
3226 2905 3542 2990 magistro

699 2998 1025 3066 licentiam
1070 3002 1402 3069 absentiae
1443 3006 1687 3090 petenti
1730 3005 2010 3091 spatium
2048 3005 2238 3070 unius
2290 3005 2444 3069 anni
2496 3014 2560 3070 et
2601 3004 2839 3070 mensis
2893 3026 3023 3069 non
3077 3013 3176 3069 est
3218 3002 3542 3090 denegan-

702 3101 873 3186 dum,
930 3101 1103 3167 datis
1160 3112 1377 3168 tamen
1433 3112 1710 3188 quatuor
1766 3105 2012 3191 grossis
2068 3115 2358 3191 tempore
2422 3105 2752 3193 petitionis
2816 3102 3181 3172 huiusmodi
3239 3101 3301 3191 [7
3316 3100 3368 3192 ¹³]
3429 3101 3544 3168 ab·

701 3203 961 3268 sentiae.
1044 3202 1118 3268 Si
1158 3216 1395 3287 tamen,
1442 3205 1651 3290 spatio
1698 3203 2065 3270 huiusmodi
2105 3205 2348 3291 elaps0,
2403 3207 2714 3291 magister
2760 3203 2997 3269 absens
3041 3225 3126 3268 ex
3168 3202 3542 3269 rationabili

699 3324 899 3366 causa
938 3301 1153 3368 redire
1190 3326 1320 3368 non
1359 3305 1644 3390 potuerit
1681 3312 1745 3368 et
1786 3326 1906 3390 pro
1951 3303 2242 3368 ulteriori
2286 3304 2586 3369 absentia
2628 3304 2916 3392 petierit,
2971 3301 3171 3367 stabit
3212 3302 3542 3369 ulterioris

614 3409 682 3466 25
700 3400 1032 3467 absentiae
1076 3404 1407 3468 concessio
1449 3404 1518 3468 in
1559 3402 1909 3468 dictamine
1965 3404 2234 3468 maioris
2278 3404 2492 3490 partis
2533 3401 2805 3490 collegii,
2867 3400 3410 3491 quemadmodum
3451 3400 3538 3466 ab

699 3503 961 3589 antiquo
1004 3501 1419 3568 observatum
1459 3511 1572 3568 est.

1195 3674 1290 3736 24.
1330 3686 1426 3734 DE
1470 3685 1670 3734 nono
1709 3685 2041 3733 vafflm
2085 3684 2276 3746 QUEM
2318 3684 2852 3734 connsem‘rmzn
2896 3684 3038 3734 sun.

861 3801 1024 3867 Item
1076 3800 1290 3867 nullus
1348 3802 1806 3888 magistrorum
1867 3798 2104 3865 absens
2161 3799 2583 3886 collegiatura
2645 3822 2765 3866 sua
2823 3800 3074 3887 privari
3133 3798 3355 3882 debet,
3411 3799 3542 3863 nisi

699 3902 879 3988 prius
936 3901 997 3965 ei
1044 3899 1367 3966 scribatur
1424 3911 1489 3967 et
1542 3902 1801 3966 nuntius
1865 3899 1982 3965 sub
2045 3901 2352 3986 expensis
2408 3901 2541 3965 suis
2606 3899 2693 3967 ad
2760 3920 2906 3964 eum
2961 3900 3254 3965 mittatur
3316 3921 3396 3964 ac
3454 3897 3540 3963 ab

615 4009 683 4066 30
703 3999 928 4066 eodem
967 4001 1191 4065 nuntio
1234 4022 1415 4065 mens
1456 4001 1594 4065 eius
1637 3999 2050 4084 intelligatur.
2118 3997 2249 4079 Qui
2294 4001 2605 4085 magister
2648 3998 2884 4064 absens
2922 3997 3115 4062 finale
3158 4019 3540 4085 responsum

700 4121 854 4164 suae
895 4098 1243 4164 voluntatis
1302 4101 1372 4163 in
1430 4100 1688 4185 scriptis
1742 4098 1901 4163 dare
1948 4096 2291 4181 tenebitur,
2349 4097 2469 4162 sub
2527 4120 2739 4185 poena
2796 4099 3181 4185 privationis
3237 4095 3540 4182 collegia-

697 4209 882 4264 turae
925 4220 1081 4264 suae
1126 4200 1269 4283 ipso
1311 4199 1502 4264 facto.

1406 4369 1507 4431 25.
1555 4381 1838 4443 QUANDO
1882 4379 2039 4440 Qtns
2081 4378 2500 4429 REPUTETUR
2539 4378 2814 4427 ABsENs.

860 4498 1024 4564 Item
1068 4499 1125 4563 si
1166 4497 1401 4586 aliquis
1443 4499 1903 4582 magistrorum
1958 4518 2076 4583 per
2128 4506 2260 4561 tres
2315 4494 2456 4560 dies
2507 4494 2611 4559 vel
2667 4494 2887 4582 plures
2941 4495 3012 4558 in
3063 4492 3290 4559 eadem
3344 4494 3542 4581 septi·

614 4610 895 4666 35mana
935 4598 1269 4664 continuos
1314 4596 1551 4663 absens
1590 4597 1801 4677 fuerit,
1855 4595 2006 4660 talis
2052 4618 2171 4682 pro
2214 4594 2327 4659 illa
2367 4596 2627 4679 integra
2671 4594 3033 4680 septimana
3074 4591 3310 4660 absens
3347 4612 3538 4680 repu-

700 4699 962 4780 tabitur,
1019 4698 1112 4762 sic
1154 4697 1329 4783 quod
1383 4697 1465 4761 de
1516 4693 1835 4761 fructibus
1886 4704 1950 4758 et
1999 4694 2442 4759 emolumentis
2493 4692 2748 4779 collegii
2799 4703 3052 4781 partem
3093 4704 3372 4780 protunc
3411 4716 3547 4758 non

698 4796 996 4879 habebit3
1060 4807 1123 4861 et
1166 4806 1237 4861 ut
1294 4795 1671 4884 praeposito
1719 4792 1801 4858 de
1856 4815 2117 4858 recessu
2166 4794 2464 4879 magistri
2510 4789 2571 4878 [8
2587 4788 2636 4878 ὃ]
2683 4814 2753 4858 se
2796 4792 3200 4858 absentantis
3243 4801 3545 4858 constare

700 4897 926 4984 possit,
975 4895 1167 4961 debet
1204 4895 1475 4981 quilibet
1511 4894 1974 4980 magistrorum
2033 4892 2335 4959 recedere
2382 4892 2605 4959 volens
2651 4891 2824 4957 diem
2866 4893 2966 4957 sui
3007 4894 3220 4958 exitus
3266 4901 3331 4958 et
3368 4891 3544 4957 redi-

699 5006 802 5060 tus
842 4996 1143 5061 intimare
1197 4995 1570 5082 praeposito
1614 4991 1721 5058 vel
1770 5015 1889 5080 per
1941 5015 2131 5058 suum
2187 5002 2695 5080 procuratorem,
2756 4994 2814 5059 si
2875 5015 3067 5079 quem
3120 4991 3546 5073 constituerit,

618 5106 686 5162 40
702 5095 917 5161 facere
954 5095 1258 5160 intimari.

864 5193 1024 5259 Item
1067 5192 1339 5282 quilibet
1379 5193 1839 5278 magistrorum
1873 5191 2111 5258 absens
2154 5214 2301 5256 cum
2341 5212 2642 5257 reversus
2681 5191 2893 5274 fuerit,
2936 5189 3130 5256 debet
3169 5212 3313 5257 esse
3355 5192 3550 5256 astri·

705 5303 845 5359 ctus
889 5293 976 5358 ad
1029 5291 1380 5381 petendum
1435 5315 1477 5357 a
1533 5290 1802 5378 collegio
1848 5292 2198 5358 astantiam
2250 5292 2320 5355 in
2375 5291 2708 5374 cerevisia,
2765 5292 2821 5356 si
2877 5299 3152 5377 protunc
3207 5289 3549 5371 habeatur,
