4038 6358
1151 673 1330 722 Vici-te
1367 668 1893 730 statutenrcdaction‚
1927 684 2036 718 von
2066 663 2411 722 1499—1522.
2878 683 2891 696 ·
3078 671 3187 736 481

339 858 532 924 modi
576 866 836 923 actuum
879 855 1340 940 resumptionis
1382 853 1672 919 obtinere
1715 860 1778 917 et
1819 862 2111 940 tempore
2144 851 2657 939 dispensacionis
2696 851 2763 912 in
2797 850 3058 915 scedula
3082 873 3198 914 sua

346 979 578 1024 coram
623 957 874 1022 decano
919 963 982 1018 et
1022 954 1328 1019 facultate
1371 952 1696 1019 exhibere.

1133 1128 1193 1187 4.
1245 1138 1339 1188 DE
1385 1137 1584 1186 nono
1627 1136 1968 1186 AUDIENDI
2007 1133 2414 1184 anemonas.

1532 1255 1542 1270 κ
1635 1240 1937 1306 Vgl.x111,
1974 1240 2021 1290 7.

521 1337 760 1418 Modus
802 1353 1105 1419 audiendi
1145 1353 1452 1420 lectiones
1497 1354 1620 1418 erit
1659 1352 1827 1436 talis,
1873 1352 2045 1441 quod
2088 1349 2357 1440 quilibet
2378 1348 2650 1414 audiens
2674 1347 2954 1435 aliquam
2981 1347 3197 1413 lectio·
3253 1361 3285 1414 5

345 1473 504 1514 nem
549 1475 672 1538 pro
716 1452 929 1539 gradu
969 1452 1444 1518 baccalariatus
1487 1463 1741 1522 tenetur
1781 1475 1926 1518 eam
1969 1451 2195 1517 audire
2237 1451 2305 1514 in
2347 1449 2551 1532 libro,
2605 1451 2712 1536 qui
2758 1448 3012 1534 legitur,
3058 1472 3199 1513 cum

348 1548 712 1634 diligencia
774 1554 897 1634 ita,
982 1553 1156 1638 quod
1223 1560 1472 1616 textum
1543 1551 1837 1617 lectionis
1901 1552 2237 1639 proprium
2294 1547 2397 1613 vel
2456 1545 2942 1613 accomodatum
2987 1569 3204 1612 secum

352 1659 658 1735 tempore
700 1651 992 1717 lectionis
1037 1650 1277 1716 habeat
1319 1658 1621 1738 (possunt
1664 1659 1880 1715 tamen
1927 1650 2052 1714 duo
2110 1658 2225 1714 aut
2273 1659 2407 1713 tres
2452 1635 2539 1710 ad
2580 1648 2935 1711 maximum
2977 1646 3204 1711 eodem

357 1757 548 1814 textu
595 1772 718 1836 pro
759 1759 1050 1838 tempore
1095 1749 1282 1814 simul
1329 1752 1471 1833 uti),
1515 1759 1579 1815 et
1620 1750 1794 1838 quod
1840 1751 1977 1815 sine
2021 1772 2221 1814 causa
2262 1746 2681 1828 racionabili,
2728 1746 3041 1833 legittimo
3087 1749 3207 1811 im-

354 1847 739 1932 pedimento
786 1858 1097 1931 cessante,
1141 1849 1382 1914 nullam
1424 1849 1786 1934 lectionem,
1829 1872 2025 1938 quam
2069 1850 2295 1916 audire
2338 1846 2579 1928 debuit,
2639 1853 2752 1910 aut
2794 1848 3206 1929 exercicium,
3230 1858 3292 1911 ¹0

351 1948 422 2009 in
474 1970 602 2033 quo
649 1958 821 2016 stare
863 1948 1103 2029 debuit,
1151 1949 1456 2034 neglexit,
1498 1973 1540 2014 a
1578 1951 1782 2014 tercia
1824 1948 2100 2018 lectione
2144 1958 2256 2014 aut
2297 1948 2615 2013 exercicio
2642 1946 2725 2009 ab
2770 1942 2874 2032 [28
2893 1942 2946 2033 ⁸]
2991 1947 3208 2032 incep-

348 2048 535 2110 tione
577 2048 1040 2134 computand03
1128 2057 1228 2130 et',
1285 2059 1847 2136 quantumcunque
1889 2049 2101 2135 potuit
2121 2099 2140 2132 ,
2192 2049 2332 2112 sine
2381 2045 2527 2111 dolo
2572 2055 2635 2110 et
2674 2045 2906 2110 fraude
2951 2067 2991 2108 a
3032 2046 3205 2132 prin-

355 2146 536 2231 cipio
581 2168 782 2233 usque
822 2148 908 2220 ad
955 2148 1147 2212 finem
1189 2146 1483 2213 lectionis
1526 2158 1638 2213 aut
1680 2149 1987 2213 exercicii
2030 2148 2425 2235 permansit,
2510 2168 2631 2209 nec
2701 2141 2820 2209 sub
2876 2167 3006 2209 una
3050 2145 3213 2209 hora

359 2243 528 2309 duas
574 2244 882 2311 lectiones
927 2258 1040 2312 aut
1080 2246 1208 2312 duo
1252 2249 1579 2313 exercicia
1622 2247 1868 2331 habuit,
1911 2270 2120 2336 neque
2161 2246 2334 2312 ultra
2377 2247 2539 2310 duas
2584 2235 2892 2309 lectiones
2935 2266 3066 2308 una
3107 2243 3213 2309 die

357 2343 638 2428 audivit,
683 2345 943 2433 dempto
986 2347 1343 2430 Prisciano,
1388 2370 1578 2433 quam
1621 2370 1740 2434 pro
1785 2349 1989 2412 tercia
2031 2346 2272 2411 habere
2314 2355 2547 2433 potest.
2635 2344 2961 2425 Quociens
2999 2353 3212 2408 autem
3236 2353 3296 2408 15

356 2445 758 2510 exercicium
798 2455 910 2510 aut
943 2444 1281 2511 lectionem
1324 2448 1460 2511 sive
1501 2446 1809 2512 lectiones
1852 2445 2173 2533 neglexit,
2234 2445 2337 2509 vel
2400 2467 2443 2509 a
2494 2444 2815 2532 principio
2874 2464 3079 2530 usque
3120 2441 3224 2530 ad,

357 2543 556 2608 finem
600 2568 731 2610 non
775 2547 1150 2633 permansit,
1193 2555 1256 2610 ct
1295 2553 1516 2611 omnes
1561 2545 1724 2612 alios
1766 2546 2053 2612 defectus
2102 2568 2251 2610 suos
2302 2544 2496 2608 debet
2535 2545 2603 2608 in
2649 2541 2911 2608 scedula
2941 2565 3203 2608 suorum

357 2655 660 2728 actuum,
705 2651 1015 2733 'tempore
1057 2645 1562 2732 dispensationis
1605 2645 2116 2732 praesentanda,
2175 2667 2319 2710 cum
2361 2665 2561 2708 causa
2579 2692 2598 2725 ,
2665 2644 2721 2707 si
2763 2666 2955 2728 quam
2998 2642 3214 2724 habet,

357 2744 775 2809 conscribere
818 2754 883 2808 et
928 2745 1296 2830 exprimere
1343 2767 1420 2809 ac
1463 2744 1741 2831 desuper
1774 2744 2321 2834 dispensationem
2360 2754 2597 2832 petere.
2642 2743 2972 2829 Reputant
2997 2752 3213 2810 autem

357 2844 695 2927 magistri,
779 2842 1166 2929 legittimum
1241 2844 1773 2931 impedimentum
1829 2847 1967 2908 fore
2022 2845 2462 2910 infirmitatem
2526 2854 2637 2908 aut
2679 2842 3041 2908 absentiam
3082 2840 3292 2905 loci20

359 2940 474 3004 vel·
514 2941 761 3028 aliquid
806 2943 983 3007 aliud
1024 2966 1143 3029 per
1184 2943 1559 3009 facultatem
1603 2943 2124 3031 approbandum.

456 3115 514 3173 5.
573 3126 668 3173 DE
727 3123 1362 3175 RECOGNITIONIBUS
1408 3128 1626 3178 SUPER
1671 3127 1979 3195 STANCIA,
2015 3126 2601 3178 RESPONSIONIBUS
2643 3126 2734 3173 ΕΤ
2778 3124 2957 3178 ALIIS
3000 3124 3133 3171 PER

683 3226 1300 3279 BACGALARIANDOS
1345 3226 1673 3277 TEMPORE
1717 3228 2287 3277 DISPENSATIONIS
2324 3226 2908 3277 PRAESENTANDIS.

1622 3330 1742 3394 Vgl.
1793 3331 1950 3394 xm,
1996 3332 2044 3383 9.

544 3443 775 3508 Nullus
821 3441 1078 3508 admitti
1120 3442 1314 3508 debet
1355 3442 1442 3507 ad
1481 3464 1755 3509 examen
1799 3430 2284 3515 baccalariatus'
2314 3446 2384 3509 in
2424 3444 2707 3525 artibus,
2760 3444 2887 3507 nisi
2930 3451 3218 3528 tempore
3234 3451 3300 3506 25

367 3542 890 3629 dispensacionis
933 3545 1002 3606 in
1044 3542 1307 3608 scedula
1351 3564 1610 3607 suorum
1668 3554 1928 3609 actuum
1985 3545 2502 3629 recognicionem
2564 3544 2665 3607 sui
2731 3544 3160 3624 conventoris,
3188 3543 3209 3585 ¹

364 3666 516 3711 cum
562 3660 691 3729 quo
736 3641 841 3707 vel
876 3642 1111 3726 quibus
1157 3643 1407 3707 steterit
1448 3651 1512 3706 et
1548 3643 1694 3707 iura
1744 3642 2033 3713 bui-salia
2082 3644 2309 3708 fecerit
2360 3641 2753 3729 disputando
2770 3690 2789 3726 ,
2851 3640 3204 3729 arguendo,

364 3740 858 3827 respondendo,
926 3743 1275 3807 serotinam
1330 3740 1836 3827 disputationem
1891 3741 2346 3829 ingrediendO,
2432 3741 2817 3806 latinitatem
2874 3740 3216 3827 servando,

373 3850 623 3928 puncta
671 3864 790 3928 pro
834 3841 1121 3931 vulgari,
1186 3843 1241 3906 si
1291 3840 1616 3928 obligatus
1658 3841 1884 3925 fuerit,
1973 3841 2316 3925 solvendo,
2402 3843 2845 3928 consignatam
2891 3840 3213 3906 exhibeat.

372 3938 595 4018 Quam
643 3942 700 4003 si
739 3962 871 4005 non
912 3941 1280 4006 exhibuerit
1324 3944 1543 4029 sicque
1585 3941 2021 4005 verisimiliter
2082 3951 2312 4006 contra
2367 3963 2513 4005 eum
2570 3940 2898 4027 praesumi
2956 3942 3299 4027 poterit,30

377 4037 560 4121 quod
602 4039 670 4101 in
710 4037 869 4104 locis
913 4040 1294 4128 approbatis
1339 4043 1639 4105 continue
1677 4063 1806 4104 non
1851 4024 2100 4105 steterit
2154 4062 2275 4104 nec
2327 4042 2474 4105 iura
2527 4038 2817 4106 bui-salia
2857 4042 2927 4105 in
2972 4039 3217 4105 eisdem

366 4136 630 4218 fecerit,
716 4138 802 4202 ad
864 4160 1139 4203 examen
1195 4142 1322 4211 ista
1375 4142 1518 4203 vice
1561 4162 1690 4204 non
1731 4138 2129 4205 admittatur.
2210 4139 2286 4204 In
2330 4140 2681 4228 eademque
2725 4139 2990 4204 scedula
3027 4139 3221 4204 debet

370 4235 619 4301 habere
661 4238 1122 4323 magistrorum
1164 4248 1229 4303 et
1269 4236 1786 4303 baccalariorum
1828 4241 2119 4321 nomina,
2187 4239 2420 4325 quibus
2473 4249 2610 4303 tam
2648 4238 2976 4305 ordinarie
3020 4260 3213 4325 quam

375 4336 901 4401 extraordinarie
940 4338 1398 4424 respondebat,
1441 4339 1562 4404 sub
1601 4360 1814 4425 poena
1852 4337 2324 4426 impedicionis.

377 4506 437 4565 6.
519 4518 1133 4571 BaccALAnnmnns
1206 4520 1279 4569 m
1348 4521 1644 4569 Ani-mus
1707 4522 1989 4569 maABrr
2057 4522 2341 4570 mmm
2404 4521 2760 4573 mmmmm
2802 4515 3305 4590 monost-:⁸135

541 4619 819 4668 'ro'rALn
860 4621 1286 4671 nxnncmmn
1328 4623 1463 4670 vm,
1508 4619 2039 4670 nnsronsmnnu
2086 4621 2519 4670 oanAan
2556 4609 3055 4673 nnonnx1ssc.²

1597 4723 1715 4786 Vgl.
1750 4723 1899 4789 xm,
1940 4723 2017 4775 ιο.

543 4837 644 4903 Ne
686 4836 867 4903 fraus
908 4848 973 4903 et
1015 4836 1200 4907 dolus
1240 4839 1415 4904 circa
1457 4837 1851 4904 auditionem
1905 4837 2249 4902 lectionum
2307 4838 2596 4925 aliosque
2649 4850 2832 4906 actus
2883 4840 3216 4928 principa-

378 4935 475 5001 les
519 4937 588 5001 in
634 4936 884 5017 artibus
928 4959 1047 5024 per
1100 4937 1639 5003 baccalariandos
1699 4936 2094 5023 complentes
2157 4936 2620 5023 committatur,
2710 4941 2982 5027 placuit,
3048 4942 3220 5027 quod

560 5108 580 5158 1
621 5104 698 5157 Es
733 5102 874 5159 fehlt
905 5103 993 5156 vel
1024 5120 1247 5157 suorum
1280 5112 1674 5157 conventorum.
1745 5101 1873 5171 Vgl.
1911 5100 2053 5155 obeh
2100 5104 2152 5158 S.
2192 5107 2272 5171 21,
2308 5108 2388 5157 28.
2459 5103 2783 5159 Auffallend
2830 5107 2901 5161 ist
2951 5125 3042 5176 es,
3094 5109 3221 5162 dass

379 5187 531 5242 diese
570 5188 764 5243 Worte
799 5187 856 5240 in
890 5186 1078 5241 diesen
1114 5185 1374 5240 Statuten
1408 5185 1829 5257 durchgehends
1857 5184 2209 5256 fortgefallen
2242 5188 2386 5243 sind.
2460 5188 2587 5258 Vgl.
2628 5189 2785 5255 XIII,
2831 5197 2862 5245 9
2890 5208 2941 5247 u.
2979 5192 3134 5261 XIV,
3168 5198 3214 5247 8.

549 5276 580 5326 2
617 5273 725 5325 Am
761 5268 957 5327 Raude
1002 5271 1286 5325 mittatur
1327 5276 1561 5341 propter
1617 5272 1795 5324 v'itare
1829 5271 2160 5340 periurium,
2194 5272 2328 5342 quia
2355 5272 2538 5326 nullm
2574 5277 2863 5329 secundum
2895 5278 3218 5348 complecio-

382 5355 473 5409 πίε
505 5374 753 5410 namnam
785 5356 1030 5427 complet,
1069 5364 1167 5410 aut
1191 5357 1530 5425 paucissimi.

519 5458 959 5496 srarurxunuon
993 5459 1109 5496 mm
1142 5458 1288 5495 nutv.
1323 5454 1561 5497 amram.
2806 5452 2877 5512 31
