4038 6358
1246 669 1347 721 Die
1385 670 1626 720 Statuten
1692 681 1803 720 von
1847 663 2199 723 1497—1537.
3034 661 3150 737 241

246 855 447 940 prio
495 850 786 943 partibus
814 875 898 918 ex
938 851 1146 919 altera
1191 873 1386 939 super
1428 849 1725 916 omnibus
1768 860 1832 916 et
1874 849 2146 936 singulis
2190 850 2695 939 quaestionibus,
2738 851 2980 937 litibus,
3026 853 3156 919 dis-

253 953 553 1020 cordiis
595 962 661 1018 et
701 953 1160 1020 controversiis
1204 952 1347 1016 sive
1398 952 1631 1034 causis,
1687 972 1856 1038 quae
1906 952 2076 1015 inter
2129 951 2340 1016 dictas
2385 961 2607 1038 partes
2653 974 2847 1039 super
2892 954 3153 1042 quibus·

256 1052 464 1118 dam
505 1053 749 1141 poenis,
802 1054 1055 1118 iniuriis
1096 1073 1176 1117 ac
1216 1050 1361 1115 aliis
1402 1059 1557 1116 tunc
1598 1051 1950 1137 propositis
1994 1061 2264 1115 exortae
2300 1051 2579 1132 fuerunt,
2626 1063 2854 1137 sponte
2894 1063 2957 1118 et
3000 1051 3156 1118 deli-

254 1151 645 1218 bez-atione
697 1152 872 1218 bona
914 1150 1320 1239 praehabita,
1378 1150 1963 1236 compromiserunt
2000 1159 2066 1215 et
2109 1148 2190 1214 de
2233 1148 2363 1215 alto
2409 1162 2472 1215 et
2513 1150 2708 1216 basso
2756 1151 3157 1238 integraliter

258 1261 343 1316 et
396 1254 483 1318 in
522 1261 727 1318 totum
770 1259 1233 1317 consenserunt
1284 1251 1353 1314 in
1404 1247 1647 1314 dictum
1700 1248 2130 1315 reverendum
2187 1259 2446 1336 patrem
2489 1261 2819 1338 tamquam
2872 1253 2939 1316 in
2996 1252 3152 1317 ami·
3207 1263 3240 1317 ὅ

263 1350 586 1417 cubilem
629 1351 1091 1416 arbitr-atorem
1134 1359 1201 1414 et
1241 1347 1761 1435 compositorem,
1805 1346 2034 1413 dantes
2079 1346 2289 1413 eidem
2331 1347 2591 1436 plenam
2624 1360 2689 1414 et
2730 1349 3160 1417 omnimodam

268 1460 695 1536 potestatem
744 1445 907 1538 [21¹²]
950 1445 1443 1535 pronunciandi,
1488 1444 1801 1512 laudandi
1858 1455 1922 1511 et
1977 1446 2407 1514 amicabiliter
2461 1449 2907 1536 componendi,
2965 1461 3160 1537 prout

268 1548 437 1614 sibi
481 1548 810 1614 videretur
852 1546 1167 1635 expedire
1216 1569 1339 1634 pro
1389 1567 1555 1632 pace
1611 1554 1676 1610 et
1722 1546 1960 1611 unione
2011 1546 2426 1613 reformanda
2479 1550 2548 1613 in
2599 1547 2869 1635 collegio
2929 1551 3160 1615 minori

273 1646 715 1734 supradictO,
775 1648 1224 1735 promittentes
1277 1667 1420 1710 cum
1477 1644 1707 1710 effectu
1759 1665 2024 1710 servare
2077 1643 2341 1711 laudata
2384 1655 2447 1711 et
2488 1646 2807 1713 arbitrata
2849 1670 2968 1736 per
3011 1671 3160 1714 eun-

281 1746 468 1811 dem
510 1748 649 1812 sine
688 1748 865 1814 omni
908 1744 1366 1834 appellatione,
1428 1742 1547 1809 sub
1592 1766 1804 1831 poena
1846 1753 2102 1810 centum
2145 1745 2552 1835 florenorum,
2612 1769 2883 1831 quorum
2923 1748 3247 1815 medie-10

284 1857 411 1911 tas
464 1848 636 1933 parti
678 1850 969 1913 servanti
1010 1847 1543 1934 compositionem
1583 1842 1876 1927 eandem,
1921 1843 2054 1909 alia
2081 1866 2236 1909 vero
2278 1843 2593 1911 medietas
2636 1844 2926 1912 fabricae
2965 1848 3163 1914 eccle·

284 1946 455 2011 siae
494 1946 1056 2033 Merseburgensis
1099 1945 1513 2034 supradictae
1555 1943 1881 2032 applicari
1923 1943 2204 2010 deberet.
2271 1943 2755 2031 Compromisso
2797 1945 3166 2014 huiusmodi

284 2046 486 2111 facto
530 2046 864 2132 praefatus
923 2044 1318 2114 reverendus
1373 2055 1561 2132 pater
1604 2066 1759 2109 mox
1822 2043 2152 2132 querelam
2211 2042 2530 2110 dictorum
2575 2045 3038 2131 magistrorum
3082 2069 3166 2112 ex

288 2155 504 2231 parte
567 2144 822 2233 collegii
887 2167 966 2212 ac
1032 2146 1522 2233 responsionem
1587 2144 1885 2229 magistri
1948 2143 2128 2207 Petri
2191 2141 2424 2207 Pirner
2488 2142 2831 2230 diligenter
2897 2146 3165 2229 audivit,

291 2243 746 2327 defensiones,
789 2244 1248 2333 replicationes
1292 2265 1372 2310 ac
1416 2242 1673 2328 singula
1713 2252 1866 2307 tunc
1905 2242 2246 2329 proposita
2293 2263 2424 2307 una
2476 2265 2621 2308 cum
2666 2242 2812 2310 aliis
2856 2244 3166 2332 praelatis
3186 2255 3248 2312 15

295 2366 387 2409 ac
431 2343 810 2410 doctoribus
861 2343 987 2410 sibi
1040 2343 1489 2410 assistentibus
1534 2341 1982 2429 reepilogavit.
2065 2340 2360 2406 Tandem
2414 2340 2660 2428 placuit
2700 2345 2836 2409 eius
2880 2346 3163 2432 paterni-

296 2444 462 2524 tati,
515 2453 592 2508 ut
647 2444 715 2508 in
767 2444 894 2509 hac
952 2465 1152 2509 causa
1208 2444 1487 2530 primum
1527 2440 1878 2507 videndum
1922 2449 2122 2523 esset,
2182 2462 2267 2505 an
2323 2439 2406 2507 de
2459 2463 2776 2509 consensu
2830 2444 3167 2511 ambarum

298 2542 601 2629 partium
659 2564 972 2631 expresso
1032 2553 1253 2630 posset
1311 2563 1577 2607 causam
1636 2540 1905 2605 eandem
1958 2541 2340 2623 terminare,
2402 2561 2593 2627 quem
2653 2545 2708 2606 si
2768 2566 2809 2608 a
2864 2544 3166 2631 partibus

298 2639 560 2706 habere
599 2663 731 2706 non
773 2651 1013 2730 posset,
1068 2650 1221 2707 tunc
1264 2641 1345 2707 de
1386 2638 1656 2706 consilio
1701 2661 1962 2705 suorum
2002 2661 2405 2705 assessorum
2458 2650 2522 2705 et
2563 2640 3001 2728 praelatorum
3039 2643 3166 2709 sibi

302 2742 769 2806 assistencium
832 2762 1095 2806 causam
1158 2741 1433 2806 eandem
1507 2737 1907 2805 arbitraliter
1975 2738 2258 2806 diffinire
2322 2738 2538 2805 vellet.
2628 2739 2935 2827 Misitque
3001 2743 3164 2828 duos
3181 2751 3250 2809 m

305 2838 637 2922 doctores,
680 2839 984 2906 videlicet
1024 2838 1497 2906 Theodericum
1540 2838 1623 2903 de
1662 2837 2181 2920 Buckinssdorff,
2234 2835 2653 2922 ordinarium,
2711 2849 2776 2905 et
2812 2841 3169 2909 Iohannem

302 2937 566 3004 Witten
621 2939 710 3005 ad
766 2961 1286 3024 unamquamque
1339 2949 1596 3026 partem
1656 2959 1946 3003 seorsum
1959 2986 1977 3020 ,
2037 2936 2272 3026 quibus
2331 2935 2510 3003 dedit
2563 2941 2630 3004 in
2681 2940 3040 3026 mandatis,
3097 2953 3170 3008 ut

307 3037 636 3104 ambabus
702 3037 997 3126 partibus
1063 3038 1456 3125 supradictis
1526 3038 1699 3103 hunc
1769 3035 2036 3102 modum
2098 3037 2526 3123 componendi
2596 3052 3038 3127 proponerent
3105 3052 3170 3108 et

476 3236 679 3320 Quod
720 3239 933 3325 primo
970 3248 1038 3304 et
1078 3248 1231 3304 ante
1271 3238 1485 3304 omnia
1527 3237 1862 3325 praefatus
1893 3237 2204 3321 magister
2230 3235 2467 3302 Petrus
2497 3258 2878 3325 comparere
2903 3240 3252 3310 deberet25

314 3359 539 3404 coram
577 3336 851 3425 collegio
891 3339 1146 3421 minori,
1178 3335 1598 3423 collegialiter
1625 3344 2044 3421 congregato,
2072 3344 2137 3399 et
2180 3356 2251 3400 se
2289 3335 2632 3403 humiliare
2660 3360 2878 3406 coram
2904 3341 3165 3427 eisdem,

314 3436 595 3525 petendo
640 3446 954 3525 quatenus
997 3436 1125 3502 sibi
1168 3434 1581 3522 indulgerent
1634 3457 1731 3516 ea,
1791 3455 1957 3521 quae
2009 3434 2187 3499 facta
2228 3446 2446 3500 essent
2487 3432 2591 3523 [22
2604 3434 2655 3525 ⁸]
2697 3439 2766 3502 in
2805 3438 2932 3506 hac
2974 3464 3171 3509 causa

317 3547 547 3602 contra
588 3534 929 3621 collegium
983 3536 1445 3622 supradictum.
1535 3534 1680 3615 Quo
1729 3533 1903 3598 facto
1956 3533 2302 3620 collegium
2358 3534 2485 3601 sibi
2528 3534 2865 3623 indulgere
2907 3539 3174 3608 deberet

317 3646 381 3700 et
432 3634 710 3700 eundem
760 3635 1102 3700 restituere
1156 3634 1242 3701 ad
1293 3632 1510 3702 locum
1556 3655 1755 3698 suum.
1839 3632 1945 3696 De
2000 3632 2338 3716 fructibus,
2398 3643 2686 3722 tempore
2730 3640 3172 3724 suspensionis

318 3735 669 3821 perceptis,
713 3743 778 3799 et
816 3736 1141 3821 expensis,
1184 3745 1319 3799 tam
1352 3755 1471 3821 per
1497 3733 1987 3797 universitatem
2022 3752 2214 3817 quam
2244 3740 2469 3819 partes
2497 3734 2707 3818 factis,
2751 3734 2963 3805 dictus
2990 3760 3168 3808 reve-
3186 3752 3256 3812 30

317 3833 558 3899 rendus
602 3842 792 3922 pater
832 3836 1196 3900 reservavit
1237 3854 1393 3898 suae
1434 3832 1760 3918 potestati.
1835 3829 1981 3895 Hoc
2024 3832 2252 3918 primo.

470 3931 574 3997 ,Et
615 3954 697 3997 ne
736 3932 967 3998 futuris
1008 3931 1406 4022 temporibus
1450 3930 1659 3996 dictus
1704 3932 2015 4015 magister
2038 3930 2271 3996 Petrus
2317 3941 2434 3998 aut
2470 3932 2600 3998 alia
2640 3935 2986 4021 singularis
3027 3962 3173 4027 per-

325 4052 486 4096 sona
537 4030 695 4096 dicti
749 4031 1003 4118 collegii
1065 4035 1148 4099 sit
1201 4032 1451 4097 discors
1506 4054 1547 4096 a
1600 4029 1872 4114 collegio
1930 4029 2333 4116 supradicto,
2392 4031 2597 4097 voluit
2650 4035 2933 4103 secundo
2986 4060 3175 4125 prae·

326 4129 535 4195 dictus
586 4131 980 4196 reverendus
1022 4136 1253 4219 pater,‘
1286 4129 1458 4219 quod
1509 4131 1823 4214 magister
1859 4127 2098 4193 'Petrus
2156 4128 2568 4216 supradictus
2621 4142 2686 4197 et
2737 4138 3175 4226 unusquisque

325 4228 491 4294 alius
556 4228 933 4316 collegiatus
1000 4252 1068 4296 se
1133 4231 1538 4296 conformare
1596 4227 1862 4293 deberet
1918 4226 2188 4313 collegio
2250 4230 2624 4317 supradicto
2682 4240 2746 4296 et
2804 4244 2977 4300 stare
3033 4239 3172 4302 eius
3189 4247 3256 4304 35

328 4326 698 4393 diffinitioni
741 4328 842 4393 vel
890 4330 1154 4395 maioris
1197 4331 1425 4417 partis,
1483 4328 1606 4394 sub
1651 4350 1862 4415 poena
1917 4326 2142 4393 decem
2193 4327 2603 4413 florenorum,
2661 4335 2837 4397 omni
2888 4334 3175 4422 appella-

328 4428 503 4491 tione
544 4437 809 4494 semota.
886 4427 975 4493 Et
1016 4430 1103 4512 si,
1161 4428 1331 4518 quod
1372 4427 1572 4508 absit,
1627 4428 1839 4493 dictus
1879 4426 2196 4512 magister
2237 4426 2469 4494 Petrus
2515 4440 2627 4495 aut
2664 4430 2830 4496 alius
2876 4432 3172 4520 collegia—

328 4534 433 4592 tus
471 4524 633 4591 dieti
674 4525 930 4613 collegii
972 4527 1255 4595 noluerit
1308 4537 1483 4593 stare
1526 4525 1893 4592 diffinitioni
1934 4524 2224 4591 eiusdem
2267 4526 2521 4615 collegii
2562 4527 2668 4594 vel
2718 4531 2983 4596 maioris
3026 4554 3173 4619 par-

326 4627 430 4709 tis,
473 4625 687 4692 solvat
714 4626 885 4694 dicto
910 4626 1183 4715 collegio
1206 4626 1427 4693 decem
1470 4626 1752 4692 florenos
1796 4646 1916 4712 pro
1960 4647 2173 4711 poena
2187 4627 2224 4708 ¹,
2267 4648 2399 4691 non
2428 4627 2715 4693 admissa
2739 4628 3176 4716 appellatione

330 4726 485 4808 eius,
530 4726 763 4791 totiens
808 4727 1100 4812 quotiens
1141 4727 1620 4793 contravenerit
1660 4733 1724 4790 et
1768 4746 1839 4789 se
1875 4746 2006 4790 non
2049 4723 2597 4813 obtemperaverit
2637 4725 3004 4794 diffinitioni
3047 4728 3172 4794 col·
3191 4738 3259 4795 40

333 4821 489 4910 legii
531 4824 910 4911 supradicti.

491 4921 852 4989 Audientes
911 4934 1124 4989 autem
1179 4924 1477 4993 doctores
1537 4922 1859 5012 praedicti
1913 4924 2111 4988 istum
2165 4922 2444 5006 modum,
2510 4947 2551 4989 a
2605 4923 2776 4991 dicto
2816 4926 3175 4995 reverendo

334 5029 521 5108 patre
573 5022 667 5087 eis
711 5026 1138 5111 propositum,
1204 5025 1421 5091 statim
1476 5025 1660 5089 iuxta
1714 5023 1849 5088 eius
1900 5021 2296 5089 voluntatem
2352 5031 2416 5086 et
2467 5022 2714 5088 iussum
2767 5037 3179 5093 accesserunt

508 5261 530 5312 1
572 5256 685 5312 Am
719 5252 916 5310 Raude
949 5272 1059 5311 von
1092 5257 1343 5325 spaterer
1377 5254 1576 5310 Hand:
1648 5255 1803 5310 Nota
1836 5254 1928 5308 hic
1951 5270 2208 5325 poenam,
2254 5255 2356 5326 qui
2383 5254 2720 5311 reluctamur
2752 5254 2986 5329 collegio
3021 5266 3182 5333 atque

335 5339 447 5396 eim
476 5338 773 5395 dictamim
803 5345 953 5395 stare
985 5339 1275 5408 ποῖαι-ἰπὶ,
1313 5342 1374 5394 10
1399 5338 1465 5408 fl.

469 5441 912 5482 ”aromatica
947 5442 1062 5479 nnn
1096 5441 1245 5482 σειν.
1280 5440 1522 5482 amare.
2767 5438 2842 5501 16
