4038 6358
1116 634 1285 688 Dritte
1323 630 1850 703 Statn'tenredaction,
1891 654 1999 690 von
2037 637 2159 691 1471
2176 639 2205 680 b
2217 640 2424 693 ”149st
3081 644 3202 710 389

1265 860 1324 921 2.
1368 873 1461 920 DE
1507 871 2001 922 comam-lons
2041 874 2322 922 numm.

486 983 756 1053 Volens
797 987 1123 1075 complere
1167 987 1501 1054 biennium
1540 989 1901 1075 magisterii
1950 989 2052 1054 sui
2090 998 2344 1056 tenetur
2392 1013 2513 1078 per
2556 990 2718 1058 duos
2772 1014 2976 1057 annos
3011 988 3189 1081 'quo-

282 1078 475 1148 libet
526 1084 758 1152 medio
796 1108 964 1153 anno
1006 1086 1224 1173 legere
1267 1087 1352 1153 ad
1397 1088 1609 1153 minus
1651 1111 1767 1175 per
1807 1098 1938 1154 tres
1979 1111 2235 1155 menses
2280 1088 2532 1177 aliquas
2572 1090 2882 1157 lectiones
2906 1091 2994 1157 ad
3036 1115 3185 1178 gra-

283 1180 471 1248 dum
522 1186 896 1272 magisterii
948 1186 1051 1252 vel
1105 1187 1581 1253 baccalariatus
1625 1188 2041 1274 pertinentes,
2095 1198 2162 1254 et
2215 1198 2561 1279 antequam
2603 1188 2972 1256 huiusmodi
3010 1191 3187 1257 bien-

283 1282 511 1347 nium
569 1285 994 1373 compleverit
1034 1286 1139 1352 hic
1177 1286 1284 1353 vel
1326 1286 1502 1371 alibi,
1550 1285 1636 1354 ad
1680 1287 2017 1353 consilium
2058 1288 2392 1355 facultatis
2434 1313 2566 1356 non
2604 1288 3006 1356 admittatur.
3246 1302 3280 1356 5

904 1457 963 1521 3.
1006 1471 1098 1521 DE
1137 1472 1505 1520 HABITIBUS
1548 1472 1939 1520 PORTANDIS
1984 1474 2270 1534 QUANDO
2315 1475 2450 1523 VEL
2493 1476 2631 1523 UBI.

498 1585 685 1651 Item
724 1586 791 1650 in
831 1585 1142 1652 electione
1185 1587 1435 1671 decani,
1484 1588 1550 1652 in
1590 1585 2233 1656 recommendacione
2271 1589 2752 1656 licenciatorum
2803 1591 2872 1656 in
2923 1588 3196 1672 artibus,

282 1685 361 1749 in
422 1686 827 1775 inceptione
878 1685 1246 1771 eorundem,
1302 1688 1371 1752 in
1425 1687 1863 1775 disputatione
1916 1688 2280 1772 ordinaria,
2337 1692 2408 1755 in
2459 1688 2997 1756 extraordinariis
3055 1688 3185 1754 dis-

288 1784 787 1872 putationibus
845 1786 1333 1872 magistrorum,
1401 1787 1470 1852 in
1529 1789 1899 1875 receptione
1962 1787 2277 1856 ordinarii
2346 1790 2643 1876 magistri
2708 1791 2777 1856 in
2852 1788 3189 1854 habitibus

291 1885 617 1972 integris
675 1883 910 1950 debent
968 1902 1307 1973 apparere.
1386 1887 1547 1952 Item
1600 1887 1816 1954 nullus
1878 1890 2017 1954 sine
2074 1887 2303 1954 habitu
2357 1889 2574 1976 legere
2632 1888 2824 1953 debet
2875 1910 2994 1953 nec
3052 1890 3276 1954 sine10

292 1983 572 2050 habitu
631 1982 891 2071 publice
949 1983 1301 2073 disputare,
1358 1986 1479 2052 sub
1533 2010 1746 2073 poena
1803 1988 2001 2053 medii
2057 1988 2286 2055 floreni
2337 1988 2631 2054 facultati
2673 1987 2912 2053 artium
2950 1987 3194 2075 persol-

291 2084 555 2151 vendi,
632 2084 723 2149 Et
762 2083 975 2149 nullus
1014 2087 1473 2173 magistrorum
1517 2086 1734 2175 aliquo
1781 2088 1971 2153 modo
2033 2098 2352 2176 appareat
2403 2090 2468 2153 in
2531 2086 2982 2175 disputacione
3026 2086 3196 2153 ordi·

296 2187 523 2250 naria
571 2208 612 2250 a
662 2194 954 2272 tempore
997 2183 1128 2267 illo,
1182 2208 1308 2271 quo
1352 2186 1634 2252 decanus
1691 2188 2007 2274 inceperit
2063 2210 2359 2274 arguere,
2417 2189 2546 2252 nisi
2590 2188 2659 2251 in
2711 2185 2941 2251 habitu
2993 2186 3197 2272 magi-

300 2285 547 2369 strali,
604 2296 670 2350 et
706 2304 837 2351 non
881 2283 1039 2349 alibi
1081 2306 1277 2372 quam
1316 2286 1385 2349 in
1429 2309 1735 2373 scampno
1780 2288 2245 2373 magistrorum
2289 2286 2542 2370 sedeat,
2594 2286 2767 2373 quod
2811 2287 3016 2351 eciam
3067 2307 3195 2350 ser—

304 2387 479 2450 vari
546 2384 741 2451 debet
796 2385 864 2449 in
915 2384 1439 2471 promocionibus
1483 2383 1965 2452 licenciatorum
2004 2387 2072 2451 in
2117 2385 2368 2452 artibus
2416 2396 2480 2452 et
2522 2388 2590 2453 in
2637 2409 2856 2451 eorum
2898 2385 3279 2450 licencia-15

302 2495 500 2567 tura,
559 2483 681 2550 sub
724 2505 938 2572 poena
979 2485 1361 2571 praemissa,
1405 2505 1523 2571 per
1566 2483 1880 2553 decanum
1921 2485 2388 2575 extorquenda,
2448 2486 2578 2575 qui,
2621 2486 2914 2574 quotiens
2958 2486 3026 2550 in
3068 2484 3193 2550 hoc

306 2583 675 2671 negligens
714 2584 929 2668 fuerit,
971 2585 1210 2649 totiens
1254 2582 1466 2653 solvat
1505 2583 1588 2649 de
1634 2586 1786 2649 suis.

1176 2757 1234 2817 4.
1275 2768 1370 2817 m:
1414 2768 1927 2817 msrn‘rA'moNE
1970 2769 2374 2818 onnmsnm.

500 2883 671 2949 Item
711 2883 977 2972 placuit,
1034 2883 1208 2973 quod
1258 2884 1421 2949 nulli
1470 2886 1781 2971 magistro
1826 2884 2194 2972 disputacio
2238 2885 2574 2952 ordinaria
2624 2894 3031 2973 computetur
3073 2907 3194 2972 pro

314 2982 771 3071 completione
829 2985 930 3049 sui
984 2983 1258 3068 biennii,
1320 2984 1447 3049 nisi
1505 3006 1649 3049 cum
1710 2983 1987 3049 tabardo
2046 2996 2111 3049 et
2171 2983 2399 3051 habitu
2457 2984 2824 3072 magistrali
2878 2983 2970 3049 ibi
3025 3006 3192 3050 com·
3212 2994 3282 3050 20

314 3084 653 3170 paruerit,
714 3083 801 3148 ad
842 3083 1057 3148 minus
1100 3105 1218 3169 per
1261 3083 1507 3166 horam,
1550 3085 1759 3150 eciam
1804 3086 1861 3150 si
1901 3084 2115 3150 locum
2160 3084 2474 3169 arguendi
2511 3085 2755 3151 habere
2796 3108 2926 3149 non
2971 3085 3196 3171 possit,

316 3183 584 3249 ibidem
624 3183 962 3250 manendo,

506 3284 669 3349 Item
728 3283 1000 3370 placuit,
1057 3292 1127 3347 ut
1180 3284 1477 3370 magistri
1519 3284 1859 3350 visitantes
1912 3284 2425 3371 disputacionem
2471 3282 2871 3350 ordinariam
2924 3285 2995 3349 in
3046 3307 3193 3373 pro-

324 3383 641 3472 ponendo
695 3392 762 3448 et
818 3380 1150 3469 arguendo
1204 3385 1334 3447 sint
1384 3381 1637 3467 breves,
1697 3384 1794 3448 ita
1851 3384 2025 3471 quod
2079 3383 2290 3449 nullus
2353 3393 2614 3470 praeter
2659 3382 2974 3449 decanum
3025 3383 3197 3449 ultra

321 3484 465 3548 tria
510 3491 895 3569 argumenta
935 3481 1020 3547 ad
1062 3483 1420 3547 maximum
1461 3492 1786 3570 proponat
1828 3493 1892 3548 et
1934 3482 2061 3548 duo
2112 3483 2425 3565 deducat3
2483 3481 2765 3547 decanus
2810 3505 2985 3565 vere,
3043 3506 3191 3549 cum
3208 3492 3276 3549 25

326 3583 418 3647 sit
476 3581 572 3647 ibi
628 3590 701 3646 ut
754 3588 952 3668 caput
1005 3580 1400 3669 principale,
1458 3593 1788 3669 proponat
1845 3593 1913 3648 et
1972 3582 2322 3648 secundum
2387 3580 2701 3669 placitum
2757 3580 3069 3667 deducat3
3128 3592 3195 3648 et

326 3681 514 3770 quod
556 3679 940 3768 praesidens
969 3689 1176 3744 cesset
1213 3691 1363 3747 ante
1390 3681 1639 3764 horam,
1678 3692 1750 3746 ut
1790 3683 1992 3747 eciam
2034 3681 2146 3747 alii
2183 3682 2486 3766 ‘magistri
2530 3691 2678 3746 ante
2706 3680 2937 3746 horam
2975 3681 3189 3748 locum

329 3779 659 3867 arguendi
710 3779 1027 3866 habeant3
1087 3791 1152 3845 et
1204 3779 1377 3867 quod
1427 3779 1554 3846 hoc
1609 3780 2028 3846 effectualiter
2082 3790 2396 3862 servetur,
2455 3780 2739 3846 decanus
2798 3779 2992 3846 debet
3049 3805 3192 3848 esse

331 3902 649 3966 praesens
704 3890 997 3968 tempore
1057 3881 1216 3946 satis
1257 3891 1509 3945 maturo
1568 3889 1631 3945 et
1671 3879 1897 3944 eadem
1954 3881 2142 3945 iuxta
2191 3880 2520 3945 facultatis
2581 3887 2823 3945 statuta
2867 3881 3188 3950 ordinare.

330 3977 424 4045 Et
467 3979 645 4045 idem
687 3980 1065 4066 intelligitur
1107 3979 1189 4044 de
1229 3979 1637 4046 baccalariis.
3206 3993 3276 4052 3ο

811 4153 866 4212 5.
912 4165 1194 4225 QUANDO
1237 4164 1619 4214 msru'rANs
1662 4163 1953 4216 menam
1994 4164 2228 4213 DEBET
2273 4149 2729 4214 Lscron1m¹
2823 4225 2832 4236 r

506 4276 671 4343 Item
720 4277 1060 4367 disputans
1105 4280 1433 4346 ordinarie
1477 4290 1731 4346 tenetur
1772 4280 2017 4346 intrare
2071 4283 2140 4346 in
2198 4290 2442 4346 aestate
2499 4281 2675 4345 circa
2727 4281 2959 4348 horam
3013 4285 3192 4371 quin-

337 4386 475 4443 tam
522 4386 587 4442 et
640 4380 710 4443 in
766 4378 999 4466 hyeme
1052 4381 1227 4445 circa
1278 4379 1507 4447 horam
1568 4389 1855 4462 sextam,
1912 4391 1976 4445 et
2035 4402 2291 4446 cessare
2346 4382 2415 4445 in
2473 4380 2707 4467 hyeme
2761 4391 2910 4447 ante
2964 4382 3193 4448 horam

337 4487 661 4562 octavam,
714 4480 781 4543 in
836 4489 1082 4545 aestate
1134 4502 1292 4570 vero
1352 4490 1500 4545 ante
1555 4480 1785 4546 horam
1843 4481 2205 4566 septimam.
2286 4479 2569 4545 Tenetur
2626 4480 2833 4545 eciam
2885 4484 3193 4569 magister

339 4576 688 4666 disputans
746 4602 930 4644 suam
988 4579 1494 4670 disputationem
1545 4579 1804 4667 publice
1858 4579 2166 4645 intimare
2217 4579 2631 4667 praecedenti
2686 4579 2794 4645 die
2849 4582 2919 4646 in
2977 4580 3189 4647 valvis
3206 4593 3274 4649 35

340 4675 763 4762 collegiorum
803 4689 866 4743 et
905 4681 974 4745 in
1016 4678 1216 4744 bursa
1255 4678 1603 4762 facultatis,
1649 4701 1815 4764 quae
1855 4688 1954 4742 est
1993 4677 2174 4744 locus
2215 4677 2629 4766 paedagogii.

507 4776 674 4843 Item
723 4780 895 4864 quod
950 4778 1174 4845 decem
1231 4780 1520 4844 seniores
1573 4781 1642 4843 in
1695 4777 2132 4866 disputatione
2183 4777 2514 4844 ordinaria
2566 4787 2946 4867 praesentes
3003 4789 3070 4843 et
3120 4781 3191 4845 in

344 4875 577 4942 ordine
624 4901 739 4944 suo
784 4875 923 4967 ar[7
936 4877 1283 4968 nguentes,
1336 4888 1470 4944 tam
1516 4878 1628 4944 diu
1672 4878 1765 4944 ibi
1808 4887 2261 4967 permanentes
2305 4877 2474 4965 quod
2525 4877 2924 4965 praecedens
2978 4887 3042 4943 et
3095 4902 3189 4944 se-

346 4998 550 5064 quens
600 4978 946 5064 arguebat,
1000 4982 1057 5045 si
1109 4979 1336 5046 saltem
1381 4979 1873 5066 praecedentem
1916 4987 1979 5043 et
2023 4988 2391 5065 sequentem
2433 4976 2776 5044 habuerint
2818 4973 3012 5065 (alias
3055 4987 3193 5044 tam

338 5243 932 5400 NwtzthrpBande:
976 5244 3192 5316 &mmmmmaetmummmpoeunwnconclueummbdecammmaqssm

670 5332 877 5386 14922.
