4038 6358
851 631 971 692 212
1982 627 2093 676 Das
2134 638 2320 688 grosse
2357 623 2568 687 Colleg-

847 798 1174 893 tamquam
1218 807 1288 870 in
1330 806 1667 893 cyclopum
1725 816 1912 871 coetu
1963 803 2315 869 barbarica
2359 802 2642 890 quadam
2699 800 3061 888 petulantia
3121 800 3414 888 degatur.
3503 800 3690 883 Quem

852 917 1087 972 statum
1142 905 1514 972 diuturnum
1558 928 1700 970 esse
1743 926 1937 991 posse
1979 926 2108 968 non
2149 913 2247 968 est
2288 901 2793 968 existimandum
2837 911 2902 966 et
2948 922 3073 988 quo
3128 899 3370 968 diutius
3413 922 3689 987 perman-

854 1008 1040 1089 serit,
1087 1029 1163 1070 eo
1205 1006 1541 1091 graviores
1584 1005 1810 1069 ruinae
1855 1012 2002 1067 sunt
2044 1002 2618 1088 pertimescendae.

1020 1104 1201 1186 Quas
1246 1103 1328 1169 ob
1374 1126 1477 1168 res
1524 1126 1669 1168 cum
1711 1103 2150 1168 honestissimi
2193 1101 2449 1187 collegii
2507 1103 2575 1165 in
2619 1100 3026 1165 scholasticis
3071 1097 3347 1163 aedibus
3391 1098 3691 1185 principis

764 1216 797 1271 5
849 1203 1203 1271 maioribus
1248 1204 1513 1289 antiqua
1555 1203 1871 1267 institutio
1919 1201 2022 1266 his
2064 1200 2466 1287 temporibus
2511 1223 2640 1266 non
2676 1198 2869 1264 nullis
2924 1200 2994 1262 in
3048 1196 3345 1285 partibus
3403 1196 3690 1262 observa-

851 1308 1058 1371 tiones
1103 1312 1356 1368 veteres
1398 1303 1677 1367 retinere
1718 1324 1849 1367 non
1891 1310 2131 1388 posset,
2174 1310 2237 1364 et
2285 1298 2676 1386 quibusdam
2719 1296 3277 1379 intercidentibus,
3319 1294 3691 1381 quibusdam

849 1401 1347 1469 succedentibus
1389 1401 1672 1484 fortuito,
1714 1403 1910 1466 totius
1954 1402 2050 1465 rei
2091 1399 2572 1464 administratio
2618 1397 3003 1463 labefactari
3044 1398 3382 1483 inciperet,
3427 1394 3690 1461 officium

852 1526 994 1569 esse
1037 1525 1220 1568 suum
1261 1500 1547 1586 collegae
1589 1509 1932 1586 putarunt,
1986 1508 2058 1564 ut
2101 1499 2183 1564 de
2226 1497 2525 1563 omnibus
2569 1496 2913 1583 diligenter
2955 1495 3398 1562 consultarent
3442 1503 3507 1559 et
3561 1503 3692 1582 post

848 1613 1168 1668 maturam
1222 1599 1752 1665 deliberationem
1809 1597 2168 1684 legitimam
2223 1595 2549 1685 quandam
2607 1596 2922 1662 rationem
2980 1604 3283 1661 curarent
3338 1592 3689 1659 describen-

765 1713 831 1768 10
850 1702 1021 1784 dam,
1067 1723 1263 1789 quam
1307 1699 1431 1765 sibi
1470 1700 1598 1785 ipsi
1641 1697 1945 1784 deinceps
1991 1707 2055 1763 et
2099 1719 2340 1779 omnes,
2385 1697 2493 1783 qui
2536 1697 2605 1760 in
2648 1695 3170 1762 honestissimum
3194 1693 3318 1758 hoc
3363 1692 3691 1778 collegium

849 1809 1325 1888 cooptarentur,
1383 1796 1776 1886 sequendam
1820 1819 1963 1862 esse
2005 1798 2262 1862 scirent.
2350 1796 2636 1860 Tantum
2692 1793 2879 1859 abest
2933 1804 3006 1859 ut
3063 1794 3536 1858 institutionem
3591 1815 3692 1857 seu

848 1900 1287 1965 fundationem
1354 1896 1450 1962 illi
1511 1895 1996 1963 convellendam
2055 1895 2390 1977 duxerint,
2451 1905 2520 1959 ut
2575 1893 2660 1958 ad
2724 1915 2866 1958 eam
2926 1891 3319 1957 fulciendam
3379 1889 3691 1956 stabilien-

848 1999 1125 2084 damque
1168 2019 1357 2062 omne
1400 1996 1683 2061 studium
1722 2018 1907 2060 suum
1953 1993 2360 2060 contulerint.
2440 1993 2667 2080 Itaque
2723 1993 2792 2057 in
2854 1991 2978 2057 hac
3034 1991 3443 2057 ordinatione
3498 1989 3690 2077 plera-

850 2121 973 2186 que
1043 2095 1440 2162 translatitia
1503 2096 1759 2161 inerunt
1823 2104 1886 2159 et
1951 2095 2264 2158 innovata
2325 2093 2798 2157 institutionem
2858 2112 2988 2156 non
3051 2090 3527 2177 oppugnabunt
3586 2087 3690 2153 sed

770 2208 831 2263 15
850 2194 1214 2262 defendent.
3177 2270 3182 2274 q

1018 2294 1211 2376 Quod
1252 2296 1461 2380 igitur
1494 2292 1665 2357 filius
1707 2291 1811 2357 dei
1855 2292 2122 2373 aeterni,
2169 2287 2257 2378 [4]
2300 2291 2598 2356 dominus
2651 2300 2873 2355 noster
2916 2291 3100 2354 Iesus
3146 2288 3472 2370 Christus,
3520 2299 3692 2353 autor

849 2396 1073 2462 salutis
1130 2395 1355 2480 generi
1409 2393 1690 2456 humano
1743 2401 1809 2454 et
1862 2398 2078 2454 custos
2137 2388 2450 2454 ecclesiae
2510 2410 2685 2471 suae,
2741 2398 2958 2453 ratum
2998 2388 3383 2474 firmumque
3426 2386 3694 2471 benigne

848 2517 990 2560 esse
1032 2504 1094 2558 et
1136 2494 1479 2581 pertinere
1500 2490 1662 2555 velit
1701 2489 1786 2554 ad
1829 2490 2223 2553 sanctissimi
2264 2488 2543 2553 nominis
2588 2488 2687 2551 sui
2727 2487 3021 2574 gloriam,
3064 2489 3464 2554 fructuosum
3507 2484 3692 2549 eccle-

848 2597 983 2659 siae
1024 2615 1211 2658 usum
1258 2601 1322 2656 et
1364 2589 1762 2677 reipublicae
1804 2590 2000 2653 totius
2054 2585 2411 2652 commoda.
2494 2586 2657 2652 Cum
2709 2585 2898 2651 huius
2950 2586 3392 2652 honestissimi
3447 2583 3696 2668 collegii

762 2703 830 2759 20
848 2697 916 2758 in
978 2691 1247 2757 aedibus
1315 2691 1631 2777 principis
1692 2685 2050 2753 maioribus
2114 2706 2457 2750 numerum
2516 2685 2883 2772 compleant
2943 2683 3230 2772 collegae
3289 2703 3367 2767 x,
3427 2683 3568 2748 bini
3622 2706 3695 2747 ex

846 2790 1118 2877 singulis
1173 2789 1542 2855 nationibus
1599 2790 1691 2866 (in
1736 2808 1899 2871 quas
1941 2787 2332 2850 universitas
2378 2783 2766 2851 scholastica
2813 2785 2882 2848 in
2934 2784 3060 2849 hac
3101 2783 3263 2848 urbe
3307 2782 3393 2848 ab
3440 2784 3694 2867 antiquo

849 2889 1199 2955 distributa
1242 2897 1367 2968 est)
1410 2889 1477 2951 in
1517 2887 1659 2968 hoc,
1703 2887 1796 2951 ita
1840 2895 1910 2949 ut
1953 2907 2077 2971 par
2120 2894 2218 2949 est
2257 2905 2336 2948 ac
2380 2883 2585 2966 decet,
2634 2885 2942 2969 cooptati,
2987 2893 3051 2949 et
3093 2883 3220 2948 duo
3265 2883 3369 2948 his
3417 2881 3696 2947 adiuncti

846 2990 1137 3055 medicae
1180 2989 1339 3053 artis
1383 2987 1702 3068 doctoreS,
1764 3007 1847 3049 ex
1884 2984 2125 3069 quibus
2165 3005 2351 3065 unus,
2400 2981 2947 3048 administrationi
2985 2982 3331 3047 universae
3371 2981 3696 3068 praeposi-

845 3100 970 3172 tus,
1028 3089 1149 3154 hoc
1201 3088 1458 3152 nomine
1516 3084 1876 3174 appelletur
1935 3093 1998 3148 et
2065 3105 2350 3148 annuum
2405 3104 2638 3147 munus
2694 3080 2872 3147 istud
2933 3091 3151 3167 gerat:
3217 3080 3552 3147 decretum
3608 3089 3698 3144 est

758 3200 824 3255 2⁵
845 3190 1164 3255 communi
1209 3188 1525 3253 sententia
1568 3184 1979 3270 collegarum,
2025 3183 2333 3269 deinceps
2379 3182 2460 3248 de
2503 3181 2603 3247 his
2643 3204 2786 3247 esse
2820 3181 3162 3263 servanda,
3193 3204 3362 3269 quae
3393 3179 3693 3246 subiectis

840 3287 1162 3376 capitibus
1208 3296 1638 3373 exponuntur.

1431 3460 1485 3518 1.
1529 3470 1623 3517 DE
1664 3466 2076 3516 ΡΒΑΕΡοεῙΤι
2119 3464 2635 3514 DESIGNATIONE
2676 3467 2768 3513 ET
2811 3465 3116 3513 numus.

1005 3586 1377 3672 Praepositi
1419 3606 1651 3649 munus
1696 3604 1979 3647 annuum
2022 3591 2139 3645 est.
2210 3580 2340 3645 Hic
2381 3579 2837 3665 designabitur
2888 3581 3145 3644 circiter
3203 3578 3379 3643 diem
3429 3576 3690 3661 Georgii

841 3697 905 3752 et
944 3683 1143 3750 inibit
1177 3685 1629 3769 magistratum
1664 3681 1769 3745 die
1807 3679 2003 3745 Galli.
2067 3680 2284 3765 Atque
2322 3689 2480 3743 tunc
2518 3680 2760 3764 prioris
2801 3679 2954 3743 anni
2999 3679 3378 3765 praeposito
3421 3675 3690 3756 iubente,

757 3794 826 3850 30
844 3787 1179 3872 promittet
1219 3786 1470 3847 iuratus
1515 3803 1584 3845 se
1626 3780 1949 3844 facturum
1996 3777 2298 3859 officium,
2339 3788 2413 3842 ut
2456 3779 2763 3865 sequitur.
3007 3775 3014 3779 ’

1010 3882 1197 3969 „Ego
1241 3882 1334 3946 .N.
1375 3883 1535 3962 iur0,
1579 3878 1744 3944 velle
1784 3900 1889 3942 me
1930 3876 2212 3941 officium
2256 3899 2468 3942 meum
2514 3871 2947 3962 praesta[5]re
2985 3875 3329 3962 diligenter
3373 3885 3439 3939 et
3479 3873 3691 3939 sedulo

842 3983 1025 4067 fungi
1079 3980 1386 4046 mandato
1428 4000 1713 4060 munere,
1767 3977 2077 4063 pecunias
2128 3974 2414 4061 collegii,
2473 3996 2642 4061 quae
2697 3973 2856 4040 mihi
2907 3974 3188 4039 traditae
3243 3975 3518 4057 fuerint,
3572 3973 3690 4038 dis·

843 4104 1119 4169 pensare
1161 4077 1458 4160 fideliter,
1516 4086 1580 4141 et
1634 4098 1802 4161 quae
1866 4074 2170 4139 distribui
2231 4073 2588 4156 debebunt,
2651 4076 2719 4139 in
2774 4075 2856 4138 iis
2915 4075 3370 4161 aequalitatem
3435 4095 3692 4139 servare

841 4203 1050 4268 neque
1091 4178 1285 4244 ullius
1329 4200 1411 4242 ex
1456 4174 1719 4262 collegis
1766 4196 2111 4261 personam
2152 4171 2276 4237 hac
2317 4175 2385 4237 in
2430 4183 2615 4259 parte
2665 4195 2985 4260 personae
3042 4172 3307 4238 alterius
3362 4174 3690 4260 praeferre

752 4290 819 4346 35
839 4290 950 4345 aut
993 4299 1391 4345 communem
1445 4275 2070 4355 administrationem
2127 4272 2212 4337 ad
2271 4270 2464 4337 ullius
2509 4274 2835 4358 privatam
2879 4271 3221 4337 utilitatem
3284 4282 3692 4338 convertere:

838 4383 894 4445 si
935 4379 1077 4465 quis
1126 4379 1321 4443 etiam
1365 4399 1449 4441 ex
1492 4373 1758 4459 collegis
1801 4372 2228 4460 postulaverit
2269 4374 2619 4436 convocari
2667 4371 3030 4458 collegium,
3073 4371 3245 4436 ultra
3284 4372 3460 4436 diem
3503 4394 3691 4436 unum

836 4501 975 4545 rem
1020 4499 1161 4541 eam
1208 4474 1501 4541 consulto
1545 4496 1675 4538 non
1721 4473 2038 4537 differam.
2122 4470 2200 4536 In
2242 4471 2342 4537 his
2385 4480 2603 4536 tamen
2645 4472 2941 4538 omnibus
2975 4471 3158 4537 levis
3201 4470 3395 4557 culpa
3451 4482 3517 4536 et
3571 4471 3690 4536 for·

833 4580 999 4643 tuita
1037 4575 1433 4661 negligentia
1487 4573 1705 4638 fraudi
1758 4572 1918 4637 mihi
1977 4594 2121 4638 esse
2174 4594 2305 4636 non
2363 4570 2645 4638 debebit.
2726 4572 2829 4637 Ita
2883 4594 2987 4637 me
3042 4570 3203 4636 deus
3257 4570 3530 4636 adiuvet
3582 4592 3693 4661 per

832 4687 1125 4745 sanctum
1169 4673 1578 4760 evangelium
1622 4673 1903 4738 suum.“¹

748 4788 816 4843 40
997 4776 1073 4841 In
1123 4773 1529 4860 designando
1586 4772 1960 4858 praeposito
2016 4771 2142 4836 hoc
2199 4770 2585 4853 servabitur,
2637 4779 2710 4836 ut
2762 4772 2930 4836 serie
2983 4771 3411 4858 cooptationis
3461 4791 3689 4835 munus

837 4876 961 4941 hoc
997 4874 1341 4939 mandetur
1380 4874 1495 4954 ita,
1551 4894 1593 4936 a
1632 4873 1843 4958 primo
1888 4880 1959 4935 ut
1999 4871 2259 4936 initium
2299 4870 2416 4936 fiat
2456 4880 2522 4935 et
2563 4869 2716 4935 inde
2754 4870 2982 4936 ordine
3019 4869 3434 4958 procedatur,
3490 4867 3690 4935 donec

835 4997 954 5062 per
993 4976 1332 5038 universos
1389 4972 1636 5036 functio
1688 4971 1973 5035 muneris
2033 4969 2221 5037 huius
2277 4978 2585 5035 transeat.
2675 4968 2747 5035 Si
2803 4978 3024 5034 tamen
3078 4970 3399 5052 evenerit,
3458 4978 3533 5033 ut
3585 4968 3687 5034 de-

991 5193 1013 5242 1
1077 5187 1194 5243 Der
1236 5187 1461 5244 letztere
1498 5184 1630 5242 Satz
1678 5186 1754 5240 ist
1799 5201 1906 5241 von
1957 5184 2206 5253 andei-er,
2252 5183 2398 5240 doch
2444 5184 2875 5258 gleichzeitiger‚
2917 5185 3086 5241 Hand
3143 5201 3232 5240 am
3277 5185 3478 5242 Raude
3524 5186 3684 5242 naeh-

832 5280 1116 5346 senagen-
