4038 6358
850 623 972 687 288
1531 619 1643 670 Das
1666 619 2071 683 Frausncolleg.
2120 618 2223 668 Die
2259 617 2498 670 statuten
2533 629 2657 669 vom
2691 615 2859 669 Jahre
2887 617 3036 672 1628.

845 800 1153 866 mulctam
1227 798 1792 888 quadruplicatam
1864 798 2221 886 persolvito
2292 807 2358 863 et
2426 820 2510 863 ex
2576 796 2847 863 aedibus
2910 797 3169 886 collegii
3227 820 3372 863 cum
3431 793 3720 862 infamia

842 900 1143 988 protinus
1200 897 1581 976 excluditor.
1667 897 1861 980 Quod
1916 897 2212 963 similiter
2261 896 2343 962 de
2394 895 2907 963 comessantibus
2968 907 3033 962 et
3083 894 3528 962 assidentibus
3585 892 3716 958 illis

839 1000 1138 1086 turpibus
1180 996 1561 1064 mulieribus
1603 997 2024 1064 intellectum·
2045 996 2367 1064 volumus.

1868 1180 1965 1227 DE
2009 1179 2360 1229 CUSTODIA
2398 1177 2666 1228 lemma.

754 1307 788 1362 5
2025 1298 2361 1349 Statutum
2397 1297 2502 1348 IX.

1005 1411 1211 1479 Totas
1267 1432 1463 1499 saepe
1508 1413 1997 1478 communitates
2054 1404 2513 1476 miserabiliter
2569 1409 2868 1474 incendio
2929 1407 3296 1524 deflagrare
3352 1408 3707 1489 interdum,

837 1511 944 1577 vel
986 1510 1186 1577 unius
1215 1513 1500 1599 imperiti
1543 1522 1607 1577 et
1654 1512 1878 1624 ignavi
1920 1505 2334 1597 homi[33]nis
2375 1507 2772 1595 negligentia
2826 1517 2890 1572 et
2930 1509 3202 1592 incuria,
3253 1510 3448 1573 nimis
3494 1509 3706 1572 mani-

840 1612 1078 1676 festum
1136 1619 1251 1675 est.
1334 1610 1565 1697 Itaque
1623 1611 1906 1698 primum
1961 1630 2225 1678 oramus
2286 1616 2617 1673 aeternum
2674 1615 2930 1698 patrem
2988 1607 3232 1673 domini
3291 1609 3498 1673 nostri
3547 1607 3704 1673 Iesu

843 1710 1108 1792 Christi,
1150 1718 1224 1774 ut
1265 1719 1330 1774 et
1370 1732 1488 1774 nos
1532 1718 1597 1774 et
1635 1718 1840 1774 totam
1878 1707 2068 1772 huius
2111 1705 2486 1772 academiae
2530 1728 2609 1771 ac
2645 1704 2828 1772 urbis
2865 1706 3334 1794 rempublicam
3366 1706 3451 1772 ab
3479 1705 3701 1772 huius·

761 1819 825 1875 10
841 1809 1019 1875 modi
1059 1806 1536 1874 calamitatibus
1584 1807 1928 1873 clementer
1968 1816 2237 1895 propter
2279 1808 2684 1892 unigenitum
2710 1804 2935 1888 filium,
2980 1815 3381 1878 servatorem
3409 1816 3702 1871 nostrum

839 1911 1120 1991 unicum,
1163 1908 1328 1973 tueri
1373 1929 1451 1972 ac
1491 1927 1879 1972 conservare
1920 1905 2095 1971 velit.
2156 1904 2415 1970 Deinde
2460 1905 2859 1972 obtestamur
2901 1928 3018 1971 vos
3062 1928 3315 1994 quoque
3357 1907 3699 1971 universos

839 2019 903 2074 et
950 2006 1258 2094 singulos,
1303 2018 1373 2071 ut
1416 2015 1481 2072 et
1521 2007 1651 2094 ipsi
1706 2005 2079 2071 occasiones
2137 2025 2357 2069 omnes
2415 2005 2825 2088 removeatis,
2883 2002 3117 2092 quibus
3159 2004 3303 2069 fieri
3346 2015 3577 2093 posset,
3625 2015 3699 2067 ut

836 2109 988 2194 igne
1030 2106 1339 2171 damnum
1384 2101 1802 2193 da[34]retur.
1868 2103 1957 2168 Et
2001 2106 2219 2190 pueris
2264 2126 2342 2168 ac
2382 2102 2645 2168 famulis
2688 2126 2940 2190 quoque
2982 2105 3220 2169 vestris
3259 2104 3428 2169 hanc
3471 2125 3692 2168 curam

837 2205 1065 2271 crebro
1103 2204 1458 2288 inculcetis,
1514 2215 1585 2271 ut
1625 2203 1873 2269 lumina
1915 2212 2102 2268 caute
2144 2212 2443 2287 tractent,
2495 2202 2677 2288 ligna
2721 2202 2807 2267 ad
2867 2202 3165 2269 fornaces
3206 2227 3336 2270 non
3378 2215 3694 2290 reponant

756 2316 817 2372 15
839 2316 902 2372 et
960 2302 1521 2387 hebdomadatim,
1584 2304 1970 2392 praesertim
2036 2324 2186 2366 cum
2246 2302 2454 2388 frigus
2513 2310 2612 2367 est
2670 2302 3018 2386 intensius,
3081 2302 3420 2368 inferiores
3472 2312 3693 2389 partes

834 2405 1260 2470 fumariorum
1327 2403 1543 2518 scopis
1603 2402 1949 2489 diligenter
2013 2410 2309 2488 purgent.
2395 2400 2486 2465 Et
2549 2410 2892 2488 praeterea
2953 2422 3208 2490 quoque
3276 2423 3510 2487 aquam
3566 2423 3691 2488 per

836 2504 974 2569 dies
1030 2525 1110 2567 ac
1165 2510 1386 2568 noctes
1442 2502 1511 2566 in
1572 2501 1838 2589 hydriis
1895 2500 2170 2588 aliisque
2223 2501 2401 2565 vasis
2459 2499 2545 2565 ad
2615 2499 2862 2586 primos
2923 2501 3203 2588 impetus
3258 2502 3425 2567 forte
3486 2497 3686 2613 (quod

832 2613 1052 2669 tamen
1113 2599 1271 2666 deus
1330 2599 1794 2687 benignissime
1854 2610 2113 2666 avertat
2129 2600 2176 2680 Σ)
2237 2599 2630 2686 ignescentis
2694 2597 2998 2663 flammae
3059 2598 3556 2686 exstinguendos
3615 2601 3684 2662 in

834 2702 1076 2768 muscis
1141 2700 1376 2764 vestris
1440 2696 1568 2788 [35]
1629 2702 1698 2765 in
1758 2709 2017 2787 promtu
2081 2697 2396 2781 habeatis,
2458 2699 2681 2785 sicque
2742 2720 2929 2763 omne
2991 2697 3275 2763 incendii
3336 2697 3680 2786 periculum

752 2812 820 2868 20
842 2798 1110 2867 consilio
1165 2809 1229 2863 et
1284 2797 1622 2884 diligentia
1673 2813 1895 2863 vestra
1945 2799 2430 2885 praecaveam,
2491 2797 2682 2862 sicuti
2742 2818 2861 2861 sua
2917 2797 3150 2884 cuique
3207 2799 3344 2862 vita
3401 2806 3464 2862 et
3516 2795 3680 2861 salus

837 2900 1253 2985 omniumque
1294 2920 1513 2963 rerum
1555 2898 1882 2984 possessio
1922 2905 1987 2962 et
2028 2907 2164 2963 tota
2222 2895 2598 2983 respublica
2642 2894 2825 2960 cordi
2877 2904 2994 2961 est.
3079 2896 3159 2961 In
3199 2895 3301 2962 his
3344 2895 3533 2961 rebus
3572 2895 3680 2982 qui

832 2997 1170 3083 negligens
1225 3006 1524 3082 repertus
1578 2997 1774 3061 fuerit
1782 3044 1801 3079 ,
1860 3019 2136 3082 poenam
2192 2995 2464 3082 collegio
2517 2994 2964 3076 arbitrariam,
3022 3017 3189 3082 quae
3240 3017 3492 3061 summa
3543 3016 3676 3059 esse

834 3097 1093 3186 poterit,
1145 3095 1392 3184 absque
1431 3096 1812 3162 remissione
1867 3094 2215 3184 persolvat.
2296 3095 2386 3160 Et
2442 3096 2596 3184 quia
2652 3093 3063 3159 arbustorum
3127 3117 3206 3160 ac
3263 3094 3674 3182 virgultorum

836 3218 996 3262 usus
1038 3196 1109 3260 in
1146 3198 1643 3282 vaporariorum
1698 3194 1959 3282 ignibus
2012 3195 2410 3261 instruendis
2464 3196 2533 3259 in
2589 3194 2735 3260 aliis
2778 3194 3065 3281 collegiis
3111 3205 3382 3283 propter
3423 3192 3676 3259 vitanda

749 3304 818 3361 25
837 3295 1127 3362 maxima
1182 3295 1325 3380 peri
1343 3291 1470 3382 [36]
1488 3293 1634 3359 cula
1692 3305 1792 3361 est
1846 3294 2259 3378 interdictus,
2323 3292 2495 3359 idem
2551 3295 2622 3359 in
2676 3293 2800 3358 hoc
2858 3293 3132 3381 collegio
3189 3297 3387 3360 etiarn
3443 3293 3675 3359 servari

835 3394 1188 3460 necessitas
1248 3392 1442 3480 plane
1499 3393 1742 3459 suadet.
1827 3392 2135 3460 Iubemus
2192 3414 2348 3479 ergo
2400 3402 2464 3457 et
2519 3391 2987 3477 interdicimus,
3042 3416 3126 3459 ne
3170 3396 3316 3481 quis
3360 3416 3444 3458 ex
3485 3393 3674 3479 inqui—

834 3492 985 3559 linis
1027 3492 1218 3557 huius
1261 3493 1738 3559 communitatis
1793 3493 1860 3556 in
1915 3491 2291 3557 fornacibus
2346 3501 2411 3559 et
2451 3490 2947 3577 vaporariorum
2990 3493 3252 3578 ignibus
3294 3490 3675 3558 instruendis

831 3602 1052 3659 utatur
1093 3590 1419 3657 fasciculis
1465 3602 1527 3656 et
1568 3589 1892 3677 lignorum
1931 3592 2244 3656 ramentis
2288 3600 2399 3655 aut
2456 3588 2652 3655 simili
2703 3593 2996 3657 materia.
3079 3591 3403 3680 Repertus
3457 3603 3674 3673 autem,

831 3694 940 3781 qui
981 3689 1223 3756 talibus
1263 3689 1477 3756 focum
1517 3690 1916 3779 instruxerit,
1975 3688 2232 3776 collegii
2288 3689 2443 3755 fisco
2499 3688 2852 3778 persolvito
2909 3713 3173 3757 aureum
3225 3715 3426 3757 unum
3483 3692 3680 3772 toties,

742 3801 815 3857 30
837 3790 1085 3879 quoties
1129 3787 1490 3875 deliquerit.

1626 3934 1718 4024 [S.
1763 3936 1866 4024 37]
1911 3957 2005 4006 nn
2052 3954 2477 4005 cmunnuno
2524 3955 2896 4005 consumo,

2025 4074 2371 4124 statutum
2407 4072 2473 4124 X.

993 4186 1198 4252 Fores
1242 4185 1498 4272 collegii
1542 4185 1920 4252 claudentur
1962 4187 2125 4252 hora
2164 4185 2475 4253 hactenus
2516 4197 2853 4253 consueta:
2913 4189 3160 4253 aestivo
3212 4188 3477 4276 quidem
3529 4198 3673 4254 tem·

828 4308 989 4373 pore
1032 4284 1306 4351 dimidia
1356 4284 1627 4368 decima,
1670 4285 1922 4372 hyemis
1968 4309 2125 4351 vero
2171 4285 2429 4351 circiter
2471 4286 2696 4352 horam
2737 4309 2995 4351 nonam.
3065 4287 3223 4353 Post
3263 4287 3387 4353 hoc
3431 4285 3716 4375 tempus'

742 4392 810 4452 35
831 4386 941 4474 qui
983 4384 1286 4450 exclusus
1341 4384 1657 4472 pulsando
1702 4384 2126 4450 clamandove
2169 4383 2256 4455 ad
2296 4385 2470 4450 fores
2516 4395 2627 4452 aut
2667 4387 2735 4451 in
2775 4384 2994 4472 platea
3034 4389 3442 4474 importunus
3493 4388 3676 4452 fuerit

826 4495 891 4550 et
932 4504 1323 4572 quemquam
1364 4484 1758 4570 fatigaverit,
1815 4494 2075 4571 postero
2129 4484 2234 4549 die
2295 4484 2434 4549 sine
2486 4486 2892 4550 recusatione
2931 4485 3236 4551 mulctam
3293 4483 3425 4574 [38]
3473 4485 3676 4551 solvat

822 4582 1181 4672 imperialis
1244 4586 1433 4648 unius
1446 4632 1464 4666 ,
1527 4584 1654 4647 nisi
1716 4605 1800 4648 ex
1863 4584 2182 4649 sententia
2240 4582 2500 4669 collegii
2561 4584 2868 4649 maiorem
2927 4586 3250 4650 meruerit.
3336 4585 3468 4667 Qui
3525 4607 3673 4650 vero

818 4680 1128 4747 famulum
1187 4680 1506 4748 curatoris
1558 4681 1664 4747 vel
1718 4683 1787 4746 vi
1843 4684 2130 4769 coegerit
2180 4682 2286 4749 vel
2341 4684 2619 4770 pecunia
2677 4685 3069 4771 corruperit,
3127 4694 3238 4750 aut
3301 4706 3674 4772 quocunque

821 4780 1015 4848 modo
1074 4802 1149 4846 eo
1207 4778 1619 4868 perduxerit,
1672 4790 1744 4845 ut
1800 4803 1915 4846 suo
1972 4781 2244 4847 arbitrio
2299 4782 2473 4847 fores
2533 4780 2860 4848 clauderet
2914 4793 3027 4849 aut
3081 4783 3430 4871 panderet,
3490 4787 3674 4872 quive

739 4882 968 4967 40ipse
1029 4881 1098 4944 in
1162 4901 1280 4944 sua
1340 4887 1660 4965 potestate
1720 4877 1968 4945 clavem
2021 4881 2261 4947 forium
2317 4880 2728 4967 publicarum
2786 4883 3364 4971 quomodocunque
3425 4894 3670 4971 partam

821 4978 1144 5060 habuerit,
1192 4979 1388 5066 quive
1431 5000 1813 5066 quacunque
1854 4978 2222 5045 clanculum
2265 4982 2603 5066 irrepserit
2647 4992 2758 5045 aut
2798 5004 2867 5045 se
2908 4983 3357 5067 insinuaverit,
3402 4986 3461 5047 is
3487 4984 3669 5047 trium

822 5076 1349 5143 ioachimicorum
1391 5076 1701 5144 mulctam
1745 5078 1975 5163 solvat,
2017 5074 2282 5166 ni[39]si
2327 5082 2561 5165 potius,
2605 5089 2678 5145 ut
2716 5102 2751 5143 e
2789 5080 3059 5166 collegio
3099 5084 3402 5169 emigret,
3457 5081 3669 5146 iuben-

818 5174 944 5243 dus
984 5198 1126 5242 esse
1167 5174 1485 5242 videatur.
