4038 6358
898 627 1021 693 506
1881 627 1981 679 Die
2021 629 2456 693 philosophiae-he
2489 630 2738 681 Facultat.

884 829 1096 897 poena
1119 809 1355 893 vocati,
1402 810 1538 877 eius
1571 811 1910 876 occasione
1954 833 2135 876 suam
2179 810 2575 878 ordinariam
2615 810 2959 878 lectionem
2997 813 3263 880 minime
3308 822 3722 901 postponant,

883 907 998 974 sed
1034 929 1179 974 eam
1213 911 1586 976 continuare
1618 909 1872 994 debent,
1916 909 2032 976 tali
2069 912 2529 978 convocatione
2569 935 2700 979 non
2745 911 3061 979 obstante.
3129 912 3488 979 Tenebitur
3515 922 3725 979 tamen

883 1008 1034 1075 talis
1075 1008 1277 1075 lector
1320 1010 1389 1073 in
1432 1010 1700 1097 propria
1741 1034 2021 1097 persona
2061 1010 2165 1076 vel
2205 1034 2322 1098 per
2365 1010 2562 1076 alium
2605 1013 2989 1098 magistrum
3041 1011 3217 1099 apud
3260 1012 3574 1078 decanum
3611 1012 3725 1079 ho·

882 1119 1064 1175 neste
1103 1130 1173 1173 se
1218 1130 1533 1174 excusare
1574 1118 1668 1193 et,
1709 1133 1829 1175 sua
1868 1109 2144 1176 lectione
2187 1110 2412 1177 habita
2428 1161 2446 1194 ,
2490 1120 2561 1176 ut
2618 1110 2926 1178 obediens
2972 1135 3370 1200 comparere.
3456 1112 3719 1177 Poterit-

794 1218 828 1275 5
882 1229 1007 1295 que
1048 1209 1173 1275 hoc
1216 1230 1373 1273 casu
1415 1209 1484 1273 in
1527 1209 1851 1297 principio
1910 1211 2395 1276 convocationis
2454 1221 2642 1276 extra
2699 1210 2991 1277 ordinem
3052 1234 3206 1278 suae
3274 1213 3581 1278 sessionis
3638 1211 3726 1277 ad

881 1308 1371 1398 requisitionem
1423 1308 1652 1374 decani
1708 1331 1894 1375 suum
1954 1310 2282 1375 effundere
2335 1319 2558 1377 votum
2621 1320 2686 1375 et
2738 1321 2968 1398 postea
3024 1310 3104 1377 de
3154 1313 3385 1378 favore
3442 1310 3725 1377 eiusdem

887 1407 1070 1473 abire
1112 1406 1392 1473 lecturus
1410 1457 1428 1490 ,
1471 1417 1535 1472 et
1575 1407 2026 1475 nichilominus
2069 1409 2356 1495 gaudere
2414 1409 2607 1475 debet
2663 1410 3158 1477 obventionibus
3186 1421 3263 1476 et
3309 1409 3725 1476 emolimentis

886 1507 1141 1592 integre
1156 1555 1174 1589 ,
1217 1508 1384 1571 sicut
1425 1517 1799 1593 praesentes
1852 1508 2202 1574 facultatis.
2286 1509 2386 1574 Ne
2428 1518 2650 1574 tamen
2693 1510 2855 1575 talia
2892 1510 3290 1599 frequentius
3335 1511 3726 1596 contingant,

891 1605 1082 1671 debet
1123 1605 1295 1671 idem
1340 1606 1624 1673 decanus
1641 1655 1658 1688 ,
1703 1617 2011 1694 quantum
2068 1607 2380 1694 possibile
2437 1610 2591 1691 erit,
2648 1632 2800 1674 suas
2856 1611 3353 1675 convocationes
3406 1608 3537 1673 illis
3575 1608 3727 1674 dun-

805 1715 869 1772 10
889 1714 1076 1772 taxat
1117 1705 1295 1771 horis
1338 1707 1586 1788 facere,
1629 1705 1861 1792 quibus
1905 1706 2290 1794 regulariter
2347 1710 2651 1793 magistri
2698 1710 2767 1774 in
2822 1709 3078 1776 actibus
3138 1708 3548 1775 scholasticis
3598 1731 3725 1774 non

884 1813 1303 1891 occupantur,
1349 1805 1473 1871 hoc
1515 1813 1614 1870 est
1653 1815 1944 1893 tempore
1986 1808 2253 1871 aestatis
2297 1806 2553 1873 decima
2597 1818 2662 1873 et
2708 1809 3072 1892 undecima,
3113 1809 3344 1875 hiemis
3386 1806 3726 1874 undecima

877 1904 1072 1969 horis.
1157 1904 1508 1969 Parimodo
1563 1904 1704 1969 fieri
1760 1904 1952 1970 debet
2016 1928 2133 1992 per
2186 1906 2471 1970 iuniores
2522 1909 2872 1994 magistros
2927 1908 3233 1990 lectores,
3285 1910 3358 1973 in
3410 1918 3478 1973 et
3536 1917 3725 1973 extra

884 2003 1225 2069 consilium
1282 2004 1610 2069 facultatis
1674 2003 1979 2091 degentes
1998 2054 2015 2087 ,
2081 2027 2209 2091 quo
2275 2003 2362 2069 ad
2423 2007 2953 2078 convocationem
3000 2007 3245 2073 domini
3286 2009 3597 2090 rectoris,
3636 2008 3725 2072 ita

886 2113 1105 2168 tamen
1161 2103 1335 2191 quod
1389 2114 1704 2169 rectorem
1764 2104 1943 2190 prius
1985 2104 2266 2170 salutent
2280 2154 2298 2187 ,
2358 2104 2536 2190 apud
2597 2128 2782 2171 suam
2842 2106 3347 2173 dominationem
3406 2130 3480 2173 se
3536 2129 3719 2173 excu-

807 2213 869 2270 15
892 2201 1117 2285 sande,
1162 2204 1272 2291 qui
1333 2201 1600 2268 indubie
1653 2226 1735 2268 ex
1789 2203 2056 2269 honesto
2120 2203 2502 2290 indulgebit.
2612 2205 2756 2270 Nisi
2819 2216 2952 2271 tam
3016 2205 3221 2271 ardua
3278 2229 3482 2272 causa
3546 2219 3725 2290 esset,

884 2301 1060 2389 quod
1106 2324 1326 2367 omnes
1367 2303 1664 2388 magistri
1706 2302 2073 2368 huiusmodi
2126 2303 2694 2387 conventionibus,
2732 2312 2866 2370 tam
2916 2307 3186 2372 rectoris
3231 2328 3425 2393 quam
3482 2306 3722 2388 decani,

876 2403 1188 2467 interesse
1252 2401 1371 2467 sub
1436 2402 1739 2467 maximis
1799 2404 2025 2489 poenis
2088 2404 2655 2489 asstringerentur,
2718 2412 2791 2468 ut
2850 2426 3259 2493 nequaquam
3300 2428 3447 2470 sese
3503 2404 3724 2471 absen-

877 2510 1021 2568 tare
1075 2511 1362 2590 possent.

1044 2707 1142 2770 22.
1192 2719 1552 2769 LECTORES
1595 2721 1684 2768 m*
1730 2719 2186 2768 Exnncnn‘rsss
2224 2718 2370 2767 Non
2411 2719 2635 2768 mons
2678 2719 2807 2767 sm)
2852 2720 3052 2768 vnms
3092 2719 3570 2770 Anm'romnus

795 2810 863 2868 20
1740 2819 2022 2866 DEBENT
2065 2819 2252 2867 DARE
2294 2817 2874 2867 mcoem'monsss.

1051 2933 1328 3024 [B1.42⁸]
1374 2933 1602 3001 Nullus
1628 2936 1824 3000 etiam
1850 2937 2308 3020 magistrorum
2338 2933 2531 2999 debet
2562 2935 2757 3000 alicui
2798 2933 3387 3022 promovendorum
3433 2933 3599 3000 dare
3637 2959 3728 3001 re-

880 3036 1314 3121 cognitionem
1355 3055 1549 3122 super
1591 3034 1918 3100 auditione
1965 3033 2235 3099 alicuius
2277 3033 2572 3099 lectionis
2629 3056 2743 3099 seu
2796 3035 3101 3099 exercicii
3120 3083 3139 3117 ,
3178 3035 3307 3098 nisi
3353 3036 3726 3118 constiterit,

877 3134 1072 3201 talem
1097 3144 1422 3222 petentem
1444 3132 1811 3200 huiusmodi
1839 3135 2343 3220 recognitionem
2374 3133 2457 3200 ab
2501 3155 2576 3199 eo
2619 3133 2958 3201 lectionem
2998 3134 3105 3199 vel
3147 3135 3543 3200 exercicium
3581 3157 3727 3201 ινα-θ

883 3234 1227 3301 audivisse.
1338 3234 1653 3302 Constare
1716 3242 1931 3299 autem
1993 3233 2117 3299 hoc
2185 3236 2426 3321 poterit
2448 3283 2465 3317 ,
2524 3235 2678 3320 quia
2732 3256 2851 3320 per
2898 3256 2967 3299 se
3026 3233 3229 3300 lector
3267 3234 3372 3300 vel
3417 3257 3726 3301 exercens

803 3332 1083 3399 25talem
1125 3335 1194 3398 in
1237 3335 1506 3421 propria
1547 3355 1830 3421 persona
1879 3336 2202 3398 notaverit
2252 3334 2450 3399 fuisse
2495 3332 2890 3420 diligentem,
2934 3333 3039 3399 vel
3082 3355 3199 3421 per
3244 3356 3515 3399 suorum
3556 3345 3727 3402 nota·

879 3443 1094 3501 torum
1129 3435 1307 3499 circa
1343 3432 1566 3517 libros,
1607 3456 1770 3520 quos
1814 3431 1972 3497 dicit
2015 3456 2085 3497 se
2128 3433 2479 3514 audivisse,
2525 3433 2977 3516 ostensionem,
3023 3441 3135 3497 aut
3175 3456 3294 3521 per
3338 3431 3503 3499 duos
3548 3434 3730 3518 alios,

883 3536 1078 3600 etiam
1119 3556 1271 3599 suos
1298 3533 1725 3615 coauditores,
1766 3531 2133 3618 fidedignos
2180 3542 2243 3597 et
2290 3532 2611 3597 studiosos
2656 3530 3005 3615 scholares,
3046 3534 3157 3618 qui
3199 3554 3396 3618 super
3439 3533 3565 3599 hoc
3604 3535 3730 3600 tale

886 3635 1325 3700 testimonium
1356 3633 1596 3699 dicunt.
1658 3634 1827 3698 Nam
1863 3634 1931 3698 in
1964 3654 2076 3697 ore
2114 3631 2313 3697 duum
2350 3631 2454 3696 vel
2498 3632 2693 3696 trium
2736 3641 2884 3714 stat,
2926 3641 2999 3697 ut
3040 3629 3423 3717 evangelica
3460 3642 3733 3700 testatur

879 3734 1155 3816 veritas,
1202 3755 1389 3799 omne
1435 3734 1893 3798 testimonium.
1979 3731 2070 3796 Et
2110 3740 2184 3797 ut
2238 3730 2360 3797 hoc
2416 3732 2626 3796 sciant
2678 3730 3011 3796 auditores
3039 3729 3400 3795 'lectionum
3444 3742 3511 3797 et
3552 3755 3729 3798 exer·

799 3841 870 3898 30
886 3833 1213 3915 ciciorum,
1237 3855 1319 3897 ne
1352 3842 1694 3920 praetextu
1720 3832 2129 3918 ignorantiae
2162 3854 2250 3915 se,
2292 3832 2464 3896 ultra
2507 3828 3013 3918 publicationem
3055 3852 3174 3919 per
3219 3827 3538 3895 decanum
3578 3842 3731 3897 tem-

883 3954 1041 4019 pore
1082 3931 1380 3996 lectionis
1441 3940 1829 3997 statutorum
1882 3931 2126 3995 factam
2146 3933 2197 4013 ,¹
2252 3930 2516 3996 valeant
2580 3953 2929 4012 excusare,
2985 3930 3286 4016 magistri
3344 3929 3617 3995 lectores
3673 3942 3733 3996 et

886 4040 1261 4096 exercentes
1306 4033 1374 4096 in
1414 4033 1734 4120 principio
1779 4054 2041 4096 suorum
2082 4040 2344 4095 actuum
2385 4029 2921 4096 scholasticorum
2967 4051 3115 4095 suos
3159 4028 3488 4094 auditores
3538 4052 3732 4117 super

884 4130 985 4195 his
1031 4131 1271 4196 seriose
1316 4130 1554 4196 debent
1595 4131 1852 4195 avisare
1892 4130 2355 4216 inducereque,
2412 4129 2600 4195 bonis
2639 4129 2870 4194 mediis
2929 4126 3416 4216 persuadendo,
3464 4139 3538 4194 ut
3596 4129 3732 4195 dili·

885 4238 1112 4316 genter
1150 4230 1394 4294 intrent
1440 4252 1591 4297 suas
1632 4228 1939 4295 lectiones
1984 4238 2050 4293 et
2089 4230 2431 4311 exercicia,
2474 4229 2659 4293 iuxta
2702 4227 2984 4315 desuper
3028 4226 3206 4292 edita
3249 4234 3525 4311 statuta3
3581 4228 3730 4294 alio-

799 4338 866 4394 35
886 4330 1042 4417 quin
1104 4337 1392 4416 tempore
1453 4351 1568 4394 suo
1629 4328 2135 4413 recognitionem
2200 4349 2394 4415 super
2458 4327 2784 4394 auditione
2843 4324 3210 4392 huiusmodi
3268 4325 3617 4393 lectionum
3669 4338 3732 4393 et

881 4428 1352 4494 exerciciorum
1394 4429 1657 4493 minime
1699 4426 1783 4493 ab
1828 4429 1919 4493 eis
1959 4426 2424 4516 impetrabunt.

1412 4598 1513 4661 23.
1566 4612 1659 4659 DE
1703 4610 2219 4660 DISPU'I'A'I'IONE
2264 4609 2646 4659 ORDINARIA
2688 4607 3210 4658 MAGISTRORUM.

1055 4728 1229 4810 Quia
1271 4727 1663 4807 sufficienter
1707 4726 1789 4792 de
1840 4726 2179 4812 diligentia
2225 4733 2291 4790 et
2343 4724 2688 4791 lectionum
2745 4737 2809 4789 et
2864 4725 3336 4790 exerciciorum
3394 4726 3726 4812 provisum

884 4838 983 4894 est
1024 4837 1088 4893 et
1132 4828 1388 4914 singula
1429 4829 1552 4892 rite
1592 4836 1655 4891 et
1696 4836 1870 4891 recte
1908 4824 2210 4890 videntur
2268 4847 2410 4891 esse
2467 4824 2798 4908 ordinata,
2863 4824 3009 4890 ideo
3057 4823 3275 4910 placet
3334 4845 3455 4910 pro
3498 4827 3723 4891 maiori

800 4940 870 4995 40
887 4930 1283 4994 incremento
1316 4936 1379 4992 et
1407 4927 1583 4993 fama
1610 4926 1817 4992 nostri
1859 4923 2057 4989 studii
2098 4925 2425 4990 facultatis
2469 4926 2705 4990 artium
2749 4934 2813 4988 et
2853 4925 3028 4990 omni
3068 4921 3358 4989 eiusdem
3400 4923 3725 4990 facultatis

882 5029 1351 5115 magistrorum
1395 5026 1641 5093 honore
1663 5077 1680 5109 ,
1743 5035 1815 5092 ut
1867 5025 2061 5090 etiam
2119 5024 2471 5110 disputatio
2532 5023 2898 5108 ordinaria,
2940 5021 3368 5089 tolerabiliter
3410 5030 3631 5088 tamen
3671 5033 3730 5088 et

1062 5233 1079 5281 l
1123 5227 1252 5298 vgl.
1289 5227 1335 5292 L
1378 5230 1452 5295 10,
1497 5223 1641 5280 oben
1677 5222 1730 5280 S.
1769 5229 1884 5289 493,
1912 5227 1992 5279 26.
2062 5222 2171 5277 Die
2206 5220 2645 5294 Wiederholung
2679 5220 2778 5276 des
2811 5221 3038 5278 Fehlers
3067 5220 3281 5277 erffirt
3312 5216 3435 5277 sich
3466 5219 3728 5289 dadai-eh,

883 5310 1013 5366 dass
1050 5310 1228 5367 dieser
1260 5308 1592 5381 Paragraph
1628 5327 1738 5365 von
1771 5308 1897 5364 dem
1929 5306 2190 5363 friiheren
2224 5305 2656 5380 abgeschrieben
2690 5305 2856 5363 ward.
