4038 6358
889 639 1011 703 350
1865 637 1965 686 Die
2009 637 2449 700 philosophische
2483 637 2740 689 Facultat.

892 830 957 885 et
1012 815 1405 882 intrantibus
1469 815 1685 902 legere
1744 825 1808 881 et
1861 817 2196 904 publicare
2253 828 2317 883 et
2375 838 2595 883 omnes
2651 826 2944 905 tempore
2998 817 3304 883 introitus
3359 813 3702 900 smgallafim

893 919 1251 1003 requirere,
1274 925 1383 1079 llut
1435 917 1871 1004 unusquisque
1933 917 2054 983 sub
2114 918 2519 983 consciencia
2578 939 2696 981 sua
2749 916 2954 1001 dicat,
3020 939 3090 982 se
3146 915 3261 980 illa
3318 936 3599 980 servasse
3646 926 3708 981 et

891 1038 1154 1083 servare
1193 1038 1274 1080 ve
1323 1037 1378 1079 e.

1067 1169 1461 1231 Unmittelbar
1501 1169 1716 1228 hieran
1759 1169 2030 1230 schliesst
2069 1172 2213 1244 sich,
2252 1171 2400 1230 noch
2442 1190 2559 1229 von
2599 1171 2905 1229 dev-selben
2942 1171 3137 1230 Hand
3169 1167 3569 1247 yesckrieben:

806 1346 839 1401 5
1836 1340 1930 1400 12.
1974 1352 2070 1399 DE
2112 1349 2404 1398 APER‘ms
2445 1316 2783 1398 PALLEIs.¹

1989 1471 2111 1532 Vgl.
2147 1471 2439 1533 Hauptstat.
2480 1470 2563 1535 86,
2604 1471 2651 1521 3.

1057 1584 1217 1649 Item
1254 1581 1467 1646 nullus
1511 1580 1789 1667 simplex
1833 1582 2099 1649 studens
2141 1586 2209 1648 in
2254 1583 2502 1651 artibus
2546 1592 2761 1670 portet
2802 1582 3070 1669 pallium
3096 1603 3181 1647 ex
3218 1589 3492 1667 utroque
3528 1578 3705 1645 latere

902 1683 1007 1748 vel
1049 1705 1178 1747 uno
1216 1692 1509 1767 apertum
1551 1704 1696 1745 cum
1736 1681 1955 1768 iopula
1983 1683 2087 1747 vel
2128 1683 2451 1765 tunicella,
2496 1706 2661 1771 quae
2698 1706 2825 1748 non
2866 1680 3273 1777 protenditur
3299 1679 3470 1744 ultra
3507 1700 3711 1765 genua.

901 1784 1030 1865 Qui
1075 1784 1132 1847 si
1174 1781 1568 1845 contrarium
1611 1780 1855 1863 fecerit,
1898 1783 1965 1845 in
2010 1781 2278 1848 dimidio
2319 1784 2561 1848 floreno
2603 1806 2720 1870 per
2763 1781 3082 1846 decanum
3119 1779 3446 1845 facultatis
3488 1780 3710 1843 arcium

816 1894 880 1949 10
899 1884 1222 1971 puniatur.
1304 1878 1434 1960 Qui
1499 1880 1556 1943 si
1614 1902 1683 1944 se
1742 1883 2150 1970 opposuerit,
2209 1882 2296 1948 ad
2349 1882 2632 1971 aliquem
2684 1881 2960 1969 gradum
3012 1882 3080 1945 in
3136 1879 3390 1945 artibus
3439 1900 3564 1944 non
3610 1876 3711 1942 ad·

895 1985 1201 2048 mittatur.

1057 2220 1247 2278 Dann
1289 2236 1403 2275 von
1444 2217 1707 2275 anderen·
1748 2218 1944 2276 Hand
1954 2240 1971 2274 .-

2255 2333 2383 2400 13.²

1059 2464 1226 2529 Item
1266 2462 1478 2528 nullus
1522 2462 2001 2549 promovendus
2045 2464 2114 2528 in
2165 2465 2415 2530 artibus
2469 2464 2554 2529 ad
2607 2486 2882 2529 examen
2925 2462 3030 2528 vel
3072 2471 3472 2548 temptamen
3513 2459 3718 2526 admit-

816 2576 879 2631 15
898 2575 1089 2646 tatur,
1145 2564 1275 2627 nisi
1329 2563 1399 2627 in
1458 2561 1744 2648 collegiis
1798 2573 1910 2628 aut
1962 2563 2178 2628 bursis
2237 2586 2278 2627 a
2336 2564 2641 2631 facultate
2701 2563 3084 2652 approbatis
3136 2583 3342 2650 usque
3401 2560 3488 2626 ad
3538 2561 3717 2645 magi·

904 2665 1173 2730 sterium
1234 2660 1549 2726 inclusive
1593 2662 1896 2726 continue
1948 2661 2334 2727 inmorando
2379 2675 2445 2729 et
2486 2673 2636 2729 actu
2684 2664 2931 2728 steterit
2981 2662 3204 2750 ibique
3258 2663 3327 2727 in
3387 2659 3717 2727 scolasticis

899 2763 1154 2830 actibus
1213 2760 1637 2845 latinisando,
1702 2759 2036 2847 arguendo
2046 2810 2066 2843 ‚
2137 2760 2593 2849 respondendo
2658 2772 2723 2827 et
2784 2762 3172 2851 opponendo
3229 2761 3606 2847 diligencius
3661 2759 3718 2822 in

899 2863 1123 2929 ordine
1169 2882 1286 2925 suo
1339 2863 1796 2925 exercitaverit
1850 2869 2191 2946 ceteraque
2246 2860 2502 2947 collegii
2558 2869 2672 2926 aut
2723 2860 2960 2927 bursae
2999 2863 3145 2929 iura
3187 2871 3258 2926 ut
3301 2883 3497 2925 verus
3536 2858 3716 2944 inqui·

898 2963 1067 3027 linus
1111 2983 1228 3046 per
1272 2982 1341 3024 se
1379 2961 1689 3040 tenuerit3
1745 2962 1871 3024 nisi
1922 2958 2167 3024 ibidem
2216 2959 2692 3026 habitacionem
2736 2983 2777 3025 a
2818 2961 3088 3048 collegio
3136 2969 3248 3025 aut
3296 2959 3501 3024 bursa
3545 2958 3718 3045 privi-

816 3073 884 3128 20
903 3062 1208 3147 legiatam
1274 3057 1768 3140 inhabitaverit3
1833 3057 2079 3122 nullam
2139 3058 2413 3146 denique
2469 3060 2626 3126 alibi
2692 3059 2818 3126 sibi
2876 3082 3255 3148 quacunque
3317 3059 3721 3124 excusacione

903 3186 1017 3227 seu
1075 3161 1413 3226 occasione
1466 3156 1601 3223 doli
1657 3168 1770 3222 aut
1827 3159 2261 3247 cuiuscunque
2317 3160 2528 3226 malae
2581 3162 2971 3249 suspicionis
3025 3160 3128 3226 vel
3182 3157 3720 3247 interpretacionis

904 3272 1092 3327 extra
1144 3257 1485 3345 collegium
1543 3267 1654 3322 aut
1705 3256 1968 3322 bursam
2023 3259 2456 3345 approbatam
2500 3261 2973 3326 habitacionem
3019 3260 3347 3341 habuerit,
3405 3260 3533 3324 nisi
3571 3256 3721 3322 filius

904 3362 1186 3425 civitatis
1237 3359 1523 3423 extiterit
1560 3355 1666 3421 vel
1714 3356 1876 3422 adeo
1921 3356 2424 3440 habundaverit‚
2486 3361 2661 3447 quod
2715 3361 3048 3447 propriam
3101 3359 3359 3424 domum
3416 3369 3481 3423 et
3534 3358 3723 3445 coqui·

902 3484 1053 3525 nam
1112 3459 1192 3524 de
1255 3459 1387 3523 suis
1446 3455 1887 3522 tantummodo
1935 3457 2358 3542 proventibus
2413 3481 2558 3523 cum
2619 3483 2732 3524 suo
2782 3460 3093 3545 magistro
3152 3468 3266 3523 aut
3328 3459 3725 3524 informatore

833 3571 1122 3627 25tenere
1163 3560 1471 3645 potuerit,
1529 3579 1643 3621 seu
1686 3566 2069 3642 paupertate
2126 3566 2438 3641 gravatus
2500 3557 2839 3623 serviendo
2894 3557 3054 3624 alibi
3111 3579 3435 3644 expensas
3491 3561 3558 3622 in
3608 3565 3725 3621 toto

905 3661 1148 3748 poterit
1184 3657 1426 3723 habere
1468 3656 1693 3742 gratis.
1774 3654 1881 3718 De
1925 3677 2050 3742 quo
2093 3665 2157 3719 et
2199 3656 2469 3742 singulis
2513 3658 2890 3744 praemissis
2932 3658 3177 3724 decano
3217 3656 3549 3722 facultatis
3588 3667 3724 3720 tem·

903 3782 1063 3848 pore
1121 3780 1277 3823 suae
1327 3755 1843 3842 dispensacionis
1894 3764 1958 3818 et
2012 3755 2312 3819 introitus
2357 3756 2477 3820 sub
2521 3779 2638 3821 suo
2680 3757 3059 3841 iuramento,
3116 3755 3457 3844 praedicta
3499 3757 3726 3840 integre

902 3883 971 3924 se
1011 3856 1387 3944 complesse,
1430 3856 1646 3918 iurare
1690 3854 1775 3917 sit
1815 3851 2162 3938 obligatus,
2202 3853 2365 3918 alias
2408 3853 2496 3919 ad
2538 3878 2811 3921 examen
2845 3856 2950 3922 vel
2992 3865 3409 3942 temptamen,
3450 3865 3521 3921 ut
3559 3877 3724 3943 prae·

900 3960 1169 4024 missum
1214 3964 1340 4038 est,
1392 3955 1566 4018 omni
1623 3953 2052 4018 excusacione
2098 3963 2345 4019 semota
2398 3954 2765 4021 nullatenus
2808 3955 3204 4021 admittatur.
3280 3954 3500 4021 Debet
3540 3957 3726 4020 eciam

818 4069 886 4124 30
905 4071 968 4123 et
1008 4064 1261 4123 tenetur
1305 4053 1573 4141 quilibet
1611 4052 2071 4138 magistrorum
2117 4053 2325 4116 sciens
2368 4053 2562 4119 talem
2603 4055 2865 4122 realiter
2895 4064 2959 4119 et
3002 4078 3145 4120 cum
3186 4055 3418 4120 effectu
3460 4067 3725 4141 tempore

909 4179 1063 4222 suae
1105 4154 1618 4243 dispensacionis
1665 4163 1779 4217 aut
1818 4152 2121 4217 introitus
2164 4151 2484 4239 impedire
2529 4165 2593 4220 et
2636 4154 3079 4221 denuncciare.

1061 4547 1083 4598 1
1124 4541 1323 4597 Dieser
1353 4536 1653 4593 Beschluss
1685 4535 1885 4608 gehort
1919 4537 2217 4609 allerdings
2252 4537 2423 4593 sehon
2459 4540 2583 4594 dem
2617 4537 2792 4594 Jahre
2830 4544 2958 4597 1436
2994 4556 3066 4594 an
3100 4538 3229 4611 (ng.
3269 4537 3412 4594 oben
3447 4538 3502 4595 S.
3529 4543 3637 4606 320,
3666 4543 3725 4606 8),

908 4626 1053 4684 doch
1088 4625 1184 4680 bin
1219 4623 1311 4680 ich
1347 4622 1574 4695 geneigt
1607 4620 2001 4690 anzunehmcn,
2036 4621 2164 4676 dass
2201 4623 2292 4679 die
2327 4624 2675 4694 vorliegende
2709 4622 3111 4679 Niederschrift
3149 4625 3261 4678 erst
3296 4622 3549 4695 erfolgte,
3581 4622 3723 4677 nach-

903 4714 1027 4767 dem
1077 4710 1176 4765 der
1219 4707 1515 4763 Beschluss
1562 4705 1652 4760 die
1697 4706 1952 4775 Fassung
1996 4704 2243 4760 erhalten
2289 4705 2462 4774 hatte,
2513 4709 2604 4764 die
2650 4728 2710 4763 er
2751 4709 2809 4762 in
2855 4709 2962 4764 den
3008 4707 3276 4762 Zusiitzen
3317 4707 3420 4762 der
3461 4708 3723 4763 Statuten-

904 4795 1188 4853 redaction
1215 4811 1322 4849 von
1358 4797 1536 4858 143617
1570 4791 1721 4861 zeigt
1753 4789 1882 4859 (vgl.
1903 4789 2047 4844 oben
2071 4794 2188 4858 343,
2210 4793 2312 4859 24).
2364 4792 2457 4846 Da
2496 4811 2610 4846 nun
2645 4793 2745 4847 der
2763 4792 3113 4864 vorliegende
3132 4791 3354 4845 Artikel
3376 4791 3502 4863 (12),
3535 4789 3724 4847 obwohl

905 4879 1198 4936 scheinbar
1232 4878 1324 4933 ein
1361 4877 1581 4944 Zusatz,
1614 4872 1758 4929 doch
1796 4871 2046 4929 offenbar
2080 4874 2436 4930 unmittelbar
2467 4893 2782 4931 zusammen
2813 4875 2916 4930 mit
2948 4877 3074 4932 dem
3109 4874 3611 4947 Vorhergehenden
3649 4892 3723 4945 ge-

904 4963 1189 5018 schrieben
1226 4963 1313 5030 ist,
1362 4960 1461 5015 der
1502 4960 1704 5014 Zusatz
1741 4958 1798 5012 in
1834 4957 1940 5011 den
1976 4957 2235 5013 Statuten
2270 4959 2374 5030 (86,
2410 4963 2462 5032 3)
2500 4960 2632 5016 aber
2665 4959 2821 5015 nicht
2855 4977 2954 5016 vor
2989 4960 3114 5016 dem
3147 4959 3396 5016 Sommer
3436 4965 3565 5017 1437
3599 4960 3724 5014 kann

905 5047 1108 5119 erfolgt
1142 5045 1275 5115 sein,
1316 5063 1377 5101 so
1413 5045 1488 5099 ist
1521 5044 1725 5098 daraus
1761 5060 1832 5096 zu
1866 5040 2181 5111 schliessen,
2230 5042 2359 5099 dass
2392 5044 2540 5100 diese
2574 5044 2800 5100 Statuta
2833 5043 3080 5116 legibilia
3110 5043 3417 5099 frithestens
3452 5042 3598 5099 nach
3622 5042 3721 5098 dem

908 5132 1152 5187 Sommer
1194 5136 1315 5185 1437
1355 5126 1900 5199 niedergeschrieben
1934 5126 2176 5182 wurden.

1063 5220 1093 5269 2
1129 5214 1247 5269 Der
1280 5211 1576 5268 Beschluss
1614 5212 1687 5265 ist
1717 5229 1823 5265 nur
1860 5210 1993 5279 hier,
2039 5210 2196 5265 nicht
2230 5210 2430 5279 (wohin
2464 5229 2525 5266 er
2555 5211 2698 5267 doch
2733 5216 2918 5267 zuerst
2950 5211 3149 5284 gehort
3183 5209 3359 5285 hatte)
3390 5211 3449 5265 in
3481 5211 3587 5267 den
3623 5209 3719 5266 Sta·

905 5304 1065 5356 tuten
1095 5298 1267 5354 selbst
1300 5296 1728 5366 nachgetragen.
