4038 6358
877 613 999 686 466
1863 613 1964 669 Die
2005 607 2444 682 philosophisehc
2476 608 2731 669 1166611111.

884 824 1043 889 pore
1087 800 1605 888 dispensacionis
1648 799 2162 886 praesentanda,
2230 821 2375 864 cum
2418 819 2638 882 causa,
2681 798 2736 863 si
2776 818 2973 883 quam
3012 795 3245 879 habet,
3312 794 3727 862 conscribere

884 912 948 966 et
990 902 1356 987 exprimere
1399 909 1463 966 et
1506 898 1786 985 desuper
1830 899 2377 987 dispensationem
2432 908 2683 983 petere,
2730 905 2804 960 ut
2858 894 3208 961 secundm
3250 894 3721 961 multitudinem

875 1010 940 1064 et
981 1001 1373 1085 paucitatem
1415 996 1986 1084 negligenciarum,
2033 999 2396 1064 defectuum
2439 1018 2520 1061 66
2573 1018 2947 1078 causarum,
2993 997 3050 1060 si
3092 1016 3254 1081 quos
3313 993 3528 1078 habet,
3580 1017 3721 1059 ma-

875 1100 1069 1184 gistri
1104 1098 1329 1165 videre
1373 1098 1644 1184 possint,
1690 1119 1774 1161 an
1818 1099 1907 1164 sit
1948 1121 2169 1164 secum
2219 1097 2448 1161 merito
2493 1094 3017 1182 dispensandum.
3098 1094 3441 1181 Reputant
3502 1103 3717 1158 autem

798 1207 827 1262 5
882 1199 1202 1284 magistri,
1247 1197 1636 1283 legittimum
1678 1197 2215 1284 impedimentum.
2250 1196 2389 1262 fore
2428 1194 2867 1260 infirmitatem
2908 1204 3021 1259 aut
3060 1193 3437 1259 absenciam
3471 1192 3597 1258 loci
3640 1215 3723 1258 ex

699 1305 721 1322 ⁰
876 1295 1260 1364 racionabili
1303 1319 1501 1362 causa
1542 1294 1647 1360 vel
1689 1294 1934 1383 aliquid
1977 1295 2157 1361 aliud
2197 1319 2314 1383 per
2358 1293 2731 1360 facultatem
2775 1287 3292 1381 approbandum.

1316 1497 1375 1560 8.
1419 1511 1540 1571 001
1584 1511 1774 1560 61661
1815 1512 2129 1562 rossum*
2169 1510 2413 1559 AUDmJ
2451 1509 2589 1559 PRO
2634 1510 2886 1558 ‘rnncm
2926 1509 3298 1558 mortona.

1048 1623 1170 1714 [Bl.
1198 1632 1276 1693 20
1289 1622 1338 1714 ⁸]
1390 1624 1682 1706 Quilibet
1720 1627 1944 1693 volens
1991 1628 2219 1694 audire
2260 1626 2461 1693 libros
2503 1626 2588 1692 ad
2623 1626 2901 1712 gradum
2923 1624 3158 1690 debeta
3176 1624 3365 1689 udire
3388 1620 3723 1688 dumtaxat

893 1727 1057 1792 duas
1101 1726 1407 1791 lectiones
1446 1747 1578 1790 una
1615 1726 1760 1791 vice
1801 1729 1869 1791 in
1913 1728 2018 1793 die
2061 1738 2125 1793 et
2177 1750 2307 1792 non
2354 1725 2593 1813 plures.
2674 1725 2763 1790 Et
2825 1747 2956 1790 non
3013 1727 3253 1812 poterit
3318 1722 3545 1788 audire
3606 1721 3721 1787 ali-

812 1836 1082 1914 mquam
1127 1848 1248 1913 pro
1284 1825 1480 1888 tertia
1520 1825 1648 1888 nisi
1690 1825 2100 1892 Priscianum
2143 1827 2457 1891 minorem
2510 1847 2629 1911 pro
2669 1823 3109 1889 baccalariatu
3151 1833 3216 1888 et
3255 1822 3720 1888 rethoricorum

878 1923 1248 1991 Aristotelis
1291 1946 1410 2010 pro
1458 1926 1852 2010 magisterio,

881 2096 941 2157 9.
983 2108 1078 2154 DE
1120 2106 1756 2156 BECOGNITIONIBUS
1800 2107 2019 2156 SUPER
2063 2107 2381 2172 STANTIA,
2424 2104 3013 2154 RESPONSIONIBUS
3048 2105 3140 2152 ΕΤ
3168 2104 3349 2152 ALIIS
3378 2104 3721 2153 HABENDIS

1439 2207 1909 2268 TEMPOREQUE
1953 2205 2527 2256 DISPENSATIONIS
2565 2205 3156 2254 PRAESENTANDIS.

1050 2320 1279 2386 Nullus
1325 2321 1583 2387 admitti
1628 2321 1820 2386 debet
1864 2320 1950 2386 ad
1996 2343 2270 2387 examen
2307 2319 2790 2385 baccalariatus
2830 2322 2899 2385 in
2942 2320 3211 2402 artibus,
3262 2320 3392 2384 nisi
3412 2328 3718 2405 §tempore

800 2431 862 2486 15
880 2420 1397 2509 dispensacionis
1456 2423 1526 2486 in
1595 2419 1860 2486 scedula
1913 2443 2173 2485 suorum
2230 2429 2490 2484 actuum
2538 2420 3046 2506 recognitionem
3106 2420 3205 2484 sui
3248 2418 3655 2484 conventuris
3683 2419 3721 2499 ¹,

881 2543 1029 2585 61116
1076 2541 1201 2610 (1110
1245 2519 1350 2584 vel
1392 2518 1624 2608 quibus
1670 2521 1920 2584 steterit
1961 2528 2025 2584 et
2062 2519 2209 2584 iura
2250 2518 2545 2584 bursalia
2601 2521 2861 2601 fecerit,
2922 2527 3083 2605 puta
3134 2516 3569 2606 disputando,
3627 2539 3719 2581 ar-

880 2618 1156 2705 guendo,
1202 2617 1679 2706 respondendo,
1720 2619 2070 2683 serotinam
2130 2618 2636 2705 disputationem
2679 2616 3125 2704 ingrediendo,
3168 2618 3557 2682 latinitatem
3600 2638 3721 2680 ser-

880 2717 1118 2800 vando,
1163 2728 1406 2803 puncta
1447 2741 1566 2804 pro
1609 2716 1888 2803 vulgari,
1935 2719 1991 2781 si
2035 2716 2365 2803 obligatus
2403 2717 2629 2794 fuerit,
2684 2717 3014 2800 solvendo,
3059 2720 3513 2804 consignatam
3555 2715 3721 2780 exhi-

885 2817 1056 2882 beat.
1139 2816 1354 2897 Quam
1395 2818 1453 2880 si
1494 2839 1626 2882 non
1668 2815 2037 2881 exhibuerit
2077 2818 2297 2903 sicque
2334 2815 2775 2881 verisimiliter
2814 2827 3040 2880 contra
3075 2839 3221 2881 eum
3243 2818 3578 2903 praesumi
3618 2837 3721 2903 po-

801 2925 871 2980 20
891 2917 1060 2998 terit,
1105 2915 1278 3001 quod
1321 2919 1388 2980 in
1430 2916 1589 2981 locis
1643 2914 2028 3003 approbatis
2084 2916 2380 2980 continue
2437 2937 2567 2980 non
2636 2917 2883 2979 steterit
2929 2938 3049 2980 1166
3116 2917 3261 2980 11116
3312 2915 3611 2980 bursalia
3658 2916 3719 2979 in

889 3013 1129 3080 eisdem
1172 3015 1416 3096 fecerit,
1463 3012 1547 3077 ad
1590 3036 1867 3079 examen
1907 3013 2011 3078 vel
2054 3024 2451 3101 temptamen
2501 3015 2631 3078 ista
2682 3014 2826 3078 vice
2882 3036 3290 3102 nequaquam
3330 3014 3721 3079 admittatur.

885 3113 960 3177 In
1001 3112 1355 3199 eademque
1396 3112 1661 3177 scedula
1703 3111 1895 3178 debet
1935 3111 2179 3178 habere
2237 3113 2693 3199 magistrorum
2750 3122 2814 3177 et
2878 3112 3388 3179 baccalariorum
3448 3114 3723 3196 nemina,

885 3212 1118 3297 quibus
1162 3223 1296 3277 tam
1345 3212 1674 3279 ordinarie
1717 3234 1910 3300 quam
1953 3212 2471 3278 extraordinarie
2510 3212 2951 3300 respondebat
2986 3235 3198 3300 poena
3240 3212 3362 3279 sub
3408 3214 3631 3300 priori.

973 3417 1070 3477 10.
1123 3427 1640 3477 PROMOVENDUS
1694 3429 1767 3475 IN
1809 3429 2107 3477 ARTIBUS
2146 3430 2449 3495 IURABIT,
2494 3425 2781 3477 NULLAM
2820 3428 3181 3478 mTEGRAM
3222 3430 3648 3495 LECTIONEM,

802 3520 868 3575 25
1049 3525 1331 3574 TOTALE
1377 3528 1806 3576 Exmterrmm
1845 3529 1980 3576 VEL
2025 3528 2553 3597 RESPONSIONEM
2597 3528 3037 3577 ORDINARQ
3072 3528 3523 3578 mommsen.
3545 3514 3573 3554 ²

1051 3675 1151 3739 Ne
1193 3676 1375 3739 fraus
1420 3688 1483 3739 et
1526 3674 1712 3741 dolus
1759 3677 1938 3741 circa
1982 3675 2377 3742 auditionem
2421 3676 2765 3742 lectionum
2810 3686 2875 3742 et
2919 3679 3391 3745 exerciciorum
3441 3676 3729 3765 aliosque

891 3784 1072 3841 actus
1115 3773 1515 3861 principales
1559 3775 1626 3839 in
1670 3774 1921 3841 artibus
1964 3798 2085 3862 per
2128 3775 2522 3860 complentes
2568 3778 3025 3858 committatur,
3069 3777 3332 3863 placuit,
3373 3777 3553 3865 quod
3598 3776 3727 3842 nul·

885 3873 987 3938 lus
1030 3872 1328 3939 decetero
1373 3872 1566 3938 debet
1607 3873 1862 3939 admitti
1904 3873 1990 3938 ad
2040 3896 2317 3941 examen
2354 3873 2832 3943 baccalariatus
2874 3878 2943 3941 in
2986 3876 3237 3941 artibus
3281 3876 3386 3942 vel
3421 3874 3511 3943 ad
3530 3887 3729 3964 temp-

887 3983 1106 4037 tamen
1158 3971 1787 4057 magistrandorum,
1858 3975 1988 4039 nisi
2048 3984 2341 4060 tempore
2403 3974 2918 4067 dispensacionis
2973 3975 3150 4040 dicat
3206 3977 3277 4041 in
3319 3978 3735 4042 consciencia

805 4082 873 4137 30
895 4093 1031 4153 sua,
1076 4069 1248 4157 quod
1292 4070 1534 4137 nullam
1572 4073 1896 4159 integram
1938 4072 2202 4139 totalem
2242 4072 2579 4141 lectionem
2595 4123 2614 4156 ,
2665 4075 2986 4160 integrum
3039 4076 3439 4141 exercicium
3479 4088 3597 4141 aut
3636 4098 3731 4141 re·

887 4171 1334 4256 sumpcionem
1375 4170 1708 4236 facultatis
1752 4169 1979 4236 audire
2022 4170 2336 4256 neglexit3
2395 4181 2459 4237 et
2499 4172 2672 4260 quod
2712 4175 2993 4256 tociens,
3047 4176 3355 4260 quociens
3411 4174 3735 4258 debuerit,

894 4267 1225 4335 ordinarie
1275 4279 1412 4333 tam
1462 4270 1797 4355 magistris
1837 4290 2032 4358 quam
2083 4270 2469 4337 baccalariis
2526 4272 2962 4359 responderit,
3012 4276 3138 4340 nisi
3194 4274 3498 4360 specifice
3541 4297 3734 4361 super

886 4368 1012 4434 hoe
1055 4390 1272 4433 secum
1315 4369 1510 4435 fuerit
1553 4368 2029 4455 dispensatum3
2074 4378 2139 4433 et
2178 4369 2353 4456 quod
2393 4370 2745 4457 quemlibet
2791 4374 3208 4458 magistrum,
3262 4396 3305 4439 a
3346 4396 3477 4461 quo
3513 4373 3731 4439 lectio·

883 4490 1031 4532 nem
1083 4466 1185 4531 vel
1228 4469 1608 4533 exercitium
1648 4467 1916 4549 audivit,
1963 4478 2331 4533 contentum
2385 4470 2554 4539 fecit.
2643 4469 2717 4535 Si
2770 4493 2926 4537 vero
2970 4471 3294 4539 defectum
3339 4474 3534 4538 unius
3577 4474 3730 4537 inte-

799 4575 865 4631 35
882 4588 1042 4652 grae
1092 4564 1318 4632 totalis
1361 4565 1675 4649 lectionis,
1721 4566 2054 4649 exercicii,
2090 4570 2559 4655 resumpcionis
2603 4591 2718 4635 seu
2744 4573 3188 4656 responsionis
3208 4570 3586 4637 ordinariae
3623 4571 3728 4636 116·

888 4664 1121 4748 buerit,
1166 4667 1380 4750 signet
1420 4666 1634 4752 ipsum
1690 4667 1758 4731 in
1818 4665 2011 4731 dorso
2073 4666 2373 4733 scedulae
2425 4691 2583 4734 suae
2634 4667 3077 4755 completionis
3135 4693 3281 4735 cum
3335 4693 3542 4737 661186
3595 4692 3718 4737 606

888 4765 1270 4846 6661610618,
1317 4786 1509 4851 (111616
1557 4766 1613 4830 81
1655 4763 1930 4830 facultas
1973 4763 2190 4852 aliquo
2232 4766 2424 4833 modo
2466 4766 2851 4853 legittimam
2907 4778 2973 4833 et
3010 4768 3481 4837 racionabilem
3519 4793 3727 4837 sense·

883 4864 991 4945 rit,
1036 4861 1369 4949 dispenset
1411 4885 1628 4931 secum
1669 4865 1857 4931 iuxta
1900 4863 2191 4931 defectus
2235 4865 2629 4954 qualitatem.

1053 5184 1071 5233 1
1116 5180 1195 5234 Es
1230 5178 1370 5234 fehlt
1402 5179 1491 5233 vel
1526 5196 1746 5234 suonam
1777 5185 2174 5235 conventorum.
2244 5179 2371 5251 vgl.
2408 5180 2553 5237 oben
2588 5181 2643 5237 S·
2678 5186 2759 5249 21,
2797 5187 2863 5240 28
2893 5200 2948 5237 11.
2982 5187 3154 5239 antem
3192 5188 3309 5253 470,
3340 5189 3424 5241 34.

1052 5267 1083 5318 2
1122 5264 1232 5317 Am
1271 5263 1465 5319 Raude
1500 5264 1715 5334 legatur
1745 5270 1996 5333 quartum
2032 5281 2211 5319 novae
2242 5266 2631 5321 ordinationis.
