4038 6358
810 584 932 648 574
1343 524 1358 551 ⁸
1846 582 1947 635 Die
1980 580 2349 648 theologische
2374 580 2629 636 Facultsst.

1783 800 2189 849 COLLEGIUM
2228 797 2673 847 FACULTATIS.

2035 920 2079 970 C
2090 935 2122 969 a
2132 935 2166 983 p
2178 935 2213 969 u
2223 926 2245 969 t
2274 917 2423 967 xm.

973 1029 1223 1094 Recens
1262 1041 1513 1096 creatus
1547 1029 1770 1096 doctor
1801 1031 1992 1097 huius
2037 1031 2293 1099 scholae
2334 1029 2596 1118 publice
2637 1028 2869 1095 docere
2913 1053 2990 1096 ac
3032 1029 3370 1118 disputare
3411 1038 3636 1116 potest,

809 1127 923 1192 sed
966 1130 1033 1192 in
1076 1128 1412 1194 consilium
1455 1140 1521 1194 et
1558 1129 1882 1196 facultatis
1941 1131 2279 1246 collegium
2335 1128 2418 1195 ab
2470 1131 2733 1216 antiquo
2787 1130 2963 1195 intra
3031 1129 3365 1194 biennium
3422 1130 3640 1193 venire

726 1237 759 1291 5
812 1249 941 1292 11011
998 1228 1221 1314 potuit,
1318 1227 1509 1309 Quod
1566 1253 1681 1295 nos
1739 1232 2167 1318 corrigentes,
2220 1231 2524 1295 iussimus
2583 1251 2660 1293 ac
2714 1230 3157 1315 permisimus,
3199 1228 3490 1294 themata
3527 1249 3640 1292 sua

811 1328 977 1392 inter
1002 1328 1510 1414 promovendum
1543 1330 1869 1417 explicata
1913 1329 2171 1418 publice
2211 1332 2278 1393 111
2324 1327 2545 1393 8011010
2587 1328 2920 1415 disputare
2962 1351 3260 1417 quenque
3303 1337 3368 1393 et
3409 1328 3637 1419 postri-

816 1425 920 1491 die
963 1426 1243 1512 quinque
1287 1449 1517 1493 aureos
1571 1429 1987 1496 ioachimicos
2042 1428 2411 1516 persolvere
2467 1427 2875 1543 doctoribus,
2933 1428 3015 1493 de
3071 1448 3199 1515 qua
3256 1436 3477 1493 tamen
3535 1449 3636 1514 pe·

813 1526 1002 1590 cunia
1045 1534 1108 1590 et
1149 1528 1291 1613 ipse
1332 1531 1694 1615 portionem
1738 1531 2048 1616 accipiat3
2104 1550 2182 1593 ac
2223 1538 2360 1592 tum
2402 1530 2680 1615 primum
2727 1529 2811 1593 sit
2850 1551 3018 1597 1111118
3061 1527 3143 1592 de
3185 1525 3480 1615 collegio.
3563 1525 3637 1591 Id

819 1625 991 1713 quod
1020 1635 1238 1691 tamen
1265 1625 1345 1691 de
1383 1627 1491 1692 hic
1533 1631 1766 1695 creatis
1807 1627 2198 1694 intellectum
2241 1625 2559 1708 volumus,
2598 1650 2751 1693 nam
2790 1637 3091 1693 externos
3134 1649 3303 1693 011110
3330 1648 3475 1709 11110
3518 1648 3641 1691 11011

733 1735 796 1790 10
815 1724 1060 1813 placuit
1100 1723 1384 1808 liberari,
1429 1727 1599 1812 quod
1642 1730 1711 1792 in
1755 1729 2035 1813 antiquis
2072 1726 2197 1790 fuit
2237 1724 2749 1812 quadriennium.

1622 1890 1736 1980 [Bl.
1764 1890 1856 1983 5⁸]
1911 1909 2255 1958 IMPENSAE
2299 1909 2833 1960 Pnouononnm.

1265 2103 1278 2115 .
2007 2029 2222 2091 Caput
2264 2028 2436 2080 xlm.

970 2141 1551 2239 Baccalaureatum
1591 2143 1909 2229 petiturus
1952 2141 2318 2229 theologico
2361 2142 2519 2221 fisco
2573 2165 2691 2207 sex
2745 2164 2979 2208 aureos
3027 2142 3096 2207 in
3148 2164 3306 2207 auro
3351 2150 3640 2207 numeret

810 2240 1291 2308 conservandae
1319 2241 1690 2306 academiae
1720 2263 1975 2325 caussa,
2018 2251 2293 2330 quatuor
2335 2264 2566 2307 aureos
2607 2241 2981 2335 doctoribus
3022 2240 3276 2328 collegii
3312 2278 3397 2287 —
3461 2241 3647 2307 decet

730 2354 789 2408 15
808 2343 996 2423 enim,
1041 2341 1577 2426 significationem
1604 2340 1884 2428 aliquam
1912 2341 2331 2427 gratitudinis
2361 2342 2613 2407 ostendi
2641 2364 2800 2428 erga
2828 2365 2958 2426 eos,
3001 2342 3111 2427 qui
3149 2340 3412 2406 labores
3456 2342 3639 2405 susti·

809 2449 963 2506 nent
1002 2439 1416 2505 consiliorum
1433 2489 1450 2523 ,
1494 2440 1996 2529 disputationum
2036 2450 2101 2507 et
2143 2443 2516 2506 examinum
2556 2478 2640 2490 -—
2654 2490 2671 2524 ,
2725 2441 2983 2506 famulis
3026 2438 3305 2528 publicis
3349 2439 3640 2505 similiter

811 2537 1012 2604 solide
1058 2561 1289 2604 aureos
1333 2539 1511 2605 duos.
1582 2540 2046 2605 Licentiandus
2089 2540 2381 2605 similiter
2421 2564 2651 2606 aureos
2695 2543 2978 2628 quinque
3020 2540 3396 2605 doctoribus
3440 2539 3634 2604 facul-

806 2640 960 2704 tatis
1005 2639 1074 2701 in
1119 2660 1277 2703 auro
1319 2648 1631 2722 numeret,
1676 2648 1739 2704 et
1779 2638 1940 2704 alios
1982 2640 2053 2704 in
2092 2662 2249 2705 auro
2296 2640 2474 2706 duos.
2561 2639 2633 2705 Si
2688 2664 2852 2706 unus
2908 2650 3039 2723 est,
3095 2641 3437 2726 pecuniam
3497 2662 3635 2704 eam

812 2760 1154 2804 aureorum
1197 2738 1475 2824 quinque
1517 2737 2063 2825 procancellarius
2115 2749 2315 2807 totam
2358 2738 2644 2826 abripiat
2699 2738 2783 2805 ob
2838 2739 3291 2827 disputationis
3334 2761 3634 2826 operam;

720 2848 788 2905 20
809 2841 864 2903 si
907 2836 1157 2925 plures,
1205 2836 1510 2924 quicquid
1550 2836 1644 2902 illi
1686 2835 2114 2923 dependerint
2129 2888 2147 2922 ‚
2203 2841 2272 2904 in
2330 2838 2613 2925 reliquos
2672 2840 2918 2926 pariter
2962 2837 3291 2903 dividatur
3332 2839 3633 2904 adiuncto

801 2934 1354 3003 vicecancellario.
1459 2936 1668 3001 Detur
1734 2947 2076 3024 praeterea
2151 2958 2491 3003 zaccarum
2555 2941 2862 3025 episcopo
2915 2948 2979 3003 et
3033 2960 3297 3020 aureus,
3356 2938 3634 3024 itemque

805 3058 1036 3102 aureus
1091 3034 1604 3101 vicecancellarii
1659 3035 1901 3102 famulo
1924 3085 1942 3119 ,
2008 3037 2364 3103 adeersitus
2422 3037 2509 3103 ad
2574 3060 2722 3104 eum
2771 3036 3043 3119 scheda,
3086 3045 3158 3101 ut
3213 3047 3314 3102 est
3364 3039 3436 3101 in
3492 3059 3631 3102 con-

809 3133 1164 3203 suetudine.

965 3235 1074 3300 Ad
1113 3235 1391 3322 gradum
1444 3234 1834 3301 doctoralem
1892 3237 2256 3325 pendantur
2303 3236 2674 3303 doctoribus
2718 3236 2940 3303 decem
2981 3247 3046 3303 et
3083 3246 3226 3303 octo
3269 3258 3633 3323 sexagenas

720 3346 787 3404 2⁵
809 3335 1111 3423 antiquae
1137 3356 1180 3400 a
1203 3334 1494 3421 singulis,
1530 3338 1921 3422 promotoris
1965 3348 2179 3404 autem
2220 3339 2579 3472 praemium
2620 3340 2745 3403 erit
2786 3361 2828 3418 a
2867 3336 3136 3424 singulis
3179 3333 3631 3424 promovendis

800 3457 1033 3501 aureus
1084 3433 1507 3520 Hungaricus
1552 3457 1739 3501 unus.

971 3533 1232 3599 Debent
1283 3557 1438 3600 vero
1497 3535 1791 3621 insigniti
1837 3546 1965 3619 ter,
2026 3535 2279 3601 semel
2261 3560 2329 3600 111
2368 3557 2604 3623 11108110
2649 3548 2712 3603 et
2754 3535 3015 3625 publico
3059 3535 3356 3623 prandiO,
3404 3538 3629 3600 iterum

803 3634 1063 3722 vesperi
1090 3634 1177 3699 ad
1205 3655 1490 3717 coenam,
1526 3634 1844 3720 postridie
1876 3658 2129 3702 rursum
2166 3635 2465 3703 doctores
2500 3635 2864 3723 theologiae
2906 3658 3127 3702 omnes
3170 3633 3257 3700 ad
3299 3634 3629 3701 honestum

807 3733 1172 3799 convivium
1216 3734 1511 3797 invitare.

719 3843 788 3900 30
969 3833 1169 3897 Fiant
1220 3853 1473 3919 quoque
1523 3832 1593 3895 in
1651 3855 1836 3898 suum
1891 3832 2115 3899 orbem
2174 3844 2238 3899 et
2305 3834 2597 3899 ordinem
2661 3836 3141 3922 promotionum
3193 3832 3514 3898 conmoda
3570 3842 3632 3897 et

807 3954 1046 4020 operae
1086 3932 1155 3996 in
1199 3929 1468 4017 singulis
1511 3931 1821 4016 gradibus
1864 3935 2033 3998 inter
2074 3933 2245 3999 solos
2288 3933 2370 3999 de
2413 3934 2712 4020 00110810,
2756 3957 2833 3999 00
2886 3933 3189 4021 primarii>
3237 3934 3631 4018 promotoris

808 4032 1059 4118 collega
1100 4033 1169 4095 in
1212 4032 1627 4117 consequenti
1672 4031 2011 4097 doctoratu
2050 4033 2164 4098 fiat
2209 4043 2538 4120 promotor
2580 4036 2739 4120 ipse.

973 4130 1111 4195 Nec
1149 4152 1306 4195 vero
1349 4127 1433 4193 ab
1473 4129 1555 4194 iis
1598 4130 1982 4197 excludendi
2026 4133 2291 4197 veniunt
2335 4132 2560 4215 solum,
2606 4134 2716 4219 qui
2756 4132 3036 4198 nondum
3080 4132 3309 4197 inserti
3347 4139 3499 4195 sunt
3538 4131 3626 4206 fa·

804 4230 1080 4313 cultatis,
1125 4228 1297 4317 quod
1340 4250 1533 4315 saepe
1576 4228 1891 4312 diximus,
1935 4230 2204 4318 collegio
2249 4239 2441 4317 atque
2484 4231 2784 4315 consilio,
2831 4232 2947 4297 sed
2988 4241 3053 4297 et
3092 4231 3159 4313 ii,
3205 4232 3335 4317 qui,
3380 4253 3525 4296 cum
3564 4232 3629 4295 in

719 4340 787 4396 35
810 4328 1052 4417 oppido
1111 4327 1503 4394 consistendi
1554 4328 1763 4394 studio
1804 4351 1933 4395 non
1978 4332 2263 4417 agitant,
2308 4332 2602 4417 irrepunt
2643 4354 2678 4396 e
2722 4333 3084 4418 propinquo
3128 4340 3193 4395 et
3234 4353 3320 4396 ex
3361 4330 3628 4410 insidiis,

802 4428 1105 4495 lucellum
1145 4436 1492 4510 venantes,
1548 4427 1772 4494 relicto
1825 4428 1972 4494 aliis
2028 4427 2251 4496 labore
2306 4439 2498 4518 atque
2552 4432 2900 4498 certamine
2955 4429 3241 4515 legitimo
3257 4480 3277 4513 ,
3338 4438 3626 4495 carentes

805 4530 1287 4614 acturegentiae
1330 4535 1395 4592 et
1434 4530 1840 4613 praesentiae
1880 4529 2155 4595 nomine.
2221 4527 2431 4594 Extra
2471 4528 2838 4595 facultatem
2880 4552 3037 4596 vero
3077 4538 3143 4594 et
3181 4529 3294 4594 alii
3335 4528 3627 4593 doctores

805 4628 1064 4695 labores
1109 4626 1487 4714 disputandi
1531 4637 1596 4692 et
1634 4630 2114 4694 enarrationum
2156 4630 2543 4712 sustineant,
2600 4637 2665 4694 et
2719 4651 3100 4696 consensum
3140 4628 3476 4695 doctrinae
3517 4649 3625 4714 pa-

803 4731 962 4794 riter
1001 4736 1304 4793 tueantur
1346 4749 1494 4792 cum
1534 4725 1828 4814 collegio.

718 4906 787 4963 40
1716 4909 2079 4960 DELEC'I'US
2115 4910 2189 4960 m
2225 4911 2720 4961 anm'rrmmls.

2032 5029 2077 5080 C
2087 5044 2120 5079 a
2129 5045 2163 5095 p
2174 5045 2209 5079 u
2220 5036 2242 5079 t
2272 5030 2388 5082 XV.

972 5145 1044 5212 Si
1085 5168 1238 5211 vere
1297 5145 1708 5209 aestimamus
1731 5191 1749 5225 ,
1807 5141 2019 5209 nullus
2072 5145 2272 5209 totius
2330 5144 2504 5210 vitae
2559 5144 2803 5231 gradus
2859 5146 3128 5211 sustinet
3178 5142 3505 5210 difficilius
3560 5153 3620 5210 et

807 5245 1016 5311 maius
1071 5266 1301 5310 munus
1358 5258 1548 5330 quam
1605 5241 1712 5307 hic
1780 5241 1938 5308 ordo
1952 5291 1973 5326 ,
2026 5242 2129 5308 cui
2190 5243 2671 5310 commendatur
2724 5243 3073 5333 explicatio
3128 5253 3194 5309 et
3250 5242 3617 5310 diiudicatio
