4038 6358
873 645 995 710 448
1861 637 1963 689 Die
2000 638 2436 705 philosophische
2468 640 2724 693 Facultit.

880 846 1022 889 eam
1068 821 1539 910 opposiciones,
1591 819 1788 908 leges,
1842 822 2296 886 conversiones
2338 829 2402 886 et
2441 818 2987 909 aequipollencias
3040 819 3426 907 generaliter
3460 823 3713 904 sciunt3

875 937 940 988 et
981 923 1102 988 hoc
1130 943 1255 1010 quo
1283 920 1368 986 ad
1413 921 2029 1008 periermenias3
2076 919 2192 985 sed
2233 941 2363 1007 quo
2407 918 2493 984 ad
2532 919 2772 985 librum
2813 919 3243 1007 Porphirii
3284 919 3713 986 diffiniciones

875 1024 1156 1110 quinque
1218 1020 1680 1086 universalium
1743 1029 1839 1103 et,
1906 1021 2184 1084 termino
2249 1020 2617 1107 proposito,
2691 1041 2776 1084 an
2838 1018 3206 1084 universale
3272 1019 3712 1107 praedicabile

870 1144 1076 1208 genus
1099 1170 1116 1185 .
1138 1169 1155 1186 .
1177 1122 1230 1185 .¹
1271 1119 1636 1186 differentia
1657 1118 1761 1185 vel
1803 1118 1984 1184 aliud
2022 1117 2483 1184 universalium
2527 1121 2627 1184 sit.
2673 1118 2764 1184 Et
2805 1140 2933 1204 quo
2974 1119 3063 1185 ad
3103 1118 3341 1184 librum
3383 1118 3713 1206 praedi·

789 1231 822 1288 5
876 1228 1463 1303 camentorum,
1514 1229 1670 1307 quot
1712 1229 1778 1284 et
1829 1241 1994 1307 quae
2052 1221 2183 1283 sint
2236 1217 2912 1304 antepraedicamenta
2964 1241 3124 1284 vera
3180 1218 3713 1306 praedicamenta

873 1331 937 1386 et
988 1318 1664 1410 postpraedicamenta
1706 1329 1770 1384 et
1810 1321 1880 1383 in
1921 1339 2049 1406 quo
2092 1317 2619 1404 praedicamento
2666 1319 2750 1382 sit
2788 1319 3102 1383 terminus
3143 1318 3250 1384 vel
3301 1327 3523 1404 natura
3582 1340 3711 1404 per

868 1421 1215 1486 terminum
1267 1418 1632 1505 significata
1685 1428 1751 1483 et
1794 1413 1941 1501 alia,
1999 1440 2165 1505 quae
2205 1417 2574 1482 huiusmodi
2633 1428 2781 1482 sunt
2832 1416 3391 1501 considerationis,
3442 1439 3707 1503 genera-

869 1519 977 1585 lia.
1058 1519 1136 1586 In
1176 1540 1387 1584 nova
1428 1517 1668 1605 loyca
1710 1527 2147 1605 competenter
2189 1519 2359 1582 scire
2398 1515 2654 1600 debent,
2708 1517 2866 1602 quid
2909 1515 3323 1603 sillogismus,
3383 1515 3528 1604 quid
3566 1538 3709 1581 mo·

871 1617 1014 1704 dus,
1069 1617 1224 1706 quid
1280 1617 1491 1704 figura
1546 1627 1675 1701 est3
1736 1627 1802 1683 et
1853 1617 2137 1683 formare
2183 1617 2252 1681 in
2294 1617 2468 1681 omni
2514 1615 2724 1702 figura
2778 1626 2843 1681 et
2895 1616 3106 1683 modis
3163 1614 3574 1702 sillogismos3
3643 1624 3709 1679 et

794 1728 858 1783 10
879 1717 1035 1806 quid
1078 1714 1204 1805 [91’]
1247 1718 1543 1783 induccio
1587 1717 1867 1783 enthime
1913 1725 1978 1782 et
2006 1767 2021 1781 .
2050 1767 2065 1782 .
2093 1718 2144 1782 ,²
2187 1726 2250 1781 et
2287 1716 2355 1781 in
2394 1718 2488 1782 eis
2525 1716 2809 1782 formare
2851 1724 3009 1805 apta
3047 1715 3368 1805 exempla.
3422 1715 3497 1781 In
3530 1713 3705 1803 phi·

875 1820 1045 1883 sica
1083 1817 1320 1884 sufficit
1359 1816 1852 1904 generalissima
1891 1816 2202 1903 cognicio.

1362 2006 1458 2067 10.
1500 2016 1681 2077 Quos
1723 2015 2081 2067 FACULTAS
2123 2017 2444 2066 REPU‘rA‘r
2486 2015 2745 2065 menos
2788 2014 3229 2067 mfflsrssmo,

1038 2149 1320 2237 Reputat
1379 2146 1655 2213 facultas
1719 2150 1966 2216 arcium
2030 2148 2262 2235 dignos
2324 2150 2729 2236 magisterio,
2808 2149 2917 2238 qui
2984 2170 3054 2213 se
3115 2147 3283 2213 bene
3346 2146 3578 2212 habent
3639 2148 3704 2210 in

871 2260 1090 2315 vetere
1131 2258 1290 2332 arte,
1345 2250 1414 2311 in
1455 2269 1628 2311 nova
1670 2245 1902 2333 logica,
1954 2234 2024 2313 in
2065 2248 2489 2338 philozophia
2528 2247 2829 2331 naturali,
2883 2249 2951 2312 in
2995 2247 3428 2334 metapbisica
3466 2255 3527 2311 et
3565 2244 3705 2333 phi·

794 2360 856 2417 15
875 2347 1170 2437 losophia
1224 2347 1456 2412 morali
1514 2356 1981 2434 competenter3
2048 2357 2112 2412 et
2174 2371 2305 2416 non
2366 2357 2553 2414 curat
2612 2350 2683 2412 in
2742 2370 2819 2413 ea
2878 2356 3067 2434 parte
3127 2348 3449 2412 mitiorem
3502 2345 3704 2409 facere

876 2448 1410 2531 declaracionem,
1471 2448 1625 2535 quia
1665 2445 1876 2511 nullus
1929 2447 1998 2510 in
2054 2446 2303 2512 artibus
2346 2445 2647 2512 alciorem
2693 2446 2972 2532 gradum
3011 2447 3388 2533 magisterio
3426 2445 3705 2510 nancisci

873 2559 1104 2637 potest.
1187 2547 1478 2634 Dignum
1537 2554 1750 2631 putat,
1809 2568 2253 2634 quemcunque
2305 2548 2375 2611 in
2425 2548 2807 2633 magistrum
2846 2568 2978 2611 non
3026 2546 3294 2633 indigne
3352 2544 3705 2633 promoveri

873 2648 1193 2714 volentem
1235 2648 1347 2731 ita,
1390 2654 1462 2710 ut
1501 2646 1954 2732 praemittitur,
1998 2668 2125 2732 quo
2169 2644 2256 2710 ad
2299 2648 2614 2711 sciencias
2658 2644 3095 2733 qualificatum
3135 2646 3277 2711 fore
3318 2644 3570 2710 debere.

1163 2837 1260 2898 11.
1314 2848 1409 2895 DE
1457 2845 1767 2895 SECRETO
1813 2845 2078 2895 IUDICIO
2123 2848 2214 2894 ΕΤ
2253 2846 2453 2895 MODO
2497 2845 2938 2894 ADMITTENDI
2977 2844 3424 2896 ExAmA'ros

794 2939 861 2997 20
1978 2946 2614 2995 BACCALABIANDOS.

1040 3079 1542 3146 Examinatores
1584 3086 1648 3144 et
1687 3079 1969 3144 decanus
2010 3079 2357 3145 admittunt
2415 3080 2819 3144 examinatos
2874 3099 2993 3166 pro
3051 3077 3266 3164 gradu
3316 3075 3702 3144 baccalaria-

873 3193 976 3248 tus
1017 3179 1366 3248 secundum
1406 3179 1894 3267 infrascriptum
1935 3179 2219 3264 modum,
2266 3181 2627 3269 praemissa
2665 3179 2846 3267 prius
2888 3179 3178 3266 generali
3219 3178 3703 3245 interlocucione

877 3282 959 3348 de
1011 3279 1447 3368 qualitatibus,
1502 3280 2011 3345 circumstanciis
2068 3290 2135 3345 et
2193 3278 2688 3363 conditionibus,
2740 3290 2873 3345 tam
2933 3302 3057 3365 quo
3115 3279 3203 3345 ad
3255 3302 3474 3347 mores
3529 3299 3703 3366 quam

877 3405 1004 3472 quo
1045 3381 1131 3447 ad
1187 3382 1502 3447 scienciae
1546 3401 1975 3467 personarum
2018 3389 2083 3445 et
2120 3380 2295 3444 vitae
2348 3382 2667 3445 meritum.
2749 3378 3042 3460 Quilibet
3092 3381 3609 3446 examinatorum
3643 3379 3704 3442 in

795 3492 862 3550 25
880 3504 1077 3548 manu
1128 3479 1367 3546 habeat
1418 3481 1567 3567 pisa
1621 3487 1686 3544 et
1736 3477 2016 3565 lapillos,
2077 3488 2523 3566 ponanturque
2580 3479 2812 3547 mitrae
2864 3478 3456 3566 promovendorum
3504 3500 3705 3544 secun·

878 3583 1032 3648 dum
1085 3580 1373 3646 ordinem
1418 3582 1729 3665 ipsorum,
1785 3577 2044 3643 traditis
2097 3588 2314 3643 tamen
2366 3579 2548 3663 prius
2598 3579 2667 3644 in
2724 3580 3048 3666 principio
3093 3581 3414 3645 examinis
3461 3577 3707 3643 cuilibet

879 3682 1397 3747 examinatorum
1458 3676 1825 3744 nominibus
1886 3675 2283 3767 singulorum
2341 3676 2916 3744 examinandorum
2974 3700 3093 3766 per
3151 3677 3473 3744 decanum
3524 3672 3704 3743 facul-

878 3783 1048 3846 tatis.
1128 3778 1236 3843 Ad
1292 3800 1452 3866 quas
1507 3776 1791 3843 decanus
1848 3786 1912 3841 et
1961 3781 2438 3842 examinatores
2491 3778 2678 3842 iuxta
2721 3776 3015 3845 ordinem
3069 3777 3407 3864 dignitatis
3451 3788 3521 3843 et
3560 3777 3707 3844 senii

879 3879 1275 3960 transibunt,
1335 3886 1400 3942 et
1439 3875 1664 3942 volens
1719 3874 1998 3962 aliquem
2055 3875 2395 3941 admittere
2449 3884 2653 3967 ponat
2703 3878 2842 3943 sine
2900 3876 3048 3943 dolo
3105 3887 3168 3941 et
3217 3876 3451 3943 fraude
3510 3880 3707 3966 pisum

797 3992 866 4050 30
886 3980 970 4047 ad
1010 3980 1270 4044 mitram
1313 3977 1538 4064 ipsius,
1587 3975 1809 4042 volens
1853 3984 2065 4040 autem
2121 3977 2367 4040 reicere
2415 3974 2643 4041 eodem
2686 3976 2879 4042 modo
2919 3976 3232 4065 lapillum.
3319 3976 3473 4059 Qua
3516 3981 3706 4064 imlio·

882 4081 1112 4146 sitione
1157 4100 1274 4164 pro
1330 4075 1627 4142 omnibus
1671 4098 1873 4163 usque
1924 4073 2011 4140 ad
2066 4076 2257 4141 finem
2301 4074 2640 4163 completa,
2691 4076 2807 4141 fiat
2848 4078 3229 4142 scrutinium
3271 4081 3612 4144 mitrarum
3650 4079 3709 4142 in

880 4178 1262 4269 praesencia
1317 4176 1547 4241 decani
1599 4185 1662 4240 et
1714 4185 2078 4240 ceterorum
2137 4176 2666 4259 examinatorum,
2720 4175 3085 4241 inchoando
3140 4198 3183 4241 a
3224 4179 3436 4263 primo
3482 4180 3709 4245 exami-

879 4288 1031 4345 nato
1071 4298 1274 4365 usque
1317 4274 1403 4341 ad
1442 4274 1755 4340 ultimum.
1834 4273 1923 4340 Et
1979 4276 2037 4340 si
2085 4276 2214 4341 tria
2269 4276 2416 4360 pisa
2471 4275 2539 4339 in
2591 4275 2786 4340 mitra
2838 4275 3109 4341 alicuius
3161 4277 3591 4363 promovendi
3636 4275 3709 4342 ad

878 4381 1093 4444 minus
1159 4378 1423 4440 inventa
1482 4374 1751 4455 fuerint,
1815 4376 1900 4439 sit
1959 4375 2310 4457 admissus;
2373 4375 2428 4438 si
2489 4381 2701 4438 autem
2756 4382 2886 4439 tres
2951 4373 3159 4462 lapilli
3211 4375 3297 4440 ad
3359 4378 3576 4442 minus
3626 4376 3710 4444 ibi

797 4490 865 4548 35
883 4477 1128 4566 reperti
1182 4476 1449 4559 fuerint,
1504 4475 1589 4540 sit
1638 4475 1914 4539 reiectus
1968 4473 2214 4560 absque
2271 4464 2490 4560 aliqua
2542 4473 2833 4539 ulteriori
2886 4473 3278 4541 inductione.
3362 4474 3452 4541 Et
3508 4476 3708 4544 nullus

883 4578 1343 4664 magistrorum
1403 4573 1523 4639 sub
1585 4596 1704 4663 sua
1762 4575 2174 4656 conscientia,
2232 4572 2386 4660 quid
2444 4574 2850 4660 imposuerit,
2912 4573 3104 4641 debet
3159 4574 3355 4640 alicui
3410 4576 3709 4660 revelare,

879 4680 1066 4744 iuxta
1113 4698 1296 4740 suum
1348 4675 1779 4739 iuramentum
1829 4683 2121 4759 tempore
2173 4672 2499 4738 electionis
2559 4695 2713 4738 suae
2762 4673 2833 4739 in
2887 4675 3394 4742 examinatorem
3450 4679 3709 4764 praesti·

880 4787 1039 4843 tum.
1123 4772 1212 4840 Et
1266 4771 1633 4840 huiusmodi
1694 4783 2011 4838 secretum
2061 4771 2371 4837 iudicium
2421 4771 2613 4838 modo
2667 4774 3026 4860 praemisso
3080 4773 3460 4843 observetur
3514 4779 3709 4842 eciam
3780 4780 3785 4787 ’

882 4879 942 4943 si
980 4898 1200 4943 omnes
1227 4874 1508 4962 quinque
1537 4873 2013 4957 examinatores
2054 4894 2138 4937 ex
2176 4892 2376 4937 causa
2417 4871 2801 4939 racionabili
2837 4894 2958 4961 pro
3002 4873 3292 4960 generali
3331 4874 3710 4943 admissione

801 4986 870 5044 40
885 4974 1185 5042 facienda
1223 4972 1516 5040 inclinati
1552 4972 1779 5040 forent.

1048 5231 1083 5365 12
1111 5224 1438 5382 {agorn
1471 5223 1573 5278 das
1608 5221 1700 5279 ich
1733 5222 1890 5279 nicht
1922 5240 1994 5278 zu
2030 5223 2316 5281 entziffern
2350 5240 2592 5297 vex-mag,
2623 5224 2980 5297 geschrieben
3000 5233 3122 5299 sse,
3160 5228 3260 5285 wie
3290 5247 3353 5285 es
3387 5229 3613 5286 scheint.

1321 5311 1445 5365 iirzt
1480 5314 1614 5364 σπῆι.
