4038 6358
777 467 898 531 344
1730 465 1833 516 Die
1868 464 2306 530 philosophischc
2340 464 2597 516 Facultit.

781 649 1052 736 propria
1109 654 1173 710 et
1240 668 1370 713 non
1432 646 1638 713 altera
1699 648 1769 711 in
1824 648 2307 734 promotorem.¹
2393 645 2483 711 Et
2543 647 2739 711 istum
2795 645 3071 712 facultas
3136 645 3384 712 arcium
3434 657 3610 713 vocat

782 759 936 814 actu
976 755 1327 833 regentem,
1386 748 1499 835 qui
1551 770 1738 812 suum
1791 746 1950 834 legit
1993 747 2393 814 ordinarium
2474 754 2539 811 et
2578 746 2851 833 incepit,
2909 748 2966 811 si
3008 767 3322 834 praesens
3363 744 3501 828 fuit,
3547 748 3611 813 in

715 902 721 908 .
778 849 1014 937 hyeme
1058 856 1209 912 ante
1249 847 1483 912 festum
1529 849 1812 913 omnium
1867 857 2256 929 sanctorum,
2310 846 2367 910 si
2419 867 2576 912 vero
2618 845 2873 929 absens,
2931 855 3083 911 ante
3122 846 3359 911 festum
3397 847 3607 912 nativi-

776 950 929 1013 tatis
991 945 1270 1030 Christi3
1332 947 1401 1011 in
1454 958 1700 1016 aestate
1755 957 1972 1012 autem
2037 955 2185 1011 ante
2235 945 2472 1010 festum
2530 947 2738 1010 sancti
2791 945 3101 1012 Iohannis
3166 953 3318 1010 ante
3373 955 3610 1034 portam

693 1060 726 1115 5
777 1049 1046 1114 latinam
1112 1051 1199 1124 (d.
1242 1052 1298 1112 6.
1343 1051 1510 1125 Μαι)
1525 1096 1544 1129 ,
1609 1048 1668 1112 si
1726 1048 1921 1112 fuerit
1984 1066 2294 1132 praesens
2308 1093 2327 1126 ‚
2392 1044 2629 1110 absens
2690 1068 2847 1110 vero
2911 1058 3062 1109 ante
3125 1044 3362 1109 festum
3421 1046 3612 1109 sancti

776 1146 1086 1214 Iohannis
1127 1144 1453 1232 baptistae
1498 1147 1622 1227 (24.
1664 1149 1865 1229 Jum'),
1922 1154 1986 1210 et
2028 1143 2286 1231 publice
2340 1144 2408 1208 in
2469 1142 2661 1210 scolis
2711 1142 2985 1216 eundem
3026 1143 3429 1211 continuavit
3466 1144 3612 1220 (nisi

780 1247 1025 1312 decano
1069 1246 1427 1310 constiterit
1465 1244 1639 1331 quod
1680 1245 2016 1310 lectorium
2056 1242 2300 1308 habere
2345 1265 2475 1307 non
2518 1245 2777 1329 potuit),
2821 1253 2887 1309 et
2925 1245 2994 1309 in
3029 1242 3266 1330 ‚ordine
3310 1263 3422 1307 suo
3457 1241 3614 1307 ordi-

776 1347 958 1411 narie
1002 1343 1380 1431 disputavit,
1424 1354 1490 1410 et
1527 1347 1598 1410 in
1638 1343 2011 1430 quotlibeto,
2065 1344 2121 1407 si
2161 1343 2373 1423 fuerit,
2429 1341 2883 1429 respondebat,
2923 1353 2995 1408 ut
3031 1341 3195 1407 haec
3235 1342 3306 1406 in
3352 1340 3614 1406 secundo

779 1454 1020 1511 statuto
1065 1444 1148 1510 de
1185 1444 1496 1509 electione
1535 1444 1765 1510 decani
1809 1453 1957 1508 sunt
2004 1462 2340 1529 expressa.

701 1756 765 1811 10
1778 1750 1880 1813 88.
1948 1763 2112 1811 Vom
2163 1762 2375 1812 Jahn-‘e
2428 1759 2630 1813 146:ss

1718 1885 1765 1943 1.
1812 1863 1934 1964 [Bl.
1971 1884 2054 1945 64
2070 1873 2122 1964 ⁸]
2168 1894 2262 1941 DE
2307 1891 2694 1941 MAGIS-rma

949 2009 1138 2075 Anno
1184 2010 1428 2075 domini
1476 2017 1631 2079 1463
1685 2012 1997 2077 vicesima
2050 2009 2334 2075 secunda
2390 2008 2494 2073 die
2547 2010 2789 2074 mensis
2841 2007 3091 2098 Aprilis
3133 2005 3219 2096 (d.
3261 2015 3364 2077 22.
3406 2007 3624 2097 April),

783 2111 958 2177 facta
1015 2108 1207 2196 plena
1258 2110 1731 2176 convocacione
1786 2112 2242 2196 magistrorum
2293 2107 2374 2173 de
2427 2107 2696 2173 consilio
2750 2108 3100 2191 facultatiS,
3155 2118 3468 2174 statutum
3515 2107 3631 2172 fuit

784 2233 903 2298 per
946 2209 1345 2292 facultatem,
1386 2218 1459 2274 ut
1498 2209 1702 2278 honor
1746 2219 1811 2274 et
1852 2209 2048 2275 decor
2094 2210 2553 2295 magistrorum
2597 2209 2806 2294 magis
2849 2207 3181 2273 habundet
3223 2215 3287 2271 et
3327 2217 3632 2293 augeatur

708 2321 768 2376 15
788 2319 853 2375 et
890 2309 1283 2391 inhonestas,
1332 2330 1498 2395 quae
1536 2309 1805 2374 nimium
1846 2309 2133 2391 inolevit,
2179 2330 2347 2373 novo
2397 2305 2732 2372 anthidoto
2777 2305 3158 2394 depellatur,
3200 2305 3377 2394 quod
3419 2329 3634 2372 omnes

792 2419 857 2475 et
900 2408 1138 2494 singuli
1176 2409 1473 2494 magistri
1532 2409 1782 2476 arcium
1837 2407 2138 2473 decenter
2193 2406 2514 2472 habituati
2568 2407 2875 2471 incedant
2927 2405 3163 2472 calceis
3215 2428 3346 2471 non
3401 2414 3636 2470 rostra·

785 2511 888 2592 tis,
941 2507 1157 2596 palliis
1203 2517 1313 2572 aut
1352 2507 1587 2572 tunicis
1629 2530 1758 2573 non
1799 2508 2171 2591 accurtatis,
2214 2530 2332 2572 nec
2375 2507 2647 2574 manicis
2683 2507 2933 2571 strictis
2974 2527 3178 2595 usque
3221 2504 3308 2570 ad
3352 2503 3634 2570 cubitum

789 2608 1194 2694 semiapertis
1238 2616 1349 2671 aut
1400 2605 1680 2671 colleriis
1724 2606 2118 2690 cancellatis,
2172 2629 2293 2672 nec
2350 2605 2566 2672 scubis
2613 2607 2687 2671 ‘in
2744 2618 2932 2693 parte
2991 2607 3314 2670 anteriore
3371 2606 3633 2692 apertis,

790 2707 906 2774 sed
947 2705 1207 2772 nodatis
1251 2729 1367 2771 seu
1410 2705 1645 2770 clausis
1689 2728 1832 2770 cum
1875 2708 2061 2771 uncis
2105 2715 2217 2771 aut
2263 2706 2408 2771 aliis
2450 2707 2787 2788 iuncturis,
2846 2714 2958 2770 aut
3000 2704 3165 2770 alias
3205 2715 3422 2769 vestes
3461 2703 3634 2769 inde—

703 2817 772 2873 20
792 2817 1007 2873 centes
1055 2805 1316 2893 publice
1359 2804 1670 2887 deferant,
1715 2806 1782 2868 in
1826 2804 2059 2893 quibus
2102 2804 2497 2893 magistralis
2540 2827 2670 2871 non
2711 2803 3272 2870 recommendatur
3317 2803 3632 2890 dignitas;

792 2916 855 2971 et
904 2907 960 2970 si
1004 2907 1117 2992 qui
1160 2927 1343 2969 secus
1385 2904 1658 2969 fecerint
1698 2915 1761 2969 et
1815 2927 2009 2991 super
2063 2905 2186 2972 hoc
2240 2928 2281 2970 a
2338 2905 2582 2970 decano
2638 2906 2933 2992 requisiti
2989 2928 3058 2969 se
3111 2903 3461 2969 emendare
3511 2924 3631 2967 non

790 3006 1191 3086 curaverint,
1253 3002 1336 3068 ab
1398 3002 1697 3069 omnibus
1764 3003 2016 3069 actibus
2083 3004 2440 3069 scolasticis
2505 3014 2570 3069 et
2631 3004 3056 3070 emolimentis
3119 3002 3450 3068 facultatis
3514 3002 3632 3065 sint

793 3109 1111 3192 suspensi,
1167 3102 1372 3168 donec
1412 3102 1705 3203 facultati
1756 3102 2162 3170 reconciliati
2221 3104 2460 3169 fuerint
2517 3112 2581 3169 et
2633 3126 2775 3169 cum
2830 3104 3061 3168 effectu
3111 3102 3193 3167 de
3249 3102 3368 3167 tali
3422 3100 3628 3167 inobe-

789 3204 1045 3270 diencia
1082 3214 1149 3269 et
1186 3205 1705 3288 transgressione
1749 3204 1976 3268 statuti
2022 3204 2467 3269 satisfecerint.

706 3381 773 3436 25
1442 3401 1448 3406 ·
1880 3374 1938 3436 2.
1977 3388 2073 3434 DE
2117 3384 2534 3437 SUPPOSITIS.

960 3502 1151 3568 Anno
1197 3525 1321 3588 quo
1366 3525 1566 3589 supra
1624 3503 1691 3567 in
1734 3501 2017 3589 profesto
2063 3502 2273 3566 sancti
2317 3500 2587 3588 Georgii
2639 3508 2959 3583 (ebensalls
3007 3509 3162 3572 1463
3204 3509 3259 3566 d.
3303 3507 3401 3568 22.
3436 3505 3631 3582 April)

799 3612 1109 3670 statutum
1165 3602 1285 3666 fuit
1338 3624 1455 3687 per
1499 3601 1889 3683 facultatem,
1942 3608 2015 3664 ut
2069 3600 2366 3666 dissoluti
2415 3624 2629 3667 mores
2684 3603 3084 3689 quorundam
3141 3603 3629 3689 suppositorum,

795 3705 905 3792 qui
944 3702 1215 3766 nimium
1254 3700 1684 3783 invaluerunt,
1727 3700 2164 3765 dissolvantur
2208 3712 2271 3765 et
2312 3700 2737 3788 expellantur,
2781 3702 2955 3789 quod
2996 3701 3209 3767 nullus
3249 3699 3629 3766 baccalario·

801 3825 946 3867 rum
988 3822 1108 3865 nec
1149 3799 1411 3885 aliquod
1456 3801 1861 3886 suppositum
1900 3798 2229 3864 facultatis
2287 3803 2534 3865 arcium
2578 3794 2873 3866 decetero
2931 3824 3078 3867 cum
3133 3802 3471 3866 rostratis³
3514 3801 3628 3867 cal-

711 3912 780 3969 30
800 3903 950 3982 οθὶε,
1008 3899 1263 3964 coleriis
1306 3898 1697 3982 cancellatiS,
1752 3901 2026 3964 manicis
2080 3898 2353 3985 depictis
2415 3922 2528 3964 seu
2581 3899 2896 3965 florizatis
2952 3910 3063 3966 aut
3117 3902 3380 3984 strictis,
3437 3922 3627 3987 usque

797 4001 883 4067 ad
937 3999 1219 4065 cubitum
1272 3999 1698 4086 semiapertis,
1752 4007 1864 4067 aut
1919 3997 2066 4062 aliis
2120 3997 2411 4065 vestibus
2468 3998 2916 4064 indecentibus
2973 3999 3251 4066 incedat.
3328 3999 3522 4081 Quod
3579 4001 3627 4065 si

799 4102 944 4189 quis
988 4100 1383 4163 contrarium
1422 4099 1648 4163 fecerit
1688 4104 1803 4162 aut
1840 4097 2057 4161 facere
2098 4099 2630 4185 praesumpserit,
2675 4098 2945 4187 quilibet
2983 4084 3446 4187 magistrorum
3485 4108 3626 4165 tem-

799 4221 976 4287 pore,
1041 4219 1167 4284 quo
1231 4197 1378 4262 talis
1440 4197 1526 4262 ad
1587 4196 1867 4284 aliquem
1932 4196 2212 4283 gradum
2277 4197 2755 4263 baccalariatus
2815 4199 2921 4264 vel
2980 4201 3341 4286 magisterii
3397 4200 3627 4264 intrare

796 4297 1100 4377 voluerit,
1161 4306 1375 4383 potest
1415 4295 1611 4361 talem
1656 4295 2048 4361 denunciare
2098 4305 2160 4361 et
2211 4298 2530 4384 impedire
2581 4296 2844 4363 realiter
2898 4321 3046 4364 cum
3093 4300 3345 4380 effectu,
3403 4310 3468 4365 et
3512 4299 3626 4365 nisi

713 4408 780 4465 35
802 4420 871 4463 se
924 4395 1490 4478 commendaverit,
1544 4397 1635 4460 ita
1686 4394 1858 4480 quod
1909 4397 2149 4461 vestitu
2201 4396 2473 4481 decenti,
2528 4390 2666 4463 vita
2717 4407 2782 4462 et
2830 4398 3118 4465 moribus
3174 4400 3417 4465 existat
3473 4421 3626 4464 com-

795 4492 1219 4577 mendandus,
1259 4493 1345 4559 ad
1389 4517 1665 4560 examen
1700 4517 1829 4561 non
1869 4495 2268 4561 admittatur.

954 4800 979 4850 1
1016 4793 1126 4850 Am
1157 4793 1355 4849 Rande
1385 4811 1496 4851 von
1529 4797 1776 4865 spaterer
1806 4794 2002 4850 Hand:
2070 4795 2205 4850 Item
2246 4796 2314 4849 id
2356 4803 2615 4851 statutum
2653 4816 2761 4868 quo
2801 4800 2883 4852 ad
2913 4799 3164 4854 doctores
3195 4816 3513 4869 εαεροωωη
3550 4806 3628 4867 αἱ,

797 4897 962 4951 usque
1008 4897 1114 4950 quo
1149 4877 1409 4948 facultas
1451 4878 1628 4933 aliam
1666 4879 2044 4949 provisionem
2080 4881 2307 4950 fecerit,
2350 4881 2606 4936 videlicet
2651 4882 2712 4936 in
2754 4884 3026 4938 decanatu
3072 4884 3330 4953 maai-stri
3380 4884 3629 4939 Iohannis

802 4964 1172 5035 Konqisebery
1209 4960 1443 5034 (146612).

955 5053 987 5103 2
1022 5047 1147 5104 Von
1180 5047 1412 5101 andei-er
1444 5045 1626 5101 Hand.

957 5136 990 5186 3
1023 5129 1397 5189 Geschrieben
1431 5129 1506 5185 ist
1541 5130 1812 5185 rma-atie.
