4038 6358
1160 598 1339 648 Vierte
1375 595 1902 657 Statntenredaction,
1936 611 2047 648 von
2085 580 2450 649 usa—1522.
3127 596 3246 657 477

397 821 511 883 16.
552 831 650 879 nn
692 828 974 877 AETATE
1015 830 1108 878 ΕΤ
1153 829 1457 878 mosmos
1496 827 2160 894 mels'rnfflnomm,
2205 808 2414 898 quod
2457 811 2719 876 eciam
2760 811 2842 876 in
2887 808 3256 874 examine

615 933 930 978 morum
981 935 1153 978 cum
1207 921 1558 1000 quatuor
1603 909 2129 997 sequentibus
2171 911 2527 975 statutis
2568 907 2741 994 legi
2786 908 3042 974 debet.

1621 1045 1745 1109 vgl.
1784 1047 1937 1113 xm,
1972 1046 2053 1098 20.

577 1163 699 1253 [Bl.
747 1169 827 1230 25
841 1159 895 1250 ¹²]
947 1163 1111 1228 Item
1165 1160 1375 1226 nullus
1421 1160 1798 1225 admittatur
1851 1160 1938 1225 ad
1990 1169 2389 1247 temptamen
2444 1182 2563 1247 pro
2619 1157 2830 1245 gradu
2881 1159 3256 1245 magisterii,

394 1268 538 1333 nisi
594 1264 881 1349 attigerit
930 1284 1166 1328 annum
1209 1262 1587 1328 vicesimum
1647 1261 1925 1347 primum
1980 1271 2044 1325 et
2097 1259 2178 1324 de
2231 1259 2545 1345 legittimo
2602 1260 3007 1325 matrimonio
3061 1267 3251 1323 natus
3305 1267 3338 1320 5

399 1369 499 1433 sit
541 1375 606 1431 et
648 1362 810 1428 alias
853 1359 1142 1426 moribus
1185 1358 1718 1425 commendabilis
1760 1361 2031 1443 existat,
2093 1361 2187 1424 sic
2232 1358 2405 1445 quod
2445 1360 2514 1423 in
2557 1357 2730 1424 nullo
2772 1381 3044 1423 excessu
3082 1365 3259 1422 nota-

400 1466 530 1533 bili
585 1473 649 1529 et
698 1462 954 1528 notorio
999 1459 1435 1547 deprehensus
1491 1458 1705 1523 fuerit.
1785 1458 1979 1539 Quod
2036 1458 2118 1523 de
2177 1457 2464 1545 quolibet
2517 1480 2824 1540 seorsum,
2884 1456 3127 1523 scilicet
3180 1454 3261 1519 de

404 1575 627 1644 aetate
683 1572 746 1627 et
793 1560 1246 1647 legittimitate,
1308 1567 1455 1623 ante
1510 1557 1971 1623 admissionem
2025 1557 2109 1622 ad
2149 1567 2541 1644 temptamen
2594 1581 2713 1645 per
2765 1557 3079 1622 decanum
3122 1554 3261 1621 dili-

405 1675 642 1753 genter
683 1662 1066 1746 inquiratur.
1152 1657 1331 1739 Quos
1383 1659 1588 1723 eciam
1632 1666 1695 1721 et
1740 1656 2091 1743 quemlibet
2126 1660 2192 1722 in
2241 1657 2476 1745 aliquo,
2531 1667 2602 1723 ut
2646 1658 3100 1745 praemittitur,
3155 1677 3264 1719 ex-

408 1786 606 1830 cessu
662 1757 966 1827 notabili·
994 1762 1245 1823 notorio
1301 1755 1690 1844 culpabilem
1747 1758 2206 1842 magistrorum
2256 1756 2527 1843 quilibet
2580 1760 2788 1823 sciens
2847 1757 3263 1823 denunctiare
3285 1762 3347 1818 10

418 1874 492 1929 et
529 1859 851 1949 impedire
894 1867 1109 1945 potest
1149 1867 1224 1952 et⁸
1250 1866 1537 1940 tenetur3
1592 1878 1713 1920 nec
1758 1858 1963 1920 eciam
2007 1854 2158 1921 talis
2199 1858 2268 1921 in
2312 1866 2638 1944 posterum
2686 1855 3085 1940 admittatur,
3137 1856 3267 1920 nisi

413 1962 587 2029 adeo
641 1956 1055 2025 laudabiliter
1108 1965 1173 2021 et
1228 1957 1513 2023 virtuose
1567 1978 1635 2021 se
1692 1957 1966 2038 rexerit,
2028 1955 2201 2043 quod
2258 1977 2341 2020 ex
2397 1965 2729 2022 transacta
2779 1958 3073 2022 virtuosa
3129 1957 3265 2020 eius

413 2066 560 2130 vita
623 2061 704 2125 de
772 2057 1186 2143 subsequenti
1248 2056 1386 2120 eius
1443 2057 1946 2120 conversacione
2007 2051 2323 2120 laudabili
2378 2065 2846 2143 praesumatur.
2927 2056 3018 2121 Et
3072 2054 3268 2120 talem

417 2182 762 2228 excessum
803 2155 1079 2222 facultas
1123 2157 1368 2221 arcium
1410 2163 1672 2241 reputat
1708 2153 2062 2219 notabilem
2102 2164 2165 2218 et
2207 2156 2545 2238 notorium,
2602 2155 2682 2220 de
2736 2177 2863 2242 quo
2905 2177 3023 2242 per
3065 2164 3268 2221 recto·

416 2285 564 2328 rem
621 2269 685 2325 et
741 2277 1104 2322 assessores
1162 2256 1300 2319 eius
1363 2255 1802 2318 incarceratus
1862 2254 2086 2335 fuerit,
2146 2253 2250 2318 vel
2317 2257 2373 2318 si
2430 2253 2729 2341 publicus
2788 2255 3266 2319 meretricarius
3290 2259 3352 2316 15

418 2361 647 2442 fuerit,
702 2356 950 2423 scilicet
994 2353 1168 2442 quod
1209 2356 1276 2418 in
1328 2352 1518 2419 domo
1562 2352 1982 2418 habitationis
2028 2373 2182 2417 suae
2222 2352 2554 2419 mulierem
2600 2363 2968 2441 suspectam
3007 2351 3270 2440 publice

418 2460 705 2526 tenuerit
747 2454 853 2520 vel
894 2454 980 2520 ad
1025 2452 1372 2519 comodum
1414 2452 1655 2517 bursae
1695 2473 1852 2516 suae
1891 2451 2087 2516 talem
2124 2453 2574 2537 introduxerit,
2620 2454 2725 2519 vel
2763 2452 2894 2518 alia
2935 2452 3126 2520 domo
3165 2449 3272 2517 vel

425 2554 818 2626 domuncula
882 2552 986 2618 vel
1043 2551 1310 2619 comodo
1365 2551 1688 2617 meretrici
1756 2551 2059 2638 publicae
2112 2550 2218 2616 vel
2286 2552 2736 2618 meretricibus
2794 2552 3072 2640 publicis
3124 2573 3269 2617 con-

422 2665 726 2740 versatus
767 2654 990 2736 fuerit,
1045 2652 1148 2717 vel
1192 2650 1405 2717 locum
1451 2659 1842 2737 suspectum,
1895 2649 2202 2716 videlicet
2257 2652 2709 2738 prostibulum,
2763 2652 3131 2718 visitaverit
3165 2651 3272 2716 vel

427 2760 502 2822 in
540 2751 989 2822 collationibus
1032 2759 1144 2816 aut
1184 2749 1499 2837 prandiis,
1552 2749 1664 2815 ubi
1705 2748 1900 2814 talem
1944 2750 2048 2815 vel
2084 2749 2250 2816 tales
2286 2773 2428 2816 esse
2471 2753 2763 2834 sciverit,
2812 2752 3035 2835 fuerit,
3081 2741 3151 2816 'et
3190 2749 3272 2815 de
3289 2758 3358 2814 20
3442 2771 3447 2776 ·

431 2857 559 2923 hoc
598 2855 929 2921 convictus
973 2849 1079 2916 vel
1099 2839 1449 2916 ,’confessus
1491 2849 1596 2914 vel
1647 2872 1764 2936 per
1807 2860 2260 2916 conventorem
2304 2861 2568 2936 propter
2609 2851 2781 2916 hunc
2823 2860 2885 2915 et
2929 2847 3277 2938 quemlibet

434 2955 638 3021 alium
692 2973 1028 3018 excessum
1074 2949 1154 3016 de
1207 2948 1408 3014 bursa
1458 2971 1576 3013 sua
1629 2949 1941 3036 expulsus
1991 2949 2211 3031 fuerit,
2262 2949 2367 3014 vel
2418 2951 2487 3013 in
2537 2949 2896 3038 prostibulo
2940 2949 3044 3015 vel
3089 2961 3280 3015 extra

436 3053 698 3142 publice
757 3073 826 3116 se
882 3050 1304 3138 percusserit,
1355 3048 1461 3113 vel
1517 3046 1610 3112 ibi
1665 3048 2040 3113 vulneratus
2093 3071 2176 3112 ex
2233 3047 2426 3136 culpa
2481 3072 2602 3114 sua
2648 3051 2843 3115 fuerit
2895 3060 3123 3137 captus
3176 3049 3278 3115 vel

441 3152 900 3242 deprehensus,
942 3149 1046 3215 vel
1089 3149 1202 3237 qui
1244 3147 1330 3215 ad
1367 3147 1629 3214 taxillos
1669 3150 1739 3214 in
1778 3148 2066 3214 tabernis
2109 3146 2368 3236 publice
2408 3148 2661 3233 luserit,
2716 3148 2820 3215 vel
2863 3149 3279 3216 hastiludium

438 3256 508 3320 in
559 3254 701 3318 foro
756 3248 1014 3338 publice
1066 3250 1459 3332 exercuerit,
1513 3248 1619 3313 vel
1677 3250 1788 3333 qui
1836 3248 2056 3313 verbis
2109 3249 2437 3314 iniuriosis
2493 3249 2771 3337 aliquem
2822 3252 3361 3337 magistrorum25

443 3352 703 3441 publice
742 3349 1023 3429 laeserit,
1067 3347 1171 3413 vel
1209 3349 1423 3435 ipsum
1465 3347 1774 3413 iniuriose
1817 3349 2239 3434 percusserit,
2280 3347 2383 3412 vel
2425 3348 2667 3413 turtum
2708 3347 2815 3413 vel
2855 3347 3015 3415 alios
3060 3371 3278 3414 exces-

447 3475 578 3534 sus,
634 3471 796 3537 quos
853 3448 1195 3513 comitatur
1249 3448 1516 3511 infamia
1567 3446 1672 3511 vel
1731 3445 2129 3530 scandalum,
2186 3448 2578 3512 commiserit
2631 3446 2737 3512 vel
2789 3453 3280 3534 perpetraverit.

448 3550 740 3631 Quorum
783 3546 994 3612 nullus
1047 3548 1254 3611 eciam
1310 3549 1365 3612 si
1421 3545 1502 3611 de
1558 3545 1773 3632 aliquo
1826 3545 2309 3632 praedictorum
2363 3568 2746 3612 excessuum
2800 3555 3136 3634 suspectus
3178 3546 3282 3613 vel

445 3650 792 3715 infamatus
849 3647 1069 3730 fuerit,
1125 3647 1253 3710 nisi
1309 3667 1377 3710 se
1430 3645 1511 3710 de
1569 3644 1686 3710 tali
1745 3667 1864 3731 per
1917 3667 2102 3708 suum
2155 3646 2585 3710 iuramentum
2642 3647 3137 3733 expurgaverit,
3197 3646 3284 3713 ad

446 3756 862 3836 temptamen,
906 3747 999 3811 uti
1040 3746 1467 3832 praemissum
1511 3754 1636 3827 est,
1682 3742 1897 3830 aliquo
1940 3742 2134 3810 modo
2179 3743 2573 3810 admittatur.
3297 3755 3366 3811 30

1277 3916 1373 3975 17.
1431 3927 1524 3973 DE
1566 3926 1828 3975 nAm'rn
1872 3925 2470 3979 BACCALARIORUM.

1627 4045 1806 4110 Ver-gl.
1844 4046 1989 4109 xm,
2032 4046 2115 4097 21.

627 4160 857 4228 Nullus
900 4158 1309 4226 baccalarius
1371 4160 1440 4223 in
1490 4158 1737 4225 artibus
1793 4168 2009 4247 portet
2071 4158 2339 4247 pallium
2392 4159 2496 4225 vel
2550 4163 2866 4246 tunicam,
2933 4184 3100 4248 quae
3155 4185 3287 4229 non

460 4261 866 4351 protenditur
909 4259 1079 4325 ultra
1122 4280 1351 4345 genua,
1394 4269 1605 4346 neque
1652 4258 1846 4324 alium
1894 4260 2298 4324 indecentem
2356 4269 2469 4324 aut
2527 4261 2924 4346 prohibitum
2977 4262 3287 4347 habitum,

452 4371 524 4428 ut
570 4360 816 4447 caligas
861 4370 971 4425 aut
1012 4359 1302 4423 manicas
1352 4356 1643 4444 depictas
1702 4356 1807 4423 vel
1860 4358 2189 4424 florizatas
2205 4408 2223 4442 ,
2307 4359 2584 4424 biretum
2646 4362 2853 4427 eciam
2873 4411 2890 4445 ,
2957 4362 3132 4448 quod
3190 4364 3282 4428 in-
3303 4371 3370 4427 35

457 4460 783 4548 signium¹
845 4468 944 4525 est
999 4456 1407 4543 magistrale,
1491 4459 1558 4522 in
1614 4455 1875 4544 publico
1939 4480 2347 4545 nequaquam
2409 4459 2673 4525 deferat.
2761 4461 2833 4526 Si
2893 4463 3035 4549 quis
3075 4470 3290 4525 autem

457 4560 855 4628 contrarium
903 4558 1132 4624 fecerit
1193 4566 1307 4622 aut
1355 4556 1572 4623 facere
1627 4558 2168 4644 praesumpserit,
2232 4557 2566 4624 inhoneste
2622 4558 2867 4625 scilicet
2909 4558 3288 4643 incedend0,

455 4659 655 4725 talem
697 4656 968 4745 quilibet
1006 4658 1466 4742 magistrorum
1492 4679 1585 4735 ‚eo
1629 4669 1921 4743 tempore
1936 4704 1955 4739 ,
2042 4678 2167 4743 quo
2228 4655 2506 4743 aliquem
2566 4659 2843 4744 gradum
2903 4669 3123 4746 petere
3177 4670 3291 4725 aut

457 4779 790 4825 assumere
844 4757 1154 4839 voluerit,
1242 4754 1656 4820 denunctiare
1718 4765 1781 4820 et
1842 4754 2159 4842 impedire
2218 4767 2431 4843 potest
2470 4767 2533 4821 et
2573 4767 2844 4824 tenetur.
2922 4758 3012 4824 Et
3050 4761 3173 4824 nisi
3223 4781 3291 4824 se

461 4856 935 4939 emendaverit,
1003 4857 1097 4920 ita
1139 4854 1320 4942 quod.
1358 4854 1598 4919 vestitu
1640 4854 1895 4919 decenti
1936 4855 2233 4938 incedat,
2294 4857 2431 4920 vita
2471 4858 2676 4922 eciam
2720 4868 2784 4923 et
2826 4856 3115 4923 moribus
3157 4860 3289 4924 exi-
3307 4868 3374 4923 40

463 4967 593 5024 stat
649 4953 1229 5037 commendandus,
1314 4954 1401 5019 ad
1454 4976 1728 5020 examen
1779 4953 1884 5018 vel
1941 4964 2115 5039 temp
2133 4951 2237 5041 [26
2252 4951 2303 5041 ⁸]
2322 4963 2538 5021 tamen
2581 4978 2699 5042 pro
2744 4958 3119 5042 magisterio
3162 4980 3292 5022 non

465 5057 862 5122 admittatur.

640 5277 663 5329 1
702 5271 811 5327 Am
845 5270 1038 5326 Raude
1074 5287 1184 5324 von
1218 5273 1462 5340 spiiterer
1493 5269 1666 5325 Hand
1697 5270 1985 5340 corrigiert
2022 5267 2085 5339 in
2112 5270 2338 5341 insigne.
