4038 6358
1522 606 1760 659 Libellus
1796 608 2119 663 formulario.
3142 620 3253 681 151

285 778 796 865 pestilentiae
811 839 836 871 ,
895 798 960 855 et
1014 790 1166 855 hinc
1227 798 1445 855 tamen
1497 792 1820 858 neminem
1877 792 1969 858 ibi
2028 794 2233 881 recipi
2288 793 2607 859 audimus.
2694 794 2937 877 Quare,
2998 797 3055 861 si
3114 806 3267 861 tuae

287 892 578 966 praest.
651 887 1047 972 videbitur,
1099 890 1168 954 in
1222 889 1396 955 hunc
1450 900 1755 957 eventum
1809 891 2190 979 impetrabit
2243 892 2358 958 illa
2412 892 2637 959 literas
2692 893 2777 960 ab
2826 893 3264 961 illustrissimo

287 982 678 1069 principe,
759 988 1010 1076 quibus
1062 986 1410 1057 iubeantur
1447 990 1910 1057 Rochlicenses
1952 1014 2085 1074 eos,
2144 993 2255 1077 qui
2314 991 2399 1058 ab
2448 994 2881 1059 universitate
2932 1005 3157 1060 nostra
3196 1017 3267 1059 se

289 1080 466 1145 illue
515 1085 884 1153 conferre
929 1087 1269 1171 voluerint,
1325 1087 1606 1155 libenter
1659 1098 1724 1155 et
1779 1088 2063 1176 benigne
2114 1091 2427 1178 recipere,
2486 1101 2552 1156 et
2592 1092 2710 1158 has
2753 1091 2976 1158 literas
3016 1093 3103 1158 ad
3140 1116 3261 1159 nos

289 1200 438 1244 non
483 1185 950 1267 gravabitur
991 1198 1036 1252 t.
1059 1210 1161 1274 pr.
1203 1188 1457 1271 afferre,
1497 1196 1562 1253 et
1601 1188 1773 1253 hanc
1812 1189 2397 1275 interpellationem
2441 1191 2680 1256 factam
2724 1202 3025 1279 respectu
3054 1192 3262 1279 publi·
3282 1203 3315 1258 5

295 1298 558 1345 corum
623 1285 1156 1352 commodorum
1210 1287 1280 1351 in
1335 1287 1650 1374 optimam
1709 1298 1962 1375 partem
2024 1290 2321 1376 accipiet.
2364 1286 2467 1376 [85
2484 1288 2535 1377 ⁸]
2595 1290 2926 1357 Christum
2981 1313 3260 1375 oramus,

302 1378 504 1465 quod
557 1384 836 1468 agitur
875 1393 942 1450 et
979 1386 1104 1450 iter
1149 1384 1226 1451 Τ.
1267 1408 1365 1473 pr.
1409 1395 1480 1451 ut
1518 1387 1815 1454 fortunet.
1865 1384 2102 1453 Valeat
2144 1410 2239 1475 pr.
2281 1395 2412 1453 tua.
2455 1388 2590 1455 XII
2632 1388 2765 1455 GL.
2808 1389 3020 1455 VHb¹²¹
3058 1392 3199 1457 LII.

2202 1487 2461 1569 Rector,
2502 1487 2645 1551 MM
2687 1496 2751 1553 et
2794 1488 2951 1553 DD.

2266 1585 2453 1651 acad.
2497 1586 2859 1675 Lipsensis.

1780 1742 1917 1803 146.
3282 1748 3345 1803 10

499 1864 582 1929 S.
637 1865 748 1933 D.
805 1866 1158 1953 Magnifice
1200 1865 1490 1933 domine!
1558 1867 1794 1935 Certae
1837 1892 2077 1935 causae
2116 1894 2237 1937 nos
2279 1878 2649 1951 moverunt,
2690 1878 2764 1935 ut
2804 1870 2927 1937 hoc
2970 1879 3259 1959 tempore

317 1984 732 2051 ageremus
795 1989 948 2033 cum
999 1966 1220 2033 Ioacb.
1277 1966 1680 2050 Camerario,
1735 1991 1820 2033 ne
1876 1980 2269 2056 gravaretur
2326 1968 2413 2033 ad
2470 1969 3021 2055 magnificentiam
3079 1981 3261 2036 tuam

319 2086 396 2127 se
443 2065 821 2131 conferre.
905 2066 1053 2130 Hoc
1092 2088 1241 2131 cum
1280 2066 1574 2131 obtinere
1610 2090 1728 2133 nos
1773 2090 2010 2156 passus
2050 2078 2239 2151 esset,
2286 2067 2579 2135 dedimus
2624 2069 2681 2133 ei
2724 2070 3054 2153 mandata,
3090 2094 3261 2159 quae

323 2172 451 2227 tua
513 2160 626 2229 M.
702 2164 994 2250 benigne
1054 2187 1446 2251 cognoscere
1509 2174 1776 2255 tamque
1845 2190 1914 2233 se
1979 2190 2153 2233 nunc
2215 2189 2472 2255 quoque
2535 2177 2873 2254 praestare
2938 2169 3259 2256 dignetur,

325 2284 550 2351 quam
602 2274 826 2329 antea
861 2265 1156 2353 plurimis
1201 2272 1266 2329 et
1307 2266 1616 2331 maximis
1660 2265 1857 2333 rebus
1899 2266 2239 2333 academia
2280 2274 2503 2332 nostra
2544 2276 2818 2356 experta
2862 2278 2977 2333 est.
3050 2268 3127 2333 T.
3170 2267 3256 2333 M.
3281 2278 3341 2333 15

331 2384 558 2450 quam
601 2362 1002 2429 felicissime
1043 2363 1266 2429 valere
1305 2374 1625 2452 optamus.

767 2462 898 2529 XV
937 2462 1074 2531 GL.
1113 2464 1327 2531 VHlm
1371 2464 1579 2531 LIIII.

1601 3561 2107 3630 ANHANG.

1253 3745 1523 3805 EINIGE
1559 3745 1923 3804 AELTERE
1957 3745 2458 3804 FORMULARE.

892 3924 943 3983 l.
982 3931 1312 3984 Alincum
1355 3933 1701 3984 SERVANDI
1741 3933 1945 3982 cmCA
1984 3935 2173 3984 ustm
2216 3919 2825 3987 CONSERVATORIL¹
3269 3927 3339 3983 20

543 4065 780 4132 Nullus
823 4075 1043 4132 utatur
1074 4068 1581 4148 conservatorio‚
1626 4067 1754 4131 nisi
1799 4065 2091 4133 obtineat
2133 4088 2253 4154 pro
2297 4066 2414 4132 tali
2459 4087 2659 4132 causa
2702 4067 3026 4151 signetum
3069 4091 3112 4132 a
3150 4091 3251 4133 re-

383 4171 584 4249 ctore,
627 4165 977 4234 dummodo
1020 4164 1438 4233 commodose
1478 4164 1641 4230 illud
1684 4162 1980 4231 obtinere
2019 4166 2279 4254 poterit.

589 4355 654 4416 2.
697 4367 840 4418 PRO
883 4344 1017 4416 US‘U
1063 4364 1622 4415 CONSERVATORII
1665 4366 1984 4426 Quantum
2028 4366 2343 4416 STUDENS
2385 4364 2761 4416 STUDUISSE
2802 4365 3104 4414 DEBEAT.

549 4482 720 4548 Item
757 4481 973 4548 nullus
1013 4489 1233 4548 utatur
1278 4481 1784 4564 conservatorio‚
1839 4482 1968 4546 nisi
2012 4483 2195 4570 prius
2250 4481 2571 4547 studuerit
2627 4504 2743 4569 per
2800 4479 3085 4546 medium
3142 4504 3255 4546 an*

394 4602 544 4648 num
589 4583 659 4647 in
700 4583 1126 4648 universitate
1168 4592 1396 4647 nostra
1435 4579 1540 4646 vel
1585 4580 1827 4647 babeat
1870 4602 2137 4647 causam
2192 4581 2409 4664 talem,
2468 4590 2737 4669 propter
2780 4601 2975 4667 quam
3016 4581 3246 4646 merito
3269 4589 3336 4646 25

399 4691 545 4748 ante
587 4680 832 4746 dictum
871 4691 1124 4768 tempus
1168 4682 1492 4767 signetum
1534 4679 1660 4745 sibi
1703 4682 1789 4746 sit
1828 4679 2319 4767 assignandum,
2364 4679 2463 4760 de,
2490 4703 2619 4768 qua
2661 4701 2863 4746 causa
2903 4690 3255 4766 cognoscat

400 4791 611 4847 rector
675 4803 822 4846 cum
888 4789 1164 4868 quatuor
1227 4779 1616 4847 consiliariis
1683 4778 2049 4846 senioribus
2110 4792 2387 4868 quatuor
2443 4779 2791 4848 nacionum
2845 4778 2927 4845 de
2983 4778 3254 4846 consilio

405 4880 860 4946 universitatis.

539 5137 560 5186 1
603 5129 715 5184 Die
763 5128 950 5185 sieben
997 5133 1178 5184 ersten
1231 5128 1356 5183 sind
1391 5143 1492 5181 aus
1526 5126 1626 5182 der
1660 5126 1894 5182 ffltesten
1929 5109 2193 5184 Matr-iliel
2226 5127 2343 5198 (A')
2374 5131 2742 5186 enmommen.
2813 5125 2943 5200 ng
2980 5125 3259 5184 Urkundl.

415 5213 642 5281 Quellen
679 5213 736 5269 8.
775 5217 902 5282 556,
939 5218 1020 5269 1⁰.
1091 5211 1200 5268 Die
1245 5209 1536 5267 Aboehrift
1577 5212 1638 5264 in
1673 5209 1762 5266 A‘'
1811 5209 2061 5281 gewiihrt
2104 5210 2249 5266 noch
2284 5211 2377 5265 ein
2410 5210 2656 5268 weiteres
2690 5211 2983 5266 Pol-multu·
3016 5210 3129 5266 und
3148 5212 3259 5265 ‘iin-

413 5299 528 5355 cert
559 5299 622 5356 in
653 5297 786 5354 Nro.
825 5303 854 5353 7
893 5297 1078 5370 einige
1111 5296 1338 5352 Stellen.
1405 5295 1536 5367 Vgl.
1573 5294 1845 5352 Urkundl.
1887 5294 2125 5361 Quellen
2157 5293 2215 5353 S.
2254 5299 2354 5352 565
2392 5294 2475 5368 fg.
