4038 6358
810 561 929 626 488
1799 558 1902 608 Die
1939 555 2379 619 philosophische
2411 554 2671 604 Facultit.

806 740 979 805 infra
1008 738 1292 804 medium
1323 762 1583 820 annum,
1628 738 1748 803 sub
1790 759 2002 825 poena
2047 735 2317 825 periurii
2355 734 2459 800 vel
2503 733 2897 800 exclusionis
2939 733 3227 799 eiusdem
3267 734 3655 818 assumendi,

811 849 1144 927 apportet,
1191 838 1295 905 vel
1351 860 1468 925 per
1527 839 1861 925 proprium
1916 837 2383 916 iuramentum,
2443 837 2499 899 si
2554 834 2803 900 litteras
2847 835 3205 908 autenticas
3248 833 3490 899 habere
3526 858 3656 901 non

807 941 1075 1029 poterit3
1119 948 1182 1002 et
1214 937 1378 1003 duas
1411 938 1651 1003 habeat
1685 959 1996 1025 personas
2025 934 2409 1020 fidedignas,
2439 957 2604 1022 quae
2649 932 2768 998 sub
2812 935 2949 998 suis
2994 935 3377 999 iuramentis
3417 933 3653 1016 dicant,

809 1038 1003 1104 talem
1049 1039 1142 1102 sic
1186 1037 1643 1103 assumendum
1685 1038 1756 1101 in
1796 1036 1911 1101 tali
1954 1033 2166 1122 gradu
2207 1056 2349 1099 esse
2387 1043 2771 1121 promotum.
2870 1031 3145 1121 Insuper
3203 1034 3428 1098 iurare
3480 1043 3650 1099 tene-

722 1149 754 1203 5
810 1139 1017 1220 bitur,
1077 1135 1250 1224 quod
1306 1138 1392 1201 sit
1444 1137 1758 1223 legittime
1802 1146 1991 1201 natus
2011 1184 2030 1218 ,
2088 1133 2385 1199 similiter
2434 1133 2800 1199 iuramenta
2854 1141 3109 1198 nostros
3163 1134 3518 1218 magistros
3559 1156 3656 1199 re-

814 1238 1187 1325 spiciencia,
1230 1259 1397 1324 quae
1441 1247 1815 1325 sequuntur.

888 1412 946 1471 5.
993 1419 1412 1470 8ῸΒΒΟΒΙΡΤΑ
1451 1419 1852 1467 IURAMENTA
1893 1417 2323 1466 PRAESTABI'I'
2367 1416 2715 1464 MAGISTER
2753 1416 3236 1482 ASSUMENDUS,
3282 1417 3572 1478 QUANDO

1470 1520 1679 1567 PETIT
1725 1518 2198 1566 INCORPORARI
2239 1516 2504 1565 (memo
2546 1515 3002 1564 FACULTATIS.
3050 1499 3111 1528 ‘⁴⁵

974 1635 1162 1720 „Ego
1221 1634 1317 1698 .N.
1382 1635 1523 1698 iuro
1581 1634 1769 1700 vobis
1826 1632 2070 1698 decano
2131 1643 2194 1697 et
2248 1634 2485 1698 vestris
2550 1630 3031 1697 successoribus
3096 1632 3543 1697 reverenciam
3599 1643 3663 1697 et

729 1746 791 1800 10
810 1734 1254 1801 obedienciam
1299 1734 1364 1798 in
1402 1731 1597 1798 licitis
1641 1742 1706 1797 et
1744 1732 2059 1815 honestiS,
2104 1743 2167 1796 et
2210 1753 2473 1797 servare
2517 1741 2756 1796 statuta
2802 1740 2867 1796 et
2919 1730 3264 1796 statuenda
3303 1754 3427 1818 pro
3469 1754 3658 1818 posse

806 1843 870 1899 et
912 1857 1120 1916 nosse,
1162 1843 1225 1896 et
1268 1855 1619 1919 procurare
1654 1831 1895 1898 bonum
1936 1832 2283 1898 facultatis.
2370 1831 2482 1896 Sic
2523 1853 2626 1895 me
2671 1829 2829 1896 deus
2873 1830 3139 1896 adiuvet
3176 1841 3240 1896 et
3282 1839 3513 1895 sancta
3551 1828 3657 1895 dei

807 1932 1206 2020 evangelia.“

976 2033 1185 2116 „Item
1231 2034 1394 2115 iuro,
1441 2029 1612 2120 quod
1654 2031 1826 2095 infra
1871 2029 2261 2119 quindenam
2301 2028 2493 2093 velim
2541 2028 2791 2094 solvere
2835 2027 3128 2094 facultati
3174 2028 3338 2094 duos
3378 2028 3659 2094 florenos

806 2155 1111 2198 renenses
1130 2183 1148 2216 ,
1209 2143 1273 2198 et
1326 2155 1522 2197 unum
1583 2130 1896 2195 florenum
1952 2153 2073 2217 pro
2136 2130 2296 2194 fisco
2340 2130 2813 2211 universitatis,
2855 2129 2981 2193 nisi
3038 2152 3078 2193 a
3124 2128 3436 2193 facultate
3498 2127 3656 2193 obti-

733 2243 794 2297 15
811 2254 1010 2297 nuero
1056 2255 1278 2296 eorum
1321 2230 1762 2296 dimissionem
1805 2238 1869 2293 et
1909 2228 2293 2295 dilacionem
2338 2226 2424 2292 ad
2470 2229 2818 2293 terminum
2858 2227 3241 2314 longiorem.

970 2332 1176 2414 „Item
1217 2331 1380 2412 iuro,
1423 2328 1596 2414 quod
1640 2337 1882 2394 statuta
1924 2339 1989 2394 et
2033 2328 2391 2410 statuenda,
2432 2349 2599 2412 quae
2642 2337 2790 2392 sunt
2830 2350 2952 2414 pro
3001 2328 3171 2393 bono
3214 2328 3658 2394 universitatis

808 2442 873 2497 et
925 2430 1254 2495 facultatis
1314 2430 1593 2511 arcium,
1646 2427 1840 2493 velim
1895 2428 2166 2493 firmiter
2219 2428 2570 2494 observare
2625 2437 2688 2491 et
2742 2427 2915 2513 quod
2975 2428 3215 2493 bonum
3273 2427 3466 2492 huius
3522 2429 3658 2491 uni·

811 2532 1141 2596 versitatis
1201 2538 1265 2608 et
1323 2526 1651 2593 facultatis
1711 2530 1958 2593 arcium
1976 2577 1994 2610 ,
2055 2527 2141 2592 ad
2211 2548 2652 2616 quemcunque
2722 2536 2963 2592 statum
3035 2526 3360 2592 devenero
3377 2575 3397 2610 ,
3465 2525 3653 2591 velim

855 2653 1181 2696 roem-are.

724 2654 851 2795 20p
974 2732 1181 2815 „Item
1225 2730 1400 2810 iuro,
1445 2725 1619 2813 quod
1662 2724 1832 2791 dabo
1875 2725 2134 2790 famulis
2179 2726 2624 2791 universitatis
2665 2724 2965 2790 adminus
3024 2749 3223 2791 unum
3277 2726 3648 2793 florenum.“

1441 2861 1604 2928 Post
1641 2859 1803 2926 haec
1847 2859 2041 2925 datur
2082 2859 2144 2925 ei
2181 2858 2362 2925 locus
2404 2859 2575 2926 inter
2617 2860 3021 2945 magistros.¹

1226 3077 1439 3144 XVII.
1488 3075 1766 3166 [Bl.32¹›]
1812 3092 2744 3143 CAPITULUM'DECIMUM
2788 3094 3240 3144 snr'rmuu.

939 3246 1276 3311 Statuta
1319 3245 1920 3313 concernencia
1960 3243 2520 3308 baccalarium
2565 3243 3134 3309 assumendum
3186 3243 3286 3310 de
3346 3245 3531 3312 alia

1223 3346 1788 3410 universitate
1832 3342 1927 3408 ad
1970 3344 2366 3430 gremium
2409 3352 2751 3438 nostrae
2787 3343 3240 3410 facultatis.

725 3504 792 3559 25
2214 3499 2272 3558 1.

975 3627 1150 3709 Quia
1187 3627 1543 3694 baccalarii
1583 3628 1829 3692 arcium
1872 3625 2157 3695 scolares
2200 3648 2343 3691 esse
2396 3636 2761 3709 censentur,
2806 3649 2938 3692 non
2991 3627 3382 3715 recipientes
3443 3629 3649 3695 emoli-

809 3737 1025 3792 menta
1079 3728 1519 3793 universitatis
1576 3726 1691 3792 sed
1748 3726 2187 3792 substanciam
2241 3748 2464 3790 eorum
2509 3725 2715 3790 instar
2759 3737 3127 3792 nostrorum
3172 3730 3650 3815 suppositorum

812 3836 1260 3892 consumentes
1280 3876 1298 3912 ,
1344 3828 1570 3891 statuit
1608 3836 1672 3891 et
1711 3825 2041 3891 ordinavit
2078 3823 2351 3890 facultas
2394 3825 2674 3909 arcium,
2721 3826 2896 3913 quod
2940 3825 3351 3892 baccalarius
3395 3828 3649 3894 alterius

810 3928 1273 4009 universitatis,
1320 3927 1376 3993 si
1417 3925 1567 3991 talis
1603 3927 1815 4008 fuerit,
1858 3925 2033 4011 quod
2075 3926 2141 3989 in
2189 3923 2321 3989 alia
2360 3925 2782 3991 universitate
2824 3927 2893 3991 in
2939 3935 3072 3991 toto
3116 3950 3237 4014 pro
3277 3929 3647 4013 magisterio

729 4034 797 4090 30
817 4024 1268 4113 compleverit,
1328 4037 1555 4113 petens
1596 4026 1681 4090 ad
1724 4026 2214 4113 responsionem
2256 4023 2511 4090 admitti
2554 4048 2633 4091 ac
2675 4025 2759 4091 ad
2800 4025 3172 4091 facultatem
3215 4038 3483 4093 nostrae
3524 4030 3649 4094 uni-

812 4127 1141 4193 versitatis
1185 4128 1458 4209 assumi,
1503 4124 1766 4191 debebit
1806 4135 1870 4190 et
1912 4124 2236 4191 tenebitur
2283 4146 2404 4210 pro
2459 4124 2690 4191 solatio
2746 4125 3207 4211 magistrorum
3259 4125 3342 4191 de
3382 4127 3645 4193 consilio

814 4223 1225 4310 saepedictae
1278 4225 1604 4290 facultatis
1663 4226 1908 4289 arcium
1970 4233 2103 4289 tres
2171 4223 2454 4289 florenos
2524 4247 2827 4291 renenses
2899 4225 3057 4291 dare
3111 4225 3646 4313 effectualiterque

818 4322 1220 4409 persolvere3
1265 4326 1319 4390 si
1362 4347 1516 4390 vero
1549 4323 1699 4389 talis
1728 4325 2036 4406 extiterit,
2069 4320 2241 4411 quod
2285 4324 2354 4388 in
2393 4322 2525 4388 alia
2568 4325 2992 4393 universitate
3036 4348 3269 4412 parum
3311 4336 3425 4392 aut
3462 4327 3649 4393 nichil

811 4444 932 4508 pro
974 4424 1350 4508 magisterio
1408 4422 1860 4510 compleverit,
1921 4445 2043 4509 pro
2099 4423 2541 4510 praefatorum
2593 4424 3059 4510 magistrorum
3121 4424 3437 4491 solamine
3492 4426 3644 4492 duos

727 4531 793 4586 35
814 4521 1094 4589 florenos
1149 4544 1453 4615 renenses
1512 4545 1658 4587 cum
1717 4522 1948 4589 effectu
2005 4522 2254 4605 solvat,
2329 4521 2673 4608 utrobique
2740 4525 3018 4610 pecunia
3084 4547 3204 4611 pro
3262 4524 3422 4590 fisco
3482 4534 3645 4590 ante-

814 4621 1029 4689 dictae
1076 4622 1406 4687 facultatis
1464 4624 1712 4689 arcium
1757 4632 1820 4687 et
1861 4623 2113 4707 signeto
2159 4621 2380 4687 debita
2426 4644 2683 4709 semper
2740 4622 2924 4687 salva
2941 4671 2961 4706 ,
3020 4625 3148 4689 nisi
3203 4625 3415 4710 ipsius
3479 4647 3643 4690 assu·

813 4720 1031 4787 mendi
1098 4721 1364 4787 evidens
1442 4721 1734 4787 obstaret
1801 4731 2172 4809 paupertas.
2285 4722 2602 4789 Dimissio
2672 4731 2889 4788 tamen
2955 4746 3069 4788 seu
3133 4724 3490 4789 minoracio
3549 4724 3643 4791 vel

814 4823 1076 4886 taxacio
1104 4820 1476 4887 huiusmodi
1505 4824 1818 4908 pecuniae
1847 4822 1915 4887 in
1948 4830 2081 4887 toto
2124 4819 2226 4886 vel
2271 4822 2337 4885 in
2378 4832 2564 4908 parte
2604 4845 2726 4910 pro
2771 4822 3081 4911 qualitate
3122 4846 3238 4889 seu
3281 4822 3644 4889 differencia

815 4920 1214 5008 opulenciae,
1259 4921 1725 4987 mediocritatis
1770 4921 1907 4985 sive
1948 4922 2355 5007 paupertatis
2401 4944 2659 5009 semper
2701 4922 2972 4989 arbitrio
3015 4921 3421 5009 praelibatae
3456 4923 3643 4990 facul·

734 5022 970 5085 wtatis
1010 5022 1260 5086 arcium
1305 5020 1521 5086 claudi
1564 5021 1757 5086 debet
1804 5030 1869 5085 et
1909 5022 2243 5086 contineri.

910 5240 932 5292 1
974 5235 1082 5290 Mit
1115 5236 1383 5293 kleinerer
1420 5234 1632 5293 schrift
1667 5235 2051 5308 hinzugefiigt.
