4038 6358
871 619 992 689 386
1868 614 1969 672 Die
2010 610 2448 685 philosophische
2482 610 2738 674 Paculus.

951 867 1066 934 IV.
1111 866 1450 936 Statuta
1493 870 2098 967 concernencia
2142 867 2632 957 specialiter
2671 869 3120 956 magistros
3160 868 3245 933 in
3284 867 3654 936 consilio

1828 967 2273 1035 facultatis
2317 968 2780 1033 existentes.

1199 1141 1252 1201 1.
1295 1153 1388 1200 DE
1430 1152 1894 1205 consnssloNE
1932 1151 2434 1201 mmsrnonuu
2474 1153 2548 1199 m
2591 1151 2914 1201 0011311αο
2957 1151 3407 1203 FAcun'rA‘ns.

1032 1265 1285 1348 Placet,
1344 1278 1416 1334 ut
1467 1268 1776 1335 honestas
1829 1268 2058 1334 melius
2109 1270 2179 1333 in
2233 1267 2501 1333 consilio
2558 1266 2886 1333 facultatis
2937 1277 3231 1334 servetur
3285 1288 3365 1332 ac
3417 1290 3600 1333 error
3661 1278 3726 1334 et

786 1373 820 1429 5
874 1365 1164 1431 confusio
1206 1368 1274 1431 in
1316 1366 1687 1435 inductione
1726 1377 2024 1435 votorum
2066 1367 2342 1433 tollatur.
2424 1366 2698 1451 Placuit,
2758 1367 2936 1455 quod
2976 1389 3198 1433 omnes
3235 1369 3532 1454 magistri
3578 1389 3726 1433 con-

870 1463 1140 1532 sedeant
1183 1467 1533 1532 secundum
1574 1467 1871 1533 ordinem
1913 1477 1976 1532 et
2018 1469 2272 1533 senium
2326 1468 2426 1532 sui
2467 1468 2829 1554 magisterii
2879 1477 3173 1554 tempore
3223 1465 3625 1533 inductionis
3667 1477 3729 1533 et

879 1565 1152 1647 consilii,
1197 1568 1413 1632 senior
1453 1569 1673 1633 statim
1712 1578 1866 1655 post
1904 1563 1966 1653 [6
1981 1563 2034 1654 ⁸]
2078 1566 2397 1631 decanum
2439 1589 2713 1655 sequens
2752 1570 2821 1632 in
2863 1589 3173 1653 scampno
3204 1565 3334 1632 alio
3375 1565 3726 1631 collaterali

873 1675 939 1730 et
997 1666 1091 1730 sic
1151 1663 1458 1754 deinceps
1520 1665 1791 1752 quilibet
1848 1667 1917 1730 in
1973 1665 2201 1731 ordine
2263 1689 2376 1732 suo
2439 1668 2578 1732 sine
2632 1668 3246 1754 praeposteracione
3259 1715 3278 1750 ,
3344 1663 3462 1730 sub
3518 1687 3730 1751 poena

875 1764 1214 1829 carenciae
1256 1766 1571 1853 pecuniae
1611 1763 2099 1830 distribuendae
2142 1774 2255 1830 aut
2296 1767 2456 1849 voti,
2510 1767 2567 1831 si
2612 1767 2890 1852 pecunia
2930 1761 3384 1830 distribuenda
3434 1763 3725 1846 defuerit,

794 1873 858 1928 10
876 1885 996 1950 pro
1063 1865 1520 1950 mag-istrorum
1589 1864 1991 1952 aliorumque
2047 1863 2495 1930 consolacione
2564 1862 3098 1929 irremissibiliter
3166 1861 3668 1952 persolvendum
3681 1864 3720 1928 ¹.

871 1961 1155 2030 Possunt
1193 1972 1431 2048 tamen,
1478 1964 1533 2030 si
1577 1964 1817 2048 volunt,
1858 1965 2156 2053 magistri
2200 1966 2380 2029 exire
2416 1974 2480 2029 et
2515 1966 2765 2031 intrare
2809 1964 3066 2029 stubam
3108 1962 3193 2028 ad
3234 1972 3463 2031 nutum
3487 1985 3722 2045 eorum,

875 2061 989 2127 sed
1048 2085 1178 2128 non
1235 2062 1474 2129 debent
1525 2064 1690 2131 inibi
1741 2064 1811 2128 in
1866 2063 2306 2129 confusionem
2359 2073 2423 2129 et
2477 2063 3030 2151 perturbationem
3072 2061 3328 2129 consilii
3372 2064 3604 2148 vagari
3657 2072 3720 2129 et

875 2161 1163 2250 spaciari
1205 2172 1399 2251 atque
1444 2163 1707 2230 confuse
1750 2161 2001 2250 absque
2043 2162 2422 2250 designato2
2461 2162 2688 2230 ordine
2731 2161 2978 2228 sedere.

1078 2333 1134 2394 2.
1176 2346 1271 2393 DE
1315 2344 1610 2394 CEDULIS
1653 2345 2075 2394 INPONENDIS
2122 2344 2449 2394 TEMPORE
2491 2346 2905 2395 ELECTIONIS
2951 2344 3533 2394 EXAMINATORUM.

794 2470 858 2527 15
1038 2459 1313 2544 Placuit,
1360 2461 1533 2549 quod
1576 2471 1727 2527 ante
1768 2460 2147 2527 electionem
2189 2463 2709 2527 examinatorum
2751 2459 3072 2546 eligantur
3117 2470 3394 2545 quatuor
3435 2462 3720 2546 magistri

877 2581 994 2646 per
1049 2569 1309 2643 sortem,
1364 2559 1609 2625 decano
1654 2569 1963 2643 astantes,
2022 2562 2117 2626 sic
2161 2560 2335 2648 quod
2377 2562 2629 2648 primus
2669 2582 2788 2647 per
2832 2570 3072 2626 sortem
3110 2559 3353 2625 electus
3396 2581 3549 2624 cum
3590 2558 3718 2625 aliis

874 2659 1084 2725 tribus
1142 2658 1224 2726 de
1276 2659 1422 2725 aliis
1470 2659 1846 2726 nationibus
1903 2660 2205 2747 proxime
2267 2658 2681 2745 sequentibus
2725 2668 2942 2725 astant
2983 2658 3242 2724 domino
3285 2658 3538 2725 decano
3581 2668 3720 2725 tem·

877 2781 1037 2846 pore
1084 2759 1529 2845 imposicionis
1584 2758 1959 2825 cedularum
2013 2759 2155 2841 (illo
2202 2770 2420 2824 tamen
2460 2758 2722 2825 excluso
2767 2760 3102 2845 magistro,
3154 2759 3224 2822 in
3267 2779 3398 2846 qua
3440 2757 3722 2825 natione⁸

879 2859 1283 2929 examinator
1322 2857 1479 2946 eligi
1519 2857 1761 2942 debet),
1805 2868 1880 2923 ut
1920 2858 2206 2942 videant,
2253 2857 2426 2947 quod
2468 2857 2646 2927 nulla
2682 2857 2860 2923 fraus
2908 2860 2979 2925 in
3019 2858 3436 2945 impositione
3480 2855 3721 2923 cedula·

796 2968 867 3026 m
884 2981 1030 3025 rum
1077 2957 1526 3024 committatur.
1608 2957 1700 3023 Et
1737 2959 2047 3044 magister
2090 2957 2441 3024 extrahens
2481 2957 2563 3024 de
2605 2959 2800 3023 mitra
2839 2955 3001 3023 duas
3044 2957 3306 3023 cedulas
3344 2955 3452 3022 vel
3497 2956 3719 3044 plures,

879 3060 1154 3127 scienter
1195 3057 1301 3124 vel
1341 3081 1488 3142 non,
1546 3058 1632 3122 sit
1670 3055 1935 3141 inabilis
1982 3056 2070 3127 ad
2110 3058 2621 3123 examinatorem
2665 3078 2786 3143 pro
2827 3058 2957 3121 ista
2997 3058 3158 3139 vice,
3198 3057 3292 3125 ita
3334 3056 3512 3143 quod
3556 3068 3719 3129 actus

877 3157 986 3225 ille
1027 3179 1175 3224 cum
1216 3156 1341 3224 alio
1382 3157 1488 3224 vel
1530 3156 1676 3224 aliis
1720 3156 1988 3223 ulterius
2035 3159 2457 3224 continuetur.

1658 3328 1715 3392 3.
1761 3342 1854 3388 DE
1898 3340 2510 3392 EXAmATossmns
2552 3339 2943 3389 ELIGENDIS.

1048 3458 1209 3522 Item
1267 3456 1542 3544 placuit,
1603 3456 1777 3542 quod
1836 3458 2315 3522 examinatores
2374 3477 2492 3544 per
2536 3465 2776 3521 sortem
2828 3453 3166 3541 eligantur.
3249 3456 3341 3522 Et
3381 3457 3607 3524 modus
3646 3458 3716 3523 sit

798 3568 865 3625 2⁵
886 3559 1037 3641 1310,
1097 3555 1269 3641 quod
1326 3564 1651 3644 ponantur
1702 3565 1799 3621 tot
1856 3554 2122 3620 cedulae
2177 3555 2464 3643 undique
2529 3555 2773 3620 similes
2837 3555 2922 3619 ad
2979 3578 3174 3621 unam
3230 3558 3525 3641 mitram,
3579 3566 3716 3642 quot

884 3666 1033 3723 sunt
1074 3655 1372 3742 magistri
1413 3655 1602 3719 unius
1639 3655 1921 3719 nationis
1969 3666 2365 3741 praesentes,
2422 3677 2692 3742 quarum
2746 3676 2877 3719 una
2928 3657 3211 3722 continet
3257 3647 3714 3722 ‘examinator'.

887 3757 1270 3842 Quicunque
1311 3754 1772 3839 magistrorum
1811 3776 1928 3841 per
1972 3763 2212 3822 sortem
2264 3776 2409 3818 eam
2450 3754 2723 3842 reperit,
2780 3755 2906 3819 erit
2960 3756 3368 3822 examinator
3416 3755 3534 3823 illa
3569 3759 3710 3839 vice,

883 3865 948 3922 et
1003 3855 1099 3921 sic
1155 3876 1270 3919 suo
1330 3851 1522 3919 modo
1577 3854 1648 3920 in
1705 3852 1850 3918 aliis
1908 3852 2119 3919 tribus
2175 3852 2546 3919 nationibus
2602 3854 3014 3940 practicetur.
3100 3853 3234 3935 Qui
3286 3865 3561 3940 quatuor
3611 3878 3710 3943 per

884 3964 1123 4021 sortem
1167 3954 1263 4018 sic
1305 3951 1490 4018 electi
1531 3975 1662 4017 una
1702 3974 1852 4018 cum
1891 3951 2137 4018 decano
2178 3951 2717 4018 baccalariandos
2760 3952 3257 4038 examinabunt3
3308 3956 3403 4021 sic
3442 3955 3709 4024 similiter

798 4064 869 4120 30
884 4061 1157 4141 quatuor
1212 4073 1329 4138 per
1385 4061 1624 4118 sortem
1670 4050 1858 4118 electi
1901 4074 2050 4117 cum
2091 4049 2623 4116 vicecancellario
2675 4053 3156 4138 magistr-andos
3212 4053 3614 4142 temptabunt
3656 4064 3707 4120 et

885 4148 1382 4235 examinabunt,
1439 4152 1534 4215 ita
1576 4149 1748 4238 quod
1798 4149 1970 4216 solus
2013 4149 2296 4218 decanus
2339 4151 2423 4215 sit
2468 4149 2550 4216 de
2592 4153 2873 4217 essentia
2915 4155 3233 4224 examinis
3275 4176 3397 4240 pro
3439 4153 3705 4222 baccala-

883 4253 1060 4318 riatu
1100 4259 1165 4316 et
1207 4249 1381 4316 solus
1419 4248 1995 4316 vicecancellarius
2034 4273 2153 4339 pro
2197 4252 2595 4337 magisterio.
2655 4249 2948 4332 Quorum
2990 4262 3090 4318 est
3131 4254 3541 4341 quaestiones
3579 4275 3703 4322 exa*

884 4348 1212 4418 minandis
1255 4351 1610 4436 assignare,
1691 4349 2025 4418 Tenentur
2069 4360 2287 4418 tamen
2323 4349 2755 4435 magistrandi
2806 4373 3010 4440 aeque
3060 4351 3228 4422 bene
3282 4374 3435 4422 cum
3489 4352 3703 4422 decano

882 4461 1057 4517 stare
1098 4450 1169 4514 in
1209 4450 1416 4514 veteri
1454 4458 1612 4515 arte.

1054 4719 1077 4769 1
1118 4712 1284 4770 Fehlt
1321 4715 1532 4770 etwas?
1599 4713 1667 4768 In
1698 4711 1801 4768 dar¹
1830 4715 2086 4784 spateren
2121 4712 2434 4770 Redaction
2465 4731 2578 4768 von
2612 4718 2744 4771 1499
2778 4712 2904 4769 sind
2943 4713 3036 4770 die
3066 4714 3264 4772 Woroe
3298 4734 3415 4787 pro
3449 4720 3701 4789 magiam·

881 4818 1003 4855 rum
1041 4797 1129 4854 bis
1158 4798 1587 4869 persolvendum
1619 4815 1765 4871 ganz
1801 4796 2170 4869 ausgelassen.
2229 4795 2468 4852 Danach
2503 4800 2685 4852 wa’sen
2720 4798 2799 4853 sie
2831 4797 3111 4854 vielleicht
3141 4798 3553 4858 Ueberbleibuel
3580 4802 3699 4860 eine·

881 4885 956 4938 im
982 4881 1268 4938 Entwurfe
1307 4881 1507 4938 wieder
1541 4877 1814 4954 getilgten
1834 4880 2190 4953 Vorschlagg
2225 4880 2315 4936 die
2348 4881 2446 4937 der
2467 4881 2840 4940 Abschreiber
2869 4881 3160 4938 ffilschlieh
3191 4882 3250 4938 in
3281 4884 3372 4940 die
3397 4884 3700 4944 Rcinschrist

881 4965 1283 5105 &usna-{mom
1318 5046 1496 5104 sicher
1528 5048 1602 5103 ist
1632 5048 1722 5104 die
1753 5049 1981 5121 Lesung
2015 5049 2115 5104 des
2147 5049 2371 5106 Wortes
2406 5049 2575 5105 nicht.

1057 5137 1087 5188 3
1124 5132 1509 5203 Ungeschickt
1539 5133 1915 5205 ausgedriickt
1949 5131 2043 5187 fiir
2076 5135 2293 5190 aetrno
2328 5142 2504 5190 tamen
2534 5135 2800 5205 maqtssstro
2832 5136 2989 5191 illius
3020 5138 3289 5207 πασίοπίε,
3323 5141 3386 5194 in
3416 5158 3540 5209 qua.
