4038 6358
880 567 1002 631 238
2004 565 2115 616 Das
2155 565 2333 616 kleine
2369 564 2576 628 colleg.
3381 589 3408 620 a

1579 776 1699 866 [Bl.
1751 776 1892 866 12¹³]
1936 797 2339 846 mmmmm
2383 795 2725 844 ancuus
2767 793 3021 843 1611611.

1044 910 1265 998 Georg
1304 935 1478 979 vonn
1525 923 1673 999 gots
1711 911 1970 999 gnaden
2008 912 2293 998 herczog
2330 935 2465 977 zcw
2507 911 2816 994 Sachsen,
2871 910 3229 997 landtgraff
3263 912 3342 1000 jn
3381 908 3720 999 Doringen

878 1011 1056 1077 vnnd
1094 1011 1457 1098 marggraff
1496 1033 1617 1076 zcu
1656 1009 2014 1077 Meissenn:

1042 1127 1388 1214 Vnnsernn
1413 1151 1568 1213 grus
1597 1150 1850 1194 zcuuor.
1888 1127 2280 1212 Wirdigenn
2308 1127 2832 1215 hochgelarthen,
2870 1126 3083 1192 lieben
3114 1125 3558 1212 andechtigen,
3597 1131 3719 1194 wir

795 1239 827 1293 5
879 1227 1093 1293 haben
1149 1249 1278 1291 ewr
1324 1225 1661 1292 schreiben
1716 1225 2119 1312 belangende
2167 1226 2282 1292 des
2328 1226 2829 1313 hochgelarthen
2882 1224 3045 1291 hern
3088 1224 3486 1312 Wolffgangi
3523 1226 3714 1294 Blick

877 1327 1161 1393 doctoris
1202 1326 1577 1412 collegiatur
1621 1324 1778 1390 alles
1819 1325 2059 1390 inhalts
2103 1325 2454 1409 vorlessen,
2505 1327 2685 1392 vnnd
2735 1324 3056 1391 nochdem
3095 1327 3215 1390 wir
3254 1325 3436 1391 nicht
3476 1327 3712 1392 andei-s

874 1428 1127 1508 wissen,
1182 1425 1309 1491 dan
1364 1426 1481 1490 das
1536 1425 1674 1492 sich
1729 1424 1934 1490 durch
1990 1425 2305 1512 gedachts
2364 1426 2624 1491 doctors
2680 1423 2892 1490 ehlich
2944 1424 3256 1511 beylager
3315 1428 3714 1511 angetzeigte

878 1525 1258 1611 collegiatur
1301 1524 1680 1610 vorlediget,
1735 1523 1951 1590 lassen
2002 1526 2118 1590 wir
2158 1548 2280 1590 vns
2335 1524 2678 1612 gefallenn,
2739 1523 2858 1592 das
2910 1546 2992 1611 yr
3047 1526 3236 1589 einen
3295 1523 3574 1589 anderen
3633 1548 3712 1590 an

880 1647 1077 1713 seyne
1117 1624 1294 1690 stadt
1331 1623 1633 1689 erwehlet
1668 1633 1790 1689 etc.

797 1738 860 1792 10
1126 1724 1275 1788 Den
1316 1723 1649 1808 wirdigen,
1690 1720 2167 1807 hochgelarten,
2193 1745 2469 1787 vnseren
2509 1722 2720 1788 lieben
2763 1722 3194 1807 andechtigen
3236 1722 3471 1788 herren
3510 1725 3706 1808 magi-

1210 1826 1361 1888 stris
1418 1821 1550 1887 vnd
1614 1819 1986 1888 doctoribus
2043 1843 2272 1886 vnsers
2334 1821 2710 1887 furstlichen
2771 1821 3025 1908 collegii
3082 1821 3200 1886 der
3255 1824 3636 1887 vniuersitet

2211 1943 2332 1986 zcu
2365 1920 2679 2009 Leipczk.

1039 2378 1318 2451 Hierauf
1338 2378 1501 2453 folyt
1554 2374 1649 2433 ein
1692 2375 1878 2433 leeres
1916 2375 2088 2432 Blatt
2133 2367 2273 2458 (13)
2318 2377 2444 2433 und
2483 2377 2649 2434 daun
2692 2375 2929 2451 beyinnt
2970 2374 3065 2433 die
3105 2373 3303 2432 zweite
3345 2375 3710 2452 Abtlm‘lunq,

874 2480 1089 2537 wieder
1132 2496 1245 2535 von
1284 2478 1420 2535 Jolz.
1462 2473 1658 2532 Fabri
1700 2473 1889 2531 selber
1927 2473 2322 2549 yesclzrieben.

798 2653 855 2706 15
1043 2637 1164 2726 [Bl.
1193 2645 1267 2706 14
1278 2636 1331 2723 “]
1370 2637 1628 2701 Statuta
1671 2656 1971 2699 conven
1988 2644 2110 2699 tor
2127 2655 2240 2697 em
2283 2645 2358 2698 et
2399 2657 2429 2697 s
2446 2657 2600 2722 upp
2617 2658 2653 2700 6
2670 2636 2826 2700 6116
2866 2656 3177 2722 praesens
3218 2634 3558 2722 collegium
3601 2637 3705 2699 im-

876 2749 1202 2805 morantes
1247 2735 1697 2802 concernentia
1749 2745 1813 2797 et
1875 2756 1991 2820 per
2041 2734 2487 2819 praepositum
2530 2734 2817 2799 eiusdem
2864 2733 3116 2820 collegii
3159 2743 3458 2822 tempore
3499 2736 3702 2821 incep-

871 2840 1066 2904 tionis
1107 2838 1426 2903 serotinae
1469 2834 1927 2920 disputationis
1971 2831 2046 2896 16
2059 2855 2105 2917 g
2124 2853 2159 2895 e
2175 2854 2220 2894 n
2235 2830 2279 2895 d
2299 2854 2340 2896 a
2381 2842 2445 2934 et
2486 2854 2529 2919 p
2544 2856 2587 2897 u
2607 2832 2645 2897 b
2658 2832 2715 2897 li
2731 2856 2767 2897 6
2783 2855 2823 2897 a
2837 2856 2880 2897 11
2894 2834 2936 2899 (1
2949 2856 3008 2899 6.

1690 2967 1957 3015 PRIMUM
1996 2964 2309 3013 RESPICIT
2348 2965 2883 3014 GONVENTOREM.

1045 3078 1097 3135 1.
1152 3069 1405 3150 Placet,
1460 3065 1632 3153 quod
1685 3077 2036 3130 conventor
2081 3088 2203 3152 pro
2253 3076 2546 3151 tempore
2591 3068 2877 3130 existens
2924 3066 3269 3131 serotinam
3325 3066 3698 3154 disputacio·

789 3182 1020 3239 20nem
1063 3168 1443 3259 aliquotiens
1485 3168 1553 3231 in
1595 3165 1956 3252 septimana
1996 3166 2191 3230 intret
2233 3175 2296 3230 et
2343 3164 2684 3251 diligenter
2727 3166 3071 3252 respiciat,
3128 3164 3426 3251 quodque
3474 3164 3698 3231 nullum

875 3271 960 3337 ad
998 3269 1339 3354 collegium
1384 3266 1657 3352 recipiat
1699 3264 1801 3329 vel
1844 3263 2036 3329 alicui
2088 3274 2201 3329 aut
2259 3264 2584 3350 aliquibus
2629 3264 2964 3330 comodum
3023 3263 3285 3352 aliquod
3337 3264 3537 3349 locet,
3588 3266 3696 3329 nisi

872 3372 1054 3458 prius
1106 3370 1237 3454 ipsi
1282 3388 1517 3433 nomen
1571 3386 1755 3428 666111
1811 3386 1958 3429 cum
2015 3364 2162 3429 aliis
2220 3386 2434 3429 secum
2491 3364 2814 3428 stantibus
2856 3363 2959 3428 vel
3017 3373 3189 3428 stare
3228 3363 3591 3430 volentibus
3639 3366 3698 3428 in

872 3470 1131 3556 scriptis
1175 3465 1427 3531 dederit
1480 3465 1667 3550 eique
1724 3464 2124 3550 promiserit,
2184 3462 2356 3551 quod
2411 3485 2478 3527 se
2518 3462 2787 3528 honeste
2824 3484 3052 3550 regere
3097 3474 3188 3545 et,
3245 3464 3300 3528 si
3343 3486 3489 3529 eum
3532 3486 3696 3528 exce-

871 3570 1023 3635 dere
1067 3566 1429 3651 contigerit,
1470 3566 1540 3627 in
1581 3562 1929 3627 dictamine
1971 3564 2179 3649 ipsius
2221 3561 2477 3648 collegii
2522 3573 2696 3628 stare
2735 3561 2908 3627 velit.

786 3715 852 3770 25
1036 3706 1090 3766 2.
1153 3699 1314 3764 Item
1356 3695 1568 3761 nullus
1611 3694 1696 3760 ad
1751 3695 2088 3760 comodum
2132 3718 2320 3761 suum
2362 3695 2730 3761 introducat
2781 3694 2882 3760 vel
2942 3695 3264 3760 introduci
3323 3698 3524 3762 faciat
3573 3696 3692 3760 sive

871 3798 953 3867 de
994 3800 1099 3865 die
1140 3800 1277 3863 sive
1321 3795 1403 3860 de
1444 3804 1633 3860 nocte
1675 3793 2007 3859 mulierem
2050 3794 2151 3860 vel
2209 3794 2508 3859 mulieres
2562 3793 2643 3859 de
2698 3794 2960 3881 publica
3012 3795 3438 3865 fornicatione
3493 3818 3691 3883 suspe-

870 3913 1040 3968 ctam
1096 3897 1197 3962 vel
1259 3904 1626 3982 suspectas,
1686 3890 1856 3982 [14¹³]
1918 3893 2038 3958 sub
2095 3917 2307 3982 poena
2363 3895 2551 3958 unius
2608 3893 2856 3959 floreni.
2938 3894 3028 3959 Et
3084 3895 3139 3959 si
3198 3894 3576 3960 secundario
3626 3894 3692 3958 (16

866 4003 989 4070 1166
1030 3998 1358 4064 confessus
1399 3992 1503 4058 vel
1543 3995 1873 4058 convictus
1920 3994 2144 4075 fuerit,
2204 3992 2313 4058 det
2357 3991 2655 4080 duplum3
2701 3994 2756 4057 si
2805 3995 3016 4076 tertio,
3060 3995 3127 4057 in
3167 3993 3362 4080 triplo
3405 3996 3688 4081 puniatur

871 4113 934 4168 et
976 4100 1056 4165 de
1098 4095 1368 4181 collegio
1410 4092 1790 4181 expellatur.
1856 4092 1928 4156 Si
1971 4093 2115 4179 quis
2160 4114 2314 4157 vero
2360 4115 2505 4157 cum
2544 4090 2659 4156 tali
2700 4091 2802 4157 vel
2842 4092 3079 4158 talibus
3126 4092 3366 4157 sederit
3406 4103 3519 4158 aut
3559 4117 3684 4160 con·

790 4213 861 4269 30
873 4198 1271 4267 versationes
1317 4217 1461 4259 cum
1505 4192 1748 4257 eisdem
1790 4193 1857 4256 in
1902 4190 2172 4276 collegio
2229 4189 2559 4273 habuerit,
2615 4190 2826 4257 solvat
2880 4191 3164 4257 medium
3223 4192 3538 4258 florenum
3589 4215 3687 4280 pro

869 4320 1098 4388 poena.
1180 4293 1310 4375 Qui
1354 4305 1566 4357 autem
1608 4290 1769 4355 tales
1824 4313 2136 4376 personas
2194 4289 2533 4376 collegium
2587 4300 3073 4376 praetereuntes
3113 4290 3564 4358 affistulaverit
3599 4300 3689 4357 aut

867 4398 1055 4464 aliter
1099 4390 1553 4460 subsannando
1595 4387 2073 4472 inclamaverit,
2132 4389 2272 4455 sive
2314 4391 2506 4454 etiam
2547 4389 2790 4455 beanos
2838 4390 3176 4476 collegium
3218 4391 3533 4457 intrantes
3571 4390 3686 4480 pul·

867 4496 1132 4563 veribus
1174 4492 1277 4559 vel
1333 4491 1480 4558 aliis
1531 4487 1725 4556 rebus
1767 4488 2115 4574 proiecerit
2165 4497 2279 4553 aut
2320 4488 2481 4553 alias
2525 4489 2949 4576 corporaliter
2991 4488 3450 4574 molestaverit,
3505 4490 3686 4556 solvat

866 4604 1143 4686 quatuor
1184 4614 1444 4680 grossos
1487 4612 1607 4677 pro
1649 4609 1877 4675 poena.

786 4740 855 4798 35
1039 4734 1094 4794 3.
1155 4727 1316 4792 Item
1356 4722 1571 4789 nullus
1621 4721 1702 4786 de
1757 4720 1863 4785 die
1918 4718 2002 4783 ad
2054 4717 2384 4804 publicum
2441 4723 2782 4787 transitum
2838 4731 2988 4788 ante
3040 4722 3380 4811 collegium
3440 4723 3573 4788 sive
3616 4721 3684 4787 ad

872 4830 1121 4895 curiam
1165 4825 1418 4912 collegii
1461 4843 1697 4910 aquam
1732 4818 1835 4885 vel
1877 4818 2132 4883 urinam
2174 4818 2492 4904 effundat,
2538 4844 2657 4887 nec
2702 4821 2972 4887 eandem
3020 4823 3195 4887 circa
3237 4820 3560 4888 cellarium
3599 4820 3680 4886 vel

872 4929 1029 4995 alibi
1072 4924 1439 5011 mingendo,
1490 4918 1972 4988 stercorizando
2015 4916 2333 5001 defoedet,
2376 4942 2582 5008 neque
2628 4921 2791 4987 ollas
2830 4921 3114 4987 urinales
3161 4924 3226 4986 in
3269 4919 3544 4989 dedecus
3579 4921 3676 4987 col·

871 5029 1025 5115 legii
1064 5025 1148 5092 ab
1191 5034 1379 5090 extra
1420 5020 1769 5110 appendat,
1808 5016 1927 5084 sub
1970 5040 2185 5105 poena
2225 5019 2506 5107 quinque
2544 5043 2939 5106 grossorum.

1032 5134 1092 5193 4.
1150 5125 1313 5191 Item
1357 5122 1569 5188 nullus
1611 5120 1789 5187 lobia
1837 5117 2147 5202 studoria,
2208 5141 2388 5185 seras
2445 5131 2559 5185 aut
2614 5143 3031 5210 quaecunque
3074 5121 3205 5187 alia
3249 5121 3453 5188 clavis
3509 5121 3676 5187 affixa

784 5227 1014 5296 4061116
1057 5220 1359 5313 con[15⁸]
1376 5245 1568 5289 sensu
1611 5219 1864 5305 collegii
1912 5216 2226 5305 deponat,
2284 5242 2403 5285 1166
2439 5220 2737 5286 fenestris
2782 5223 2967 5287 novis
3011 5230 3123 5287 aut
3165 5221 3388 5289 ortulis
3427 5224 3671 5311 parietes
