4038 6358
1288 632 1391 684 Die
1425 631 1661 683 staunton
1708 647 1813 683 von
1869 632 2216 686 1503—1520.
3059 631 3181 699 597

353 851 436 915 18.
487 864 1102 916 ΒΑοοΑιΑΜΑΝουε
1161 867 1344 915 ANTE
1406 866 1514 914 sm
1565 866 2074 916 Pnonocmnsn
2118 866 2515 915 Tsnsssrrun
2560 866 2751 916 UNAM
2795 865 3168 928 omasi-10-

911 967 1057 1016 mffl
1095 951 1606 1016 usmcmALEw
1650 967 1722 1014 m
1767 966 2002 1016 scoms
2049 965 2594 1014 nnmnmmssn.

505 1098 800 1180 Quilibet
839 1100 1063 1166 volens
1103 1101 1478 1188 promoveri
1521 1100 1588 1164 in
1631 1097 2111 1165 baccalaurium
2154 1097 2515 1164 medicinae
2541 1107 2793 1163 tenetur
2818 1106 2968 1164 ante
2993 1121 3178 1164 suum

338 1200 664 1286 privatum
692 1222 966 1265 examen
986 1209 1050 1265 et
1074 1210 1223 1265 ante
1245 1199 1827 1287 dispensacionem,
1872 1222 2038 1286 quae
2080 1198 2241 1263 fiunt
2283 1221 2402 1285 per
2445 1198 2743 1264 doctores
2768 1196 2849 1262 de
2892 1198 3162 1264 consilio

335 1297 659 1363 facultatis
705 1299 1012 1381 eiusdem,
1056 1298 1315 1386 publice
1356 1301 1420 1364 in
1465 1299 1662 1364 scolis
1700 1298 1818 1364 sub
1865 1299 2079 1387 aliquo
2124 1296 2486 1362 medicinae
2531 1296 2795 1363 doctore
2848 1299 3166 1382 quaestio·
3223 1309 3256 1363 5

334 1420 483 1463 nem
525 1396 1010 1464 medicinalem²
1054 1398 1520 1464 determinasse
1562 1409 1625 1463 et
1667 1397 1876 1463 eidem
1922 1398 2177 1464 doctori
2220 1408 2286 1462 et
2328 1397 2472 1461 aliis
2513 1397 2846 1483 magistris
2906 1419 2985 1462 ac
3028 1419 3172 1463 sco-

333 1496 583 1563 laribus
626 1508 886 1563 nostrae
929 1496 1289 1579 facultatis,
1334 1519 1609 1585 arguere
1650 1496 2015 1562 volentibus
2060 1506 2285 1562 contra
2333 1518 2517 1562 suam
2554 1496 2952 1583 posicionem
2968 1545 2986 1579 ,
3057 1519 3178 1585 pro

335 1619 528 1684 posse
570 1597 1036 1685 respondisse&

341 1818 431 1879 19.
489 1830 839 1880 SCOLARES
891 1832 981 1879 ΕΤ
1039 1830 1498 1880 BACCALAURH
1553 1831 1627 1879 m
1685 1830 2040 1879 MEDICINIS
2102 1831 2479 1880 TENENTUR
2540 1830 2822 1880 DECANO
2866 1831 2956 1879 ΕΤ
2999 1831 3178 1880 ALIIS

1068 1930 1515 1980 DOCTOBIBUS
1557 1930 2050 1979 REVERENGIAM
2093 1932 2467 1980 EXHIBERE.
3198 1924 3262 1979 10

502 2063 794 2145 Quilibet
835 2062 1288 2129 baccalaurius
1332 2087 1446 2128 seu
1486 2062 1756 2129 scolaris
1797 2063 2125 2130 facultatis
2147 2064 2438 2130 medicae
2466 2074 2718 2130 tenetur
2759 2085 2879 2151 pro
2921 2063 3065 2129 loco
3110 2074 3174 2129 et

332 2172 628 2251 tempore
675 2172 1071 2250 congruente
1116 2161 1361 2228 decano
1404 2172 1468 2228 et
1509 2161 1880 2229 doctoribus
1927 2163 2219 2229 eiusdem
2259 2163 2590 2229 facultatis
2646 2162 2933 2228 debitum
2978 2162 3173 2229 hono-

327 2285 465 2327 rem
512 2273 577 2328 et
620 2265 1064 2328 reverenciam
1106 2261 1502 2348 impendere,
1548 2262 1668 2329 sub
1712 2286 1924 2350 poena
1965 2286 2097 2327 non
2134 2263 2546 2329 admissionis
2591 2262 2677 2327 ad
2722 2261 2999 2351 aliquem
3027 2286 3173 2350 gra-

327 2361 502 2428 dum.
587 2362 766 2444 Item,
813 2364 869 2427 si
913 2362 1059 2450 quis
1099 2382 1321 2426 eorum
1364 2359 1642 2446 aliquem
1686 2386 1769 2428 ex
1815 2361 2190 2428 doctoribus
2233 2359 2440 2451 (quod
2461 2360 2661 2449 absit)
2703 2363 3012 2427 iniuriose
3041 2385 3174 2427 mo-

326 2461 685 2544 lestaverit,
749 2461 899 2527 talis
954 2484 1082 2527 non
1137 2460 1516 2526 admittatur
1558 2461 1643 2526 ad
1685 2461 1972 2549 aliquam
2028 2464 2539 2549 promocionem,
2619 2463 2744 2527 nisi
2799 2462 2981 2549 prius
3038 2461 3256 2526 sibi15

325 2561 787 2627 reconciliatus
829 2561 1055 2643 fuerit3
1097 2582 1248 2624 nam
1289 2581 1419 2624 non
1465 2570 1565 2625 est
1609 2559 1847 2647 dignus
1887 2561 2109 2650 aliqua
2150 2564 2564 2649 promocione
2582 2612 2600 2646 ,
2659 2563 2769 2650 qui
2813 2563 2946 2629 suis
2986 2584 3172 2649 prae-

334 2660 730 2748 ceptoribus,
776 2684 817 2726 a
859 2660 1093 2748 quibus
1139 2682 1284 2725 eam
1328 2660 1752 2744 affectaverit,
1793 2661 2144 2727 indiscrete
2182 2663 2480 2748 insurgit.

325 2885 423 2945 20.
483 2875 605 2965 [Bl.
649 2884 688 2946 6
700 2874 752 2966 ⁸]
814 2894 1007 2944 onno
1051 2893 1509 2942 PROMOVENDI
1562 2894 2088 2945 BAccALAumos
2150 2892 2535 2946 MEmcmAn
2592 2899 2728 2946 PER
2784 2895 3174 2961 noc'ronES,

1077 2984 1153 3041 et
1189 2975 1516 3061 legitur
1558 2976 1653 3043 do
1673 2978 2002 3045 ctoribu
2024 3003 2054 3045 s
2095 2988 2425 3045 tantum.

495 3129 740 3212 Placet,
785 3127 960 3216 quod
1003 3126 1311 3216 deinceps
1357 3130 1540 3194 iuxta
1584 3134 1831 3195 senium
1876 3130 2217 3210 doctorum
2261 3130 2342 3196 de
2383 3130 2653 3198 consilio
2696 3129 3024 3197 facultatis
3061 3151 3166 3195 ex·
3193 3137 3261 3193 20

325 3231 673 3296 istencium
719 3228 1254 3294 baccalauriandi
1298 3241 1824 3315 promoveantur,
1879 3233 1972 3296 ita
2017 3231 2189 3320 quod
2248 3231 2543 3298 doctores
2585 3232 2871 3298 vicissim
2916 3250 3168 3317 promo·

330 3341 533 3395 veant
577 3340 638 3394 et
684 3329 1178 3395 emolumentum
1222 3326 1915 3395 bacca-laudandorum
1955 3330 2108 3395 inde
2149 3332 2486 3419 recipiant,
2532 3329 2834 3396 videlicet
2876 3328 3072 3417 quod,
3117 3329 3172 3393 si

327 3453 493 3495 unus
537 3438 785 3495 tantum
834 3451 953 3517 pro
999 3426 1213 3514 aliquo
1260 3436 1552 3515 tempore
1594 3427 2181 3495 baccalauriandus
2221 3433 2406 3512 foret,
2451 3443 2606 3496 tunc
2648 3431 2786 3495 eius
2828 3438 3175 3516 promotor,

328 3531 383 3594 si
428 3530 614 3617 prius
656 3527 829 3594 nullo
875 3526 1301 3593 emolumento
1344 3529 1786 3614 participavit,
1831 3529 1900 3593 in
1944 3551 2063 3594 suo
2108 3529 2335 3595 ordine
2392 3530 2632 3595 habeat
2686 3540 2886 3594 totam
2944 3551 3173 3617 peccu-

323 3632 523 3712 niam,
569 3630 756 3693 iuxta
799 3638 1106 3693 statutum
1152 3626 1432 3713 desuper
1473 3628 1829 3692 confectum
1891 3626 2055 3693 solvi
2114 3639 2518 3713 consuetam3
2607 3633 2661 3695 si
2708 3629 2962 3716 plures,
3019 3639 3171 3694 tunc
3192 3638 3258 3694 25

325 3752 472 3794 cum
542 3728 690 3793 aliis
762 3726 1139 3792 doctoribus
1211 3726 1583 3792 immediate
1636 3726 2051 3814 sequentibus
2116 3727 2607 3794 emolumentum
2665 3753 2748 3795 ex
2807 3728 3176 3795 huiusmodi

327 3830 752 3915 promocione
797 3828 1184 3915 proveniens
1229 3825 1885 3914 proporcionabiliter
1924 3824 2176 3891 dividat
2219 3837 2283 3891 et
2326 3827 2675 3894 distribuat
2720 3838 2785 3894 et
2823 3829 3168 3914 unicuique

326 3927 666 3994 doctorum
709 3929 916 3992 eciam
960 3927 1280 4014 integram
1325 3928 1698 4014 porcionem
1743 3926 2011 3990 alicuius
2056 3929 2340 4013 promoti
2385 3929 2733 4010 offerendo,
2774 3951 2893 4017 pro
2929 3951 2998 3994 se
3024 3950 3171 4016 par·

323 4037 458 4093 tem
500 4029 689 4092 unius
729 4025 1128 4092 baccalaurii
1189 4028 1467 4114 promoti
1521 4025 1865 4091 dumtaxat
1917 4027 2289 4112 retinend03
2374 4028 2758 4117 doctorque,
2826 4031 2893 4094 in
2950 4027 3176 4094 ordine

327 4149 603 4216 sequens
651 4128 848 4192 istum
895 4136 1362 4214 promotorem,
1418 4124 1545 4190 alio
1589 4134 1881 4212 tempore
1935 4125 2172 4192 habeat
2227 4129 2653 4215 promovendi
2709 4128 3170 4194 baccalaureos
3191 4136 3259 4192 30

325 4227 720 4308 facultatem,
766 4235 831 4291 et
872 4225 1326 4292 nichilominus
1370 4229 1437 4291 in
1481 4225 1947 4308 emolumento,
1995 4228 2208 4314 prius,
2255 4226 2403 4292 dum
2445 4252 2573 4294 non
2618 4230 2975 4315 promovit,
3018 4233 3177 4315 ‘per-

326 4336 535 4415 cepto,
581 4326 773 4391 debet
815 4348 958 4392 esse
1001 4335 1336 4392 contentus
1380 4335 1444 4390 et
1488 4326 1780 4413 sequenti
1825 4324 2077 4391 doctori
2120 4327 2226 4392 vel
2270 4326 2664 4411 doctoribus,
2714 4330 2824 4416 qui
2868 4350 2998 4393 non
3021 4349 3173 4414 par-

325 4427 624 4514 ticipavit
668 4449 783 4491 seu
820 4425 1317 4512 participarunt,
1355 4424 1788 4492 obvenciones
1831 4425 1981 4491 inde
2029 4438 2390 4515 perceptae,
2438 4427 2631 4493 modo
2676 4451 2802 4515 quo
2838 4451 3035 4515 supra
3063 4450 3172 4492 an-

323 4535 612 4593 notatum
676 4536 807 4608 est,
888 4525 1045 4590 dare
1098 4524 1442 4594 tenebitur.
1528 4525 1618 4589 Et
1671 4534 1741 4590 ut
1797 4525 2174 4613 praedictus
2212 4528 2372 4593 ordo
2417 4527 2752 4593 doctorum
2795 4547 3172 4614 promoven-

324 4628 496 4693 cium
541 4634 607 4691 et
648 4626 946 4709 aliorum,
993 4626 1104 4712 qui
1148 4625 1645 4692 emolumentum
1690 4647 1774 4690 ex
1818 4623 1933 4690 tali
1973 4628 2384 4714 promocione
2428 4637 2888 4715 perceperunt,
2947 4629 3013 4692 in
3070 4650 3166 4693 re·
3189 4636 3256 4692 35

501 4899 523 4949 1
564 4889 865 4965 Corrigiert
896 4892 955 4947 in
990 4896 1131 4948 duas
1161 4895 1501 4965 quaestiones
1535 4892 1901 4950 medicinales.

501 4982 530 5033 2
566 4976 867 5049 Corrigiert
900 4977 960 5032 in
993 4980 1136 5033 duas
1170 4980 1511 5050 quaestiones
1543 4977 1896 5033 medicinales

503 5068 533 5118 3
569 5062 676 5117 Am
717 5061 914 5117 Raude
949 5063 1125 5118 Nota:
1160 5064 1326 5118 Novo
1361 5069 1564 5116 statuto
1600 5069 1816 5116 cautum
1849 5069 1940 5126 est,
1977 5069 2038 5115 ut
2076 5062 2161 5116 bie
2192 5063 2522 5133 respondeat
2551 5062 2749 5132 quivis.
2801 5060 2891 5116 Da
2926 5060 3027 5115 mit
3061 5059 3171 5116 die·

326 5164 438 5202 sem
473 5165 670 5202 novum
702 5154 959 5201 statutum
994 5146 1082 5202 ein
1120 5146 1528 5202 Zusatzartikel
1562 5145 1717 5201 nicht
1747 5146 1991 5215 gemeint
2032 5146 2136 5214 ist,
2182 5162 2242 5200 so
2285 5144 2462 5201 bleibt
2508 5163 2614 5200 nur
2645 5145 2734 5200 die
2773 5144 2971 5200 bochet
3002 5144 3174 5199 wahr—

326 5229 663 5287 scheinliche
697 5229 1111 5302 Vermuthung,
1182 5232 1310 5285 dass
1355 5231 1620 5285 darunter
1671 5230 1769 5286 der
1812 5232 1953 5287 ordo
1979 5231 2349 5303 promovendi
2385 5247 2494 5284 von
2539 5235 2663 5286 1523
2698 5230 3032 5286 verstanden
3068 5230 3163 5285 sei.

326 5315 382 5371 S.
418 5331 473 5372 u
541 5314 648 5370 Die
691 5312 952 5372 Statuten
993 5333 1101 5371 von
1144 5319 1267 5372 1543
1307 5314 1432 5370 sind
1467 5313 1787 5372 schwerlich
1819 5316 2077 5389 gemeint.
