<?xml version="1.0" encoding="UTF-8"?>
<!DOCTYPE html PUBLIC "-//W3C//DTD XHTML 1.0 Transitional//EN"
    "http://www.w3.org/TR/xhtml1/DTD/xhtml1-transitional.dtd">
<html xmlns="http://www.w3.org/1999/xhtml" xml:lang="en" lang="en">
 <head>
  <title>
</title>
<meta http-equiv="Content-Type" content="text/html;charset=utf-8" />
  <meta name='ocr-system' content='tesseract 3.04.00' />
  <meta name='ocr-capabilities' content='ocr_page ocr_carea ocr_par ocr_line ocrx_word'/>
</head>
<body>
  <div class='ocr_page' id='page_1' title='image "./diestatutenbche02leipgoog_0635.png"; bbox 0 0 4038 6358; ppageno 0'>
   <div class='ocr_carea' id='block_1_1' title="bbox 1454 620 3327 689">
    <p class='ocr_par' dir='ltr' id='par_1_1' title="bbox 1454 620 3327 689">
     <span class='ocr_line' id='line_1_1' title="bbox 1454 620 3327 689; baseline 0.005 -16"><span class='ocrx_word' id='word_1_1' title='bbox 1454 623 1556 675; x_wconf 81' lang='lat' dir='ltr'><strong>Die</strong></span> <span class='ocrx_word' id='word_1_2' title='bbox 1591 622 1828 677; x_wconf 79' lang='lat' dir='ltr'><strong>Statuten</strong></span> <span class='ocrx_word' id='word_1_3' title='bbox 1868 639 1992 679; x_wconf 80' lang='lat' dir='ltr'><strong>vom</strong></span> <span class='ocrx_word' id='word_1_4' title='bbox 2028 624 2192 677; x_wconf 70' lang='lat' dir='ltr'><strong>Jahn-e</strong></span> <span class='ocrx_word' id='word_1_5' title='bbox 2233 622 2377 678; x_wconf 72' lang='lat'><strong>1543.</strong></span> <span class='ocrx_word' id='word_1_6' title='bbox 3202 620 3327 689; x_wconf 73' lang='grc'><strong>619</strong></span> 
     </span>
    </p>
   </div>
   <div class='ocr_carea' id='block_1_2' title="bbox 487 801 3323 1195">
    <p class='ocr_par' dir='ltr' id='par_1_2' title="bbox 487 801 3323 1195">
     <span class='ocr_line' id='line_1_2' title="bbox 487 801 3317 895; baseline -0.001 -26"><span class='ocrx_word' id='word_1_7' title='bbox 487 812 704 873; x_wconf 86' lang='lat' dir='ltr'><strong>autem</strong></span> <span class='ocrx_word' id='word_1_8' title='bbox 744 803 1192 888; x_wconf 75' lang='lat' dir='ltr'><strong>existimarint,</strong></span> <span class='ocrx_word' id='word_1_9' title='bbox 1237 828 1310 871; x_wconf 88' lang='lat' dir='ltr'><strong>se</strong></span> <span class='ocrx_word' id='word_1_10' title='bbox 1349 808 1612 875; x_wconf 88' lang='lat' dir='ltr'><strong>mutatis</strong></span> <span class='ocrx_word' id='word_1_11' title='bbox 1656 807 1894 895; x_wconf 87' lang='lat' dir='ltr'><strong>preciis</strong></span> <span class='ocrx_word' id='word_1_12' title='bbox 1923 808 2002 885; x_wconf 47' lang='lat' dir='ltr'><strong>‚in</strong></span> <span class='ocrx_word' id='word_1_13' title='bbox 2046 807 2379 873; x_wconf 86' lang='lat' dir='ltr'><strong>taxatione</strong></span> <span class='ocrx_word' id='word_1_14' title='bbox 2421 801 2769 891; x_wconf 85' lang='lat' dir='ltr'><strong>aliquando</strong></span> <span class='ocrx_word' id='word_1_15' title='bbox 2812 802 3081 891; x_wconf 78' lang='lat' dir='ltr'><strong>gravari</strong></span> <span class='ocrx_word' id='word_1_16' title='bbox 3123 802 3317 891; x_wconf 83' lang='lat' dir='ltr'><strong>phar-</strong></span> 
     </span>
     <span class='ocr_line' id='line_1_3' title="bbox 487 901 3321 995; baseline -0.001 -24"><span class='ocrx_word' id='word_1_17' title='bbox 487 904 886 993; x_wconf 86' lang='lat' dir='ltr'><strong>macopolae,</strong></span> <span class='ocrx_word' id='word_1_18' title='bbox 926 904 1213 970; x_wconf 79' lang='lat' dir='ltr'><strong>indicent</strong></span> <span class='ocrx_word' id='word_1_19' title='bbox 1255 904 1379 973; x_wconf 89' lang='lat' dir='ltr'><strong>hoc</strong></span> <span class='ocrx_word' id='word_1_20' title='bbox 1418 907 1487 971; x_wconf 89' lang='lat' dir='ltr'><strong>in</strong></span> <span class='ocrx_word' id='word_1_21' title='bbox 1532 907 1825 971; x_wconf 79' lang='lat' dir='ltr'><strong>semestri</strong></span> <span class='ocrx_word' id='word_1_22' title='bbox 1871 928 2124 995; x_wconf 91' lang='lat' dir='ltr'><strong>quoque</strong></span> <span class='ocrx_word' id='word_1_23' title='bbox 2175 918 2465 994; x_wconf 88' lang='lat' dir='ltr'><strong>tempore</strong></span> <span class='ocrx_word' id='word_1_24' title='bbox 2508 906 2780 986; x_wconf 88' lang='lat' dir='ltr'><strong>senatui,</strong></span> <span class='ocrx_word' id='word_1_25' title='bbox 2838 914 2911 969; x_wconf 91' lang='lat' dir='ltr'><strong>ut</strong></span> <span class='ocrx_word' id='word_1_26' title='bbox 2963 901 3321 969; x_wconf 89' lang='lat' dir='ltr'><strong>rationibus</strong></span> 
     </span>
     <span class='ocr_line' id='line_1_4' title="bbox 489 1002 3323 1093; baseline -0 -23"><span class='ocrx_word' id='word_1_27' title='bbox 489 1006 778 1093; x_wconf 87' lang='lat' dir='ltr'><strong>ipsorum</strong></span> <span class='ocrx_word' id='word_1_28' title='bbox 817 1013 1070 1070; x_wconf 86' lang='lat' dir='ltr'><strong>mature</strong></span> <span class='ocrx_word' id='word_1_29' title='bbox 1112 1002 1504 1071; x_wconf 78' lang='lat' dir='ltr'><strong>consulatur.</strong></span> <span class='ocrx_word' id='word_1_30' title='bbox 1589 1004 1956 1073; x_wconf 87' lang='lat' dir='ltr'><strong>Secundum</strong></span> <span class='ocrx_word' id='word_1_31' title='bbox 1997 1016 2215 1073; x_wconf 88' lang='lat' dir='ltr'><strong>autem</strong></span> <span class='ocrx_word' id='word_1_32' title='bbox 2255 1006 2615 1093; x_wconf 85' lang='lat' dir='ltr'><strong>Lypsicam</strong></span> <span class='ocrx_word' id='word_1_33' title='bbox 2652 1004 3055 1071; x_wconf 86' lang='lat' dir='ltr'><strong>taxationem</strong></span> <span class='ocrx_word' id='word_1_34' title='bbox 3098 1024 3323 1069; x_wconf 88' lang='lat' dir='ltr'><strong>omnes</strong></span> 
     </span>
     <span class='ocr_line' id='line_1_5' title="bbox 487 1102 3059 1195; baseline -0.002 -24"><span class='ocrx_word' id='word_1_35' title='bbox 487 1102 657 1171; x_wconf 86' lang='lat' dir='ltr'><strong>aliae</strong></span> <span class='ocrx_word' id='word_1_36' title='bbox 695 1104 1062 1171; x_wconf 81' lang='lat' dir='ltr'><strong>taxationes</strong></span> <span class='ocrx_word' id='word_1_37' title='bbox 1104 1104 1172 1170; x_wconf 86' lang='lat' dir='ltr'><strong>in</strong></span> <span class='ocrx_word' id='word_1_38' title='bbox 1214 1102 1460 1170; x_wconf 80' lang='lat' dir='ltr'><strong>ditione</strong></span> <span class='ocrx_word' id='word_1_39' title='bbox 1501 1105 1817 1195; x_wconf 89' lang='lat' dir='ltr'><strong>principis</strong></span> <span class='ocrx_word' id='word_1_40' title='bbox 1856 1107 2067 1173; x_wconf 85' lang='lat' dir='ltr'><strong>nostri</strong></span> <span class='ocrx_word' id='word_1_41' title='bbox 2108 1105 2527 1172; x_wconf 80' lang='lat' dir='ltr'><strong>illustrissimi</strong></span> <span class='ocrx_word' id='word_1_42' title='bbox 2570 1105 3059 1170; x_wconf 79' lang='lat' dir='ltr'><strong>constituantur.</strong></span> 
     </span>
    </p>
   </div>
   <div class='ocr_carea' id='block_1_3' title="bbox 1625 1307 3411 1506">
    <p class='ocr_par' dir='ltr' id='par_1_3' title="bbox 1625 1307 3411 1506">
     <span class='ocr_line' id='line_1_6' title="bbox 1625 1307 3411 1372; baseline 0 -1"><span class='ocrx_word' id='word_1_43' title='bbox 1625 1323 1719 1371; x_wconf 74' lang='grc' dir='ltr'><strong>ΒΕ</strong></span> <span class='ocrx_word' id='word_1_44' title='bbox 1761 1322 2170 1372; x_wconf 72' lang='lat' dir='ltr'><strong>Emnmms.</strong></span> <span class='ocrx_word' id='word_1_45' title='bbox 3376 1307 3411 1365; x_wconf 81' lang='grc'><strong>5</strong></span> 
     </span>
     <span class='ocr_line' id='line_1_7' title="bbox 1679 1441 2157 1506; baseline 0.006 -15"><span class='ocrx_word' id='word_1_46' title='bbox 1679 1441 1813 1506; x_wconf 81' lang='lat' dir='ltr'><strong>Gap</strong></span> <span class='ocrx_word' id='word_1_47' title='bbox 1833 1450 1898 1493; x_wconf 76' lang='lat' dir='ltr'><strong>ut</strong></span> <span class='ocrx_word' id='word_1_48' title='bbox 1930 1443 2157 1493; x_wconf 78' lang='lat' dir='ltr'>XXIIII.</span> 
     </span>
    </p>
   </div>
   <div class='ocr_carea' id='block_1_4' title="bbox 485 1567 3457 2929">
    <p class='ocr_par' dir='ltr' id='par_1_4' title="bbox 485 1567 3457 2929">
     <span class='ocr_line' id='line_1_8' title="bbox 650 1567 3327 1661; baseline -0.001 -26"><span class='ocrx_word' id='word_1_49' title='bbox 650 1570 951 1656; x_wconf 89' lang='lat' dir='ltr'><strong>Denique</strong></span> <span class='ocrx_word' id='word_1_50' title='bbox 994 1594 1192 1661; x_wconf 88' lang='lat' dir='ltr'><strong>quum</strong></span> <span class='ocrx_word' id='word_1_51' title='bbox 1233 1573 1479 1659; x_wconf 88' lang='lat' dir='ltr'><strong>passim</strong></span> <span class='ocrx_word' id='word_1_52' title='bbox 1521 1572 2014 1638; x_wconf 88' lang='lat' dir='ltr'><strong>circumforanei</strong></span> <span class='ocrx_word' id='word_1_53' title='bbox 2072 1572 2333 1661; x_wconf 89' lang='lat' dir='ltr'><strong>quidam</strong></span> <span class='ocrx_word' id='word_1_54' title='bbox 2393 1594 2541 1637; x_wconf 90' lang='lat' dir='ltr'><strong>cum</strong></span> <span class='ocrx_word' id='word_1_55' title='bbox 2594 1570 2879 1636; x_wconf 87' lang='lat' dir='ltr'><strong>maximo</strong></span> <span class='ocrx_word' id='word_1_56' title='bbox 2936 1567 3327 1656; x_wconf 89' lang='lat' dir='ltr'><strong>simplicium</strong></span> 
     </span>
     <span class='ocr_line' id='line_1_9' title="bbox 489 1666 3318 1765; baseline -0 -30"><span class='ocrx_word' id='word_1_57' title='bbox 489 1670 775 1758; x_wconf 86' lang='lat' dir='ltr'><strong>periculo</strong></span> <span class='ocrx_word' id='word_1_58' title='bbox 821 1694 1042 1737; x_wconf 88' lang='lat' dir='ltr'><strong>curam</strong></span> <span class='ocrx_word' id='word_1_59' title='bbox 1083 1670 1384 1765; x_wconf 73' lang='lat' dir='ltr'><strong>medendi</strong></span> <span class='ocrx_word' id='word_1_60' title='bbox 1430 1671 1554 1736; x_wconf 86' lang='lat' dir='ltr'><strong>sibi</strong></span> <span class='ocrx_word' id='word_1_61' title='bbox 1597 1671 1958 1756; x_wconf 77' lang='lat' dir='ltr'><strong>adsumant,</strong></span> <span class='ocrx_word' id='word_1_62' title='bbox 2000 1696 2210 1761; x_wconf 89' lang='lat' dir='ltr'><strong>neque</strong></span> <span class='ocrx_word' id='word_1_63' title='bbox 2252 1696 2406 1738; x_wconf 87' lang='lat' dir='ltr'><strong>vero</strong></span> <span class='ocrx_word' id='word_1_64' title='bbox 2445 1692 2718 1759; x_wconf 80' lang='lat' dir='ltr'><strong>usquam</strong></span> <span class='ocrx_word' id='word_1_65' title='bbox 2742 1666 3089 1734; x_wconf 80' lang='lat' dir='ltr'><strong>didicerint</strong></span> <span class='ocrx_word' id='word_1_66' title='bbox 3112 1676 3318 1734; x_wconf 86' lang='lat' dir='ltr'><strong>artem</strong></span> 
     </span>
     <span class='ocr_line' id='line_1_10' title="bbox 495 1766 3317 1859; baseline -0.001 -24"><span class='ocrx_word' id='word_1_67' title='bbox 495 1770 848 1853; x_wconf 87' lang='lat' dir='ltr'><strong>medicam,</strong></span> <span class='ocrx_word' id='word_1_68' title='bbox 939 1780 1006 1835; x_wconf 89' lang='lat' dir='ltr'><strong>et</strong></span> <span class='ocrx_word' id='word_1_69' title='bbox 1060 1778 1277 1840; x_wconf 78' lang='lat' dir='ltr'><strong>tamen</strong></span> <span class='ocrx_word' id='word_1_70' title='bbox 1334 1770 1580 1859; x_wconf 84' lang='lat' dir='ltr'><strong>absque</strong></span> <span class='ocrx_word' id='word_1_71' title='bbox 1633 1773 1808 1837; x_wconf 88' lang='lat' dir='ltr'><strong>omni</strong></span> <span class='ocrx_word' id='word_1_72' title='bbox 1867 1774 2232 1839; x_wconf 89' lang='lat' dir='ltr'><strong>testimonio</strong></span> <span class='ocrx_word' id='word_1_73' title='bbox 2289 1772 2657 1837; x_wconf 83' lang='lat' dir='ltr'><strong>doctoratus</strong></span> <span class='ocrx_word' id='word_1_74' title='bbox 2712 1766 2965 1833; x_wconf 82' lang='lat' dir='ltr'><strong>titulum</strong></span> <span class='ocrx_word' id='word_1_75' title='bbox 3006 1768 3317 1849; x_wconf 87' lang='lat' dir='ltr'><strong>iactitent,</strong></span> 
     </span>
     <span class='ocr_line' id='line_1_11' title="bbox 485 1865 3412 1959; baseline -0.001 -24"><span class='ocrx_word' id='word_1_76' title='bbox 485 1871 705 1935; x_wconf 87' lang='lat' dir='ltr'><strong>visum</strong></span> <span class='ocrx_word' id='word_1_77' title='bbox 746 1879 846 1936; x_wconf 86' lang='lat' dir='ltr'><strong>est</strong></span> <span class='ocrx_word' id='word_1_78' title='bbox 884 1891 1014 1957; x_wconf 64' lang='lat' dir='ltr'><strong>eos⁴</strong></span> <span class='ocrx_word' id='word_1_79' title='bbox 1036 1893 1164 1937; x_wconf 89' lang='lat' dir='ltr'><strong>non</strong></span> <span class='ocrx_word' id='word_1_80' title='bbox 1202 1879 1452 1935; x_wconf 82' lang='lat' dir='ltr'><strong>tantum</strong></span> <span class='ocrx_word' id='word_1_81' title='bbox 1494 1893 1580 1935; x_wconf 85' lang='lat' dir='ltr'><strong>ex</strong></span> <span class='ocrx_word' id='word_1_82' title='bbox 1618 1870 1779 1937; x_wconf 86' lang='lat' dir='ltr'><strong>urbe</strong></span> <span class='ocrx_word' id='word_1_83' title='bbox 1816 1871 2167 1959; x_wconf 86' lang='lat' dir='ltr'><strong>Lypsiensi</strong></span> <span class='ocrx_word' id='word_1_84' title='bbox 2208 1870 2323 1943; x_wconf 86' lang='lat' dir='ltr'><strong>sed</strong></span> <span class='ocrx_word' id='word_1_85' title='bbox 2365 1872 2559 1935; x_wconf 88' lang='lat' dir='ltr'><strong>etiam</strong></span> <span class='ocrx_word' id='word_1_86' title='bbox 2604 1891 2686 1934; x_wconf 89' lang='lat' dir='ltr'><strong>ex</strong></span> <span class='ocrx_word' id='word_1_87' title='bbox 2727 1869 3033 1934; x_wconf 85' lang='lat' dir='ltr'><strong>universa</strong></span> <span class='ocrx_word' id='word_1_88' title='bbox 3073 1865 3316 1933; x_wconf 87' lang='lat' dir='ltr'><strong>ditione</strong></span> <span class='ocrx_word' id='word_1_89' title='bbox 3345 1875 3412 1931; x_wconf 90' lang='lat'><strong>10</strong></span> 
     </span>
     <span class='ocr_line' id='line_1_12' title="bbox 497 1964 3331 2058; baseline -0.001 -25"><span class='ocrx_word' id='word_1_90' title='bbox 497 1970 815 2056; x_wconf 89' lang='lat' dir='ltr'><strong>principis</strong></span> <span class='ocrx_word' id='word_1_91' title='bbox 861 1970 1070 2037; x_wconf 83' lang='lat' dir='ltr'><strong>nostri</strong></span> <span class='ocrx_word' id='word_1_92' title='bbox 1111 1969 1454 2057; x_wconf 86' lang='lat' dir='ltr'><strong>expellere.</strong></span> <span class='ocrx_word' id='word_1_93' title='bbox 1531 1970 1965 2038; x_wconf 74' lang='lat' dir='ltr'><strong>constitutum</strong></span> <span class='ocrx_word' id='word_1_94' title='bbox 2009 1983 2108 2037; x_wconf 91' lang='lat' dir='ltr'><strong>est</strong></span> <span class='ocrx_word' id='word_1_95' title='bbox 2150 1973 2387 2058; x_wconf 89' lang='lat' dir='ltr'><strong>itaque,</strong></span> <span class='ocrx_word' id='word_1_96' title='bbox 2431 1978 2501 2033; x_wconf 92' lang='lat' dir='ltr'><strong>ut</strong></span> <span class='ocrx_word' id='word_1_97' title='bbox 2540 1966 2755 2035; x_wconf 87' lang='lat' dir='ltr'><strong>nullus</strong></span> <span class='ocrx_word' id='word_1_98' title='bbox 2798 1967 3183 2055; x_wconf 87' lang='lat' dir='ltr'><strong>empeiricus</strong></span> <span class='ocrx_word' id='word_1_99' title='bbox 3224 1964 3331 2031; x_wconf 89' lang='lat' dir='ltr'><strong>hic</strong></span> 
     </span>
     <span class='ocr_line' id='line_1_13' title="bbox 485 2066 3329 2157; baseline -0.001 -24"><span class='ocrx_word' id='word_1_100' title='bbox 485 2067 589 2133; x_wconf 87' lang='lat' dir='ltr'><strong>vel</strong></span> <span class='ocrx_word' id='word_1_101' title='bbox 651 2066 811 2133; x_wconf 85' lang='lat' dir='ltr'><strong>alibi</strong></span> <span class='ocrx_word' id='word_1_102' title='bbox 861 2068 1249 2137; x_wconf 82' lang='lat' dir='ltr'><strong>medicinam</strong></span> <span class='ocrx_word' id='word_1_103' title='bbox 1307 2069 1660 2138; x_wconf 84' lang='lat' dir='ltr'><strong>adhibendi</strong></span> <span class='ocrx_word' id='word_1_104' title='bbox 1717 2092 1986 2157; x_wconf 91' lang='lat' dir='ltr'><strong>eamque</strong></span> <span class='ocrx_word' id='word_1_105' title='bbox 2045 2069 2369 2136; x_wconf 82' lang='lat' dir='ltr'><strong>vendendi</strong></span> <span class='ocrx_word' id='word_1_106' title='bbox 2428 2074 2813 2155; x_wconf 88' lang='lat' dir='ltr'><strong>potestatem</strong></span> <span class='ocrx_word' id='word_1_107' title='bbox 2866 2067 3107 2134; x_wconf 88' lang='lat' dir='ltr'><strong>habeat</strong></span> <span class='ocrx_word' id='word_1_108' title='bbox 3121 2115 3140 2149; x_wconf 99' lang='lat'><strong>,</strong></span> <span class='ocrx_word' id='word_1_109' title='bbox 3200 2066 3329 2130; x_wconf 87' lang='lat' dir='ltr'><strong>nisi</strong></span> 
     </span>
     <span class='ocr_line' id='line_1_14' title="bbox 485 2164 3329 2254; baseline -0 -23"><span class='ocrx_word' id='word_1_110' title='bbox 485 2168 666 2254; x_wconf 88' lang='lat' dir='ltr'><strong>prius</strong></span> <span class='ocrx_word' id='word_1_111' title='bbox 711 2166 1026 2233; x_wconf 89' lang='lat' dir='ltr'><strong>decanum</strong></span> <span class='ocrx_word' id='word_1_112' title='bbox 1063 2178 1128 2234; x_wconf 90' lang='lat' dir='ltr'><strong>et</strong></span> <span class='ocrx_word' id='word_1_113' title='bbox 1173 2168 1512 2235; x_wconf 86' lang='lat' dir='ltr'><strong>consilium</strong></span> <span class='ocrx_word' id='word_1_114' title='bbox 1561 2167 1886 2235; x_wconf 86' lang='lat' dir='ltr'><strong>facultatis</strong></span> <span class='ocrx_word' id='word_1_115' title='bbox 1927 2178 2041 2236; x_wconf 84' lang='lat' dir='ltr'><strong>aut</strong></span> <span class='ocrx_word' id='word_1_116' title='bbox 2080 2170 2400 2236; x_wconf 84' lang='lat' dir='ltr'><strong>medicum</strong></span> <span class='ocrx_word' id='word_1_117' title='bbox 2454 2166 2628 2233; x_wconf 89' lang='lat' dir='ltr'><strong>illius</strong></span> <span class='ocrx_word' id='word_1_118' title='bbox 2679 2166 2859 2233; x_wconf 86' lang='lat' dir='ltr'><strong>urbis</strong></span> <span class='ocrx_word' id='word_1_119' title='bbox 2877 2215 2895 2249; x_wconf 93' lang='lat'><strong>,</strong></span> <span class='ocrx_word' id='word_1_120' title='bbox 2954 2164 3067 2232; x_wconf 92' lang='lat' dir='ltr'><strong>ubi</strong></span> <span class='ocrx_word' id='word_1_121' title='bbox 3123 2174 3329 2231; x_wconf 87' lang='lat' dir='ltr'><strong>artem</strong></span> 
     </span>
     <span class='ocr_line' id='line_1_15' title="bbox 498 2263 3329 2355; baseline -0.001 -24"><span class='ocrx_word' id='word_1_122' title='bbox 498 2289 678 2332; x_wconf 90' lang='lat' dir='ltr'><strong>suam</strong></span> <span class='ocrx_word' id='word_1_123' title='bbox 724 2288 1034 2333; x_wconf 81' lang='lat' dir='ltr'><strong>exercere</strong></span> <span class='ocrx_word' id='word_1_124' title='bbox 1073 2266 1230 2351; x_wconf 82' lang='lat' dir='ltr'><strong>vult,</strong></span> <span class='ocrx_word' id='word_1_125' title='bbox 1278 2268 1475 2334; x_wconf 88' lang='lat' dir='ltr'><strong>adeat</strong></span> <span class='ocrx_word' id='word_1_126' title='bbox 1516 2276 1580 2333; x_wconf 91' lang='lat' dir='ltr'><strong>et</strong></span> <span class='ocrx_word' id='word_1_127' title='bbox 1622 2270 1876 2334; x_wconf 86' lang='lat' dir='ltr'><strong>veniam</strong></span> <span class='ocrx_word' id='word_1_128' title='bbox 1921 2268 2227 2335; x_wconf 90' lang='lat' dir='ltr'><strong>medendi</strong></span> <span class='ocrx_word' id='word_1_129' title='bbox 2270 2277 2744 2355; x_wconf 87' lang='lat' dir='ltr'><strong>comprecetur,</strong></span> <span class='ocrx_word' id='word_1_130' title='bbox 2804 2267 2915 2353; x_wconf 91' lang='lat' dir='ltr'><strong>qui</strong></span> <span class='ocrx_word' id='word_1_131' title='bbox 2974 2264 3207 2331; x_wconf 89' lang='lat' dir='ltr'><strong>deinde</strong></span> <span class='ocrx_word' id='word_1_132' title='bbox 3248 2263 3329 2329; x_wconf 88' lang='lat' dir='ltr'><strong>de</strong></span> 
     </span>
     <span class='ocr_line' id='line_1_16' title="bbox 491 2364 3414 2455; baseline -0.001 -25"><span class='ocrx_word' id='word_1_133' title='bbox 491 2387 565 2431; x_wconf 88' lang='lat' dir='ltr'><strong>eo</strong></span> <span class='ocrx_word' id='word_1_134' title='bbox 607 2367 1001 2431; x_wconf 85' lang='lat' dir='ltr'><strong>constituant</strong></span> <span class='ocrx_word' id='word_1_135' title='bbox 1042 2375 1106 2432; x_wconf 91' lang='lat' dir='ltr'><strong>et</strong></span> <span class='ocrx_word' id='word_1_136' title='bbox 1122 2416 1140 2449; x_wconf 91' lang='lat'><strong>,</strong></span> <span class='ocrx_word' id='word_1_137' title='bbox 1199 2368 1256 2433; x_wconf 88' lang='lat' dir='ltr'><strong>si</strong></span> <span class='ocrx_word' id='word_1_138' title='bbox 1315 2378 1519 2433; x_wconf 89' lang='lat' dir='ltr'><strong>artem</strong></span> <span class='ocrx_word' id='word_1_139' title='bbox 1563 2368 1767 2455; x_wconf 89' lang='lat' dir='ltr'><strong>ipsius</strong></span> <span class='ocrx_word' id='word_1_140' title='bbox 1811 2367 2251 2455; x_wconf 85' lang='lat' dir='ltr'><strong>probaverint,</strong></span> <span class='ocrx_word' id='word_1_141' title='bbox 2292 2366 2672 2436; x_wconf 78' lang='lat' dir='ltr'><strong>admittant:</strong></span> <span class='ocrx_word' id='word_1_142' title='bbox 2758 2364 2858 2429; x_wconf 90' lang='lat' dir='ltr'><strong>sin</strong></span> <span class='ocrx_word' id='word_1_143' title='bbox 2911 2365 3329 2452; x_wconf 88' lang='lat' dir='ltr'><strong>impostorem</strong></span> <span class='ocrx_word' id='word_1_144' title='bbox 3352 2372 3414 2428; x_wconf 84' lang='lat'><strong>15</strong></span> 
     </span>
     <span class='ocr_line' id='line_1_17' title="bbox 487 2461 3332 2556; baseline -0.001 -27"><span class='ocrx_word' id='word_1_145' title='bbox 487 2464 927 2530; x_wconf 86' lang='lat' dir='ltr'><strong>intellexerint</strong></span> <span class='ocrx_word' id='word_1_146' title='bbox 963 2486 1124 2549; x_wconf 86' lang='lat' dir='ltr'><strong>esse,</strong></span> <span class='ocrx_word' id='word_1_147' title='bbox 1167 2466 1561 2533; x_wconf 86' lang='lat' dir='ltr'><strong>interdicant</strong></span> <span class='ocrx_word' id='word_1_148' title='bbox 1601 2465 1697 2531; x_wconf 89' lang='lat' dir='ltr'><strong>illi</strong></span> <span class='ocrx_word' id='word_1_149' title='bbox 1715 2515 1732 2548; x_wconf 93' lang='lat'><strong>,</strong></span> <span class='ocrx_word' id='word_1_150' title='bbox 1795 2490 1876 2532; x_wconf 89' lang='lat' dir='ltr'><strong>ne</strong></span> <span class='ocrx_word' id='word_1_151' title='bbox 1931 2467 2036 2532; x_wconf 83' lang='lat' dir='ltr'><strong>vel</strong></span> <span class='ocrx_word' id='word_1_152' title='bbox 2092 2468 2513 2556; x_wconf 89' lang='lat' dir='ltr'><strong>pharmacum</strong></span> <span class='ocrx_word' id='word_1_153' title='bbox 2570 2464 2773 2531; x_wconf 92' lang='lat' dir='ltr'><strong>ullum</strong></span> <span class='ocrx_word' id='word_1_154' title='bbox 2812 2463 3056 2529; x_wconf 84' lang='lat' dir='ltr'><strong>vendat</strong></span> <span class='ocrx_word' id='word_1_155' title='bbox 3095 2463 3200 2529; x_wconf 87' lang='lat' dir='ltr'><strong>vel</strong></span> <span class='ocrx_word' id='word_1_156' title='bbox 3246 2461 3332 2528; x_wconf 84' lang='lat' dir='ltr'><strong>ad</strong></span> 
     </span>
     <span class='ocr_line' id='line_1_18' title="bbox 490 2559 3332 2653; baseline -0.001 -24"><span class='ocrx_word' id='word_1_157' title='bbox 490 2586 724 2649; x_wconf 82' lang='lat' dir='ltr'><strong>aegros</strong></span> <span class='ocrx_word' id='word_1_158' title='bbox 769 2563 1068 2629; x_wconf 88' lang='lat' dir='ltr'><strong>medendi</strong></span> <span class='ocrx_word' id='word_1_159' title='bbox 1111 2588 1222 2631; x_wconf 88' lang='lat' dir='ltr'><strong>eos</strong></span> <span class='ocrx_word' id='word_1_160' title='bbox 1268 2588 1502 2632; x_wconf 86' lang='lat' dir='ltr'><strong>caussa</strong></span> <span class='ocrx_word' id='word_1_161' title='bbox 1536 2566 1746 2631; x_wconf 78' lang='lat' dir='ltr'><strong>adeat.</strong></span> <span class='ocrx_word' id='word_1_162' title='bbox 1811 2565 2025 2648; x_wconf 69' lang='lat' dir='ltr'><strong>Quod</strong></span> <span class='ocrx_word' id='word_1_163' title='bbox 2071 2569 2127 2632; x_wconf 86' lang='lat' dir='ltr'><strong>si</strong></span> <span class='ocrx_word' id='word_1_164' title='bbox 2172 2587 2325 2632; x_wconf 81' lang='lat' dir='ltr'><strong>vero</strong></span> <span class='ocrx_word' id='word_1_165' title='bbox 2368 2564 2601 2653; x_wconf 83' lang='lat' dir='ltr'><strong>aliquis</strong></span> <span class='ocrx_word' id='word_1_166' title='bbox 2643 2563 2805 2629; x_wconf 90' lang='lat' dir='ltr'><strong>haec</strong></span> <span class='ocrx_word' id='word_1_167' title='bbox 2841 2559 3177 2649; x_wconf 86' lang='lat' dir='ltr'><strong>negligens</strong></span> <span class='ocrx_word' id='word_1_168' title='bbox 3218 2569 3332 2627; x_wconf 84' lang='lat' dir='ltr'><strong>aut</strong></span> 
     </span>
     <span class='ocr_line' id='line_1_19' title="bbox 493 2662 3332 2751; baseline -0.001 -24"><span class='ocrx_word' id='word_1_169' title='bbox 493 2664 604 2751; x_wconf 90' lang='lat' dir='ltr'><strong>qui</strong></span> <span class='ocrx_word' id='word_1_170' title='bbox 649 2685 719 2728; x_wconf 93' lang='lat' dir='ltr'><strong>se</strong></span> <span class='ocrx_word' id='word_1_171' title='bbox 764 2663 1137 2730; x_wconf 87' lang='lat' dir='ltr'><strong>doctoratus</strong></span> <span class='ocrx_word' id='word_1_172' title='bbox 1177 2664 1362 2731; x_wconf 88' lang='lat' dir='ltr'><strong>titulo</strong></span> <span class='ocrx_word' id='word_1_173' title='bbox 1421 2667 1670 2732; x_wconf 79' lang='lat' dir='ltr'><strong>iactitet</strong></span> <span class='ocrx_word' id='word_1_174' title='bbox 1728 2688 1849 2731; x_wconf 92' lang='lat' dir='ltr'><strong>nec</strong></span> <span class='ocrx_word' id='word_1_175' title='bbox 1904 2676 2081 2732; x_wconf 83' lang='lat' dir='ltr'><strong>certa</strong></span> <span class='ocrx_word' id='word_1_176' title='bbox 2140 2666 2525 2732; x_wconf 87' lang='lat' dir='ltr'><strong>documenta</strong></span> <span class='ocrx_word' id='word_1_177' title='bbox 2580 2665 2716 2729; x_wconf 86' lang='lat' dir='ltr'><strong>sive</strong></span> <span class='ocrx_word' id='word_1_178' title='bbox 2772 2663 3144 2728; x_wconf 90' lang='lat' dir='ltr'><strong>testimonia</strong></span> <span class='ocrx_word' id='word_1_179' title='bbox 3194 2662 3332 2726; x_wconf 88' lang='lat' dir='ltr'><strong>eius</strong></span> 
     </span>
     <span class='ocr_line' id='line_1_20' title="bbox 491 2759 3457 2852; baseline -0 -25"><span class='ocrx_word' id='word_1_180' title='bbox 491 2762 588 2827; x_wconf 90' lang='lat' dir='ltr'><strong>rei</strong></span> <span class='ocrx_word' id='word_1_181' title='bbox 633 2760 894 2844; x_wconf 83' lang='lat' dir='ltr'><strong>habeat,</strong></span> <span class='ocrx_word' id='word_1_182' title='bbox 937 2762 1417 2850; x_wconf 86' lang='lat' dir='ltr'><strong>depraehensus</strong></span> <span class='ocrx_word' id='word_1_183' title='bbox 1455 2766 1668 2849; x_wconf 83' lang='lat' dir='ltr'><strong>fuerit,</strong></span> <span class='ocrx_word' id='word_1_184' title='bbox 1711 2768 1780 2832; x_wconf 91' lang='lat' dir='ltr'><strong>in</strong></span> <span class='ocrx_word' id='word_1_185' title='bbox 1819 2788 1959 2831; x_wconf 90' lang='lat' dir='ltr'><strong>eum</strong></span> <span class='ocrx_word' id='word_1_186' title='bbox 2005 2766 2426 2852; x_wconf 86' lang='lat' dir='ltr'><strong>magistratus</strong></span> <span class='ocrx_word' id='word_1_187' title='bbox 2470 2786 2591 2851; x_wconf 91' lang='lat' dir='ltr'><strong>pro</strong></span> <span class='ocrx_word' id='word_1_188' title='bbox 2636 2760 3001 2829; x_wconf 84' lang='lat' dir='ltr'><strong>conditione</strong></span> <span class='ocrx_word' id='word_1_189' title='bbox 3043 2759 3329 2827; x_wconf 90' lang='lat' dir='ltr'><strong>animad-</strong></span> <span class='ocrx_word' id='word_1_190' title='bbox 3445 2762 3457 2776; x_wconf 88' lang='grc'><strong>”</strong></span> 
     </span>
     <span class='ocr_line' id='line_1_21' title="bbox 490 2858 3409 2929; baseline 0 -3"><span class='ocrx_word' id='word_1_191' title='bbox 490 2870 744 2927; x_wconf 86' lang='lat' dir='ltr'><strong>vertere</strong></span> <span class='ocrx_word' id='word_1_192' title='bbox 786 2858 999 2929; x_wconf 86' lang='lat' dir='ltr'><strong>debet.</strong></span> <span class='ocrx_word' id='word_1_193' title='bbox 3340 2866 3409 2926; x_wconf 78' lang='lat'><strong>20</strong></span> 
     </span>
    </p>
   </div>
   <div class='ocr_carea' id='block_1_5' title="bbox 1143 3723 2667 3780">
    <p class='ocr_par' dir='ltr' id='par_1_5' title="bbox 1143 3723 2667 3780">
     <span class='ocr_line' id='line_1_22' title="bbox 1143 3723 2667 3780; baseline 0.003 -6"><span class='ocrx_word' id='word_1_194' title='bbox 1143 3723 1191 3774; x_wconf 82' lang='lat'><strong>5.</strong></span> <span class='ocrx_word' id='word_1_195' title='bbox 1239 3723 1804 3778; x_wconf 72' lang='lat' dir='ltr'>BESTIMMUNGEN</span> <span class='ocrx_word' id='word_1_196' title='bbox 1850 3725 1993 3778; x_wconf 75' lang='lat' dir='ltr'><strong>Ans</strong></span> <span class='ocrx_word' id='word_1_197' title='bbox 2028 3727 2185 3779; x_wconf 74' lang='lat' dir='ltr'><strong>mm</strong></span> <span class='ocrx_word' id='word_1_198' title='bbox 2217 3727 2451 3780; x_wconf 73' lang='lat' dir='ltr'><strong>JAHRE</strong></span> <span class='ocrx_word' id='word_1_199' title='bbox 2498 3727 2667 3780; x_wconf 78' lang='lat'>15551.</span> 
     </span>
    </p>
   </div>
   <div class='ocr_carea' id='block_1_6' title="bbox 767 3886 3059 3977">
    <p class='ocr_par' dir='ltr' id='par_1_6' title="bbox 767 3886 3059 3977">
     <span class='ocr_line' id='line_1_23' title="bbox 767 3886 3059 3977; baseline 0.001 -23"><span class='ocrx_word' id='word_1_200' title='bbox 767 3886 857 3976; x_wconf 88' lang='lat' dir='ltr'><strong>[S.</strong></span> <span class='ocrx_word' id='word_1_201' title='bbox 902 3886 986 3977; x_wconf 88' lang='lat'><strong>5.]</strong></span> <span class='ocrx_word' id='word_1_202' title='bbox 1043 3907 1116 3954; x_wconf 79' lang='lat' dir='ltr'><strong>m</strong></span> <span class='ocrx_word' id='word_1_203' title='bbox 1160 3907 1427 3957; x_wconf 71' lang='lat' dir='ltr'><strong>nomn</strong></span> <span class='ocrx_word' id='word_1_204' title='bbox 1472 3905 1778 3958; x_wconf 59' lang='lat' dir='ltr'><strong>sancus</strong></span> <span class='ocrx_word' id='word_1_205' title='bbox 1821 3910 1913 3957; x_wconf 79' lang='lat' dir='ltr'><strong>m·</strong></span> <span class='ocrx_word' id='word_1_206' title='bbox 1952 3909 2365 3959; x_wconf 70' lang='lat' dir='ltr'><strong>mmvmum</strong></span> <span class='ocrx_word' id='word_1_207' title='bbox 2414 3911 2809 3960; x_wconf 71' lang='lat' dir='ltr'><strong>‘ramnus</strong></span> <span class='ocrx_word' id='word_1_208' title='bbox 2854 3909 3059 3958; x_wconf 68' lang='lat' dir='ltr'><strong>mu.</strong></span> 
     </span>
    </p>
   </div>
   <div class='ocr_carea' id='block_1_7' title="bbox 490 4037 3412 5090">
    <p class='ocr_par' dir='ltr' id='par_1_7' title="bbox 490 4037 3412 4728">
     <span class='ocr_line' id='line_1_24' title="bbox 655 4037 3321 4132; baseline 0.001 -28"><span class='ocrx_word' id='word_1_209' title='bbox 655 4037 846 4104; x_wconf 88' lang='lat' dir='ltr'><strong>Anno</strong></span> <span class='ocrx_word' id='word_1_210' title='bbox 896 4043 1052 4104; x_wconf 75' lang='lat'>1555</span> <span class='ocrx_word' id='word_1_211' title='bbox 1095 4039 1310 4127; x_wconf 88' lang='lat' dir='ltr'><strong>prima</strong></span> <span class='ocrx_word' id='word_1_212' title='bbox 1350 4041 1498 4107; x_wconf 90' lang='lat' dir='ltr'><strong>Iulii</strong></span> <span class='ocrx_word' id='word_1_213' title='bbox 1539 4038 1625 4128; x_wconf 79' lang='lat' dir='ltr'><strong>(d.</strong></span> <span class='ocrx_word' id='word_1_214' title='bbox 1670 4049 1726 4108; x_wconf 91' lang='lat'><strong>1.</strong></span> <span class='ocrx_word' id='word_1_215' title='bbox 1768 4040 1929 4132; x_wconf 78' lang='lat' dir='ltr'><strong>Juli)</strong></span> <span class='ocrx_word' id='word_1_216' title='bbox 1971 4041 2247 4110; x_wconf 82' lang='lat' dir='ltr'><strong>facultas</strong></span> <span class='ocrx_word' id='word_1_217' title='bbox 2268 4042 2543 4128; x_wconf 85' lang='lat' dir='ltr'><strong>medica,</strong></span> <span class='ocrx_word' id='word_1_218' title='bbox 2586 4066 2732 4110; x_wconf 89' lang='lat' dir='ltr'><strong>cum</strong></span> <span class='ocrx_word' id='word_1_219' title='bbox 2755 4041 3321 4125; x_wconf 84' lang='lat' dir='ltr'><strong>animadverteret,</strong></span> 
     </span>
     <span class='ocr_line' id='line_1_25' title="bbox 495 4137 3328 4229; baseline 0.002 -25"><span class='ocrx_word' id='word_1_220' title='bbox 495 4138 816 4227; x_wconf 86' lang='lat' dir='ltr'><strong>quaedam</strong></span> <span class='ocrx_word' id='word_1_221' title='bbox 856 4160 1018 4221; x_wconf 90' lang='lat' dir='ltr'><strong>esse,</strong></span> <span class='ocrx_word' id='word_1_222' title='bbox 1063 4137 1145 4204; x_wconf 89' lang='lat' dir='ltr'><strong>de</strong></span> <span class='ocrx_word' id='word_1_223' title='bbox 1186 4137 1418 4228; x_wconf 85' lang='lat' dir='ltr'><strong>quibus</strong></span> <span class='ocrx_word' id='word_1_224' title='bbox 1464 4163 1658 4229; x_wconf 88' lang='lat' dir='ltr'><strong>saepe</strong></span> <span class='ocrx_word' id='word_1_225' title='bbox 1699 4141 2014 4209; x_wconf 85' lang='lat' dir='ltr'><strong>incideret</strong></span> <span class='ocrx_word' id='word_1_226' title='bbox 2057 4141 2374 4209; x_wconf 85' lang='lat' dir='ltr'><strong>dubitatio</strong></span> <span class='ocrx_word' id='word_1_227' title='bbox 2417 4154 2483 4209; x_wconf 87' lang='lat' dir='ltr'><strong>et</strong></span> <span class='ocrx_word' id='word_1_228' title='bbox 2533 4144 3007 4226; x_wconf 87' lang='lat' dir='ltr'><strong>controversia,</strong></span> <span class='ocrx_word' id='word_1_229' title='bbox 3060 4163 3141 4208; x_wconf 90' lang='lat' dir='ltr'><strong>ne</strong></span> <span class='ocrx_word' id='word_1_230' title='bbox 3199 4163 3328 4229; x_wconf 80' lang='lat' dir='ltr'><strong>qua</strong></span> 
     </span>
     <span class='ocr_line' id='line_1_26' title="bbox 490 4238 3412 4330; baseline 0.001 -27"><span class='ocrx_word' id='word_1_231' title='bbox 490 4240 749 4304; x_wconf 86' lang='lat' dir='ltr'><strong>occasio</strong></span> <span class='ocrx_word' id='word_1_232' title='bbox 793 4238 1099 4325; x_wconf 89' lang='lat' dir='ltr'><strong>deinceps</strong></span> <span class='ocrx_word' id='word_1_233' title='bbox 1142 4239 1458 4305; x_wconf 87' lang='lat' dir='ltr'><strong>maiorem</strong></span> <span class='ocrx_word' id='word_1_234' title='bbox 1499 4241 1719 4329; x_wconf 87' lang='lat' dir='ltr'><strong>pariat</strong></span> <span class='ocrx_word' id='word_1_235' title='bbox 1776 4241 2239 4308; x_wconf 88' lang='lat' dir='ltr'><strong>dissensionem</strong></span> <span class='ocrx_word' id='word_1_236' title='bbox 2254 4290 2273 4325; x_wconf 89' lang='lat'><strong>,</strong></span> <span class='ocrx_word' id='word_1_237' title='bbox 2329 4264 2401 4307; x_wconf 89' lang='lat' dir='ltr'><strong>re</strong></span> <span class='ocrx_word' id='word_1_238' title='bbox 2456 4242 2800 4330; x_wconf 88' lang='lat' dir='ltr'><strong>diligenter</strong></span> <span class='ocrx_word' id='word_1_239' title='bbox 2854 4239 3212 4308; x_wconf 88' lang='lat' dir='ltr'><strong>deliberata</strong></span> <span class='ocrx_word' id='word_1_240' title='bbox 3266 4250 3331 4308; x_wconf 90' lang='lat' dir='ltr'><strong>et</strong></span> <span class='ocrx_word' id='word_1_241' title='bbox 3346 4249 3412 4306; x_wconf 83' lang='lat'><strong>2⁵</strong></span> 
     </span>
     <span class='ocr_line' id='line_1_27' title="bbox 494 4338 3329 4430; baseline 0.002 -29"><span class='ocrx_word' id='word_1_242' title='bbox 494 4338 565 4401; x_wconf 94' lang='lat' dir='ltr'><strong>in</strong></span> <span class='ocrx_word' id='word_1_243' title='bbox 607 4359 828 4403; x_wconf 84' lang='lat' dir='ltr'><strong>omnes</strong></span> <span class='ocrx_word' id='word_1_244' title='bbox 872 4346 1095 4425; x_wconf 89' lang='lat' dir='ltr'><strong>partes</strong></span> <span class='ocrx_word' id='word_1_245' title='bbox 1138 4359 1449 4424; x_wconf 87' lang='lat' dir='ltr'><strong>expensa,</strong></span> <span class='ocrx_word' id='word_1_246' title='bbox 1493 4341 1782 4406; x_wconf 88' lang='lat' dir='ltr'><strong>unanimi</strong></span> <span class='ocrx_word' id='word_1_247' title='bbox 1823 4363 2137 4408; x_wconf 88' lang='lat' dir='ltr'><strong>consensu</strong></span> <span class='ocrx_word' id='word_1_248' title='bbox 2178 4339 2464 4408; x_wconf 86' lang='lat' dir='ltr'><strong>decrevit</strong></span> <span class='ocrx_word' id='word_1_249' title='bbox 2502 4341 2683 4425; x_wconf 88' lang='lat' dir='ltr'><strong>haec,</strong></span> <span class='ocrx_word' id='word_1_250' title='bbox 2736 4364 2901 4430; x_wconf 89' lang='lat' dir='ltr'><strong>quae</strong></span> <span class='ocrx_word' id='word_1_251' title='bbox 2956 4350 3329 4428; x_wconf 88' lang='lat' dir='ltr'><strong>sequuntur,</strong></span> 
     </span>
     <span class='ocr_line' id='line_1_28' title="bbox 493 4437 3326 4529; baseline 0.001 -27"><span class='ocrx_word' id='word_1_252' title='bbox 493 4437 564 4502; x_wconf 90' lang='lat' dir='ltr'><strong>in</strong></span> <span class='ocrx_word' id='word_1_253' title='bbox 605 4446 935 4525; x_wconf 88' lang='lat' dir='ltr'><strong>posterum</strong></span> <span class='ocrx_word' id='word_1_254' title='bbox 979 4446 1292 4524; x_wconf 88' lang='lat' dir='ltr'><strong>perpetuo</strong></span> <span class='ocrx_word' id='word_1_255' title='bbox 1335 4439 1428 4502; x_wconf 89' lang='lat' dir='ltr'><strong>ita</strong></span> <span class='ocrx_word' id='word_1_256' title='bbox 1481 4461 1623 4504; x_wconf 90' lang='lat' dir='ltr'><strong>esse</strong></span> <span class='ocrx_word' id='word_1_257' title='bbox 1676 4440 2037 4522; x_wconf 84' lang='lat' dir='ltr'><strong>servanda,</strong></span> <span class='ocrx_word' id='word_1_258' title='bbox 2122 4449 2193 4505; x_wconf 93' lang='lat' dir='ltr'><strong>ut</strong></span> <span class='ocrx_word' id='word_1_259' title='bbox 2243 4439 2403 4505; x_wconf 86' lang='lat' dir='ltr'><strong>nulli</strong></span> <span class='ocrx_word' id='word_1_260' title='bbox 2453 4441 2655 4520; x_wconf 42' lang='lat' dir='ltr'><strong>liceat,</strong></span> <span class='ocrx_word' id='word_1_261' title='bbox 2701 4450 2929 4506; x_wconf 89' lang='lat' dir='ltr'><strong>contra</strong></span> <span class='ocrx_word' id='word_1_262' title='bbox 2983 4462 3092 4522; x_wconf 89' lang='lat' dir='ltr'><strong>ea,</strong></span> <span class='ocrx_word' id='word_1_263' title='bbox 3159 4461 3326 4529; x_wconf 88' lang='lat' dir='ltr'><strong>quae</strong></span> 
     </span>
     <span class='ocr_line' id='line_1_29' title="bbox 494 4531 3325 4628; baseline 0 -26"><span class='ocrx_word' id='word_1_264' title='bbox 494 4535 688 4602; x_wconf 89' lang='lat' dir='ltr'><strong>semel</strong></span> <span class='ocrx_word' id='word_1_265' title='bbox 756 4544 932 4602; x_wconf 88' lang='lat' dir='ltr'><strong>recte</strong></span> <span class='ocrx_word' id='word_1_266' title='bbox 992 4537 1344 4603; x_wconf 84' lang='lat' dir='ltr'><strong>constituta</strong></span> <span class='ocrx_word' id='word_1_267' title='bbox 1385 4531 1570 4621; x_wconf 78' lang='lat' dir='ltr'><strong>sunt,</strong></span> <span class='ocrx_word' id='word_1_268' title='bbox 1633 4549 1872 4605; x_wconf 86' lang='lat' dir='ltr'><strong>temere</strong></span> <span class='ocrx_word' id='word_1_269' title='bbox 1910 4550 2023 4605; x_wconf 90' lang='lat' dir='ltr'><strong>aut</strong></span> <span class='ocrx_word' id='word_1_270' title='bbox 2060 4561 2313 4628; x_wconf 89' lang='lat' dir='ltr'><strong>quoque</strong></span> <span class='ocrx_word' id='word_1_271' title='bbox 2356 4550 2549 4626; x_wconf 91' lang='lat' dir='ltr'><strong>pacto</strong></span> <span class='ocrx_word' id='word_1_272' title='bbox 2591 4539 2839 4627; x_wconf 85' lang='lat' dir='ltr'><strong>aliquid</strong></span> <span class='ocrx_word' id='word_1_273' title='bbox 2881 4538 3118 4622; x_wconf 86' lang='lat' dir='ltr'><strong>moliri,</strong></span> <span class='ocrx_word' id='word_1_274' title='bbox 3157 4541 3325 4604; x_wconf 89' lang='lat' dir='ltr'><strong>sicut</strong></span> 
     </span>
     <span class='ocr_line' id='line_1_30' title="bbox 496 4635 3199 4728; baseline 0.001 -28"><span class='ocrx_word' id='word_1_275' title='bbox 496 4635 567 4700; x_wconf 91' lang='lat' dir='ltr'><strong>id</strong></span> <span class='ocrx_word' id='word_1_276' title='bbox 601 4637 907 4722; x_wconf 84' lang='lat' dir='ltr'><strong>cuiusque</strong></span> <span class='ocrx_word' id='word_1_277' title='bbox 948 4638 1224 4724; x_wconf 86' lang='lat' dir='ltr'><strong>requirit</strong></span> <span class='ocrx_word' id='word_1_278' title='bbox 1263 4639 1645 4725; x_wconf 82' lang='lat' dir='ltr'><strong>praestitum</strong></span> <span class='ocrx_word' id='word_1_279' title='bbox 1684 4638 1976 4705; x_wconf 82' lang='lat' dir='ltr'><strong>facultati</strong></span> <span class='ocrx_word' id='word_1_280' title='bbox 2017 4641 2468 4704; x_wconf 88' lang='lat' dir='ltr'><strong>iuramentum.</strong></span> <span class='ocrx_word' id='word_1_281' title='bbox 2915 4671 2923 4676; x_wconf 90' lang='lat'>·</span> <span class='ocrx_word' id='word_1_282' title='bbox 3184 4717 3199 4728; x_wconf 90' lang='lat'><strong><em>.</em></strong></span> 
     </span>
    </p>

    <p class='ocr_par' dir='ltr' id='par_1_8' title="bbox 1885 4787 3409 4854">
     <span class='ocr_line' id='line_1_31' title="bbox 1885 4787 3409 4854; baseline 0.001 -2"><span class='ocrx_word' id='word_1_283' title='bbox 1885 4787 1932 4852; x_wconf 87' lang='grc' dir='ltr'><strong>Ι.</strong></span> <span class='ocrx_word' id='word_1_284' title='bbox 3339 4795 3409 4854; x_wconf 80' lang='grc'><strong>30</strong></span> 
     </span>
    </p>

    <p class='ocr_par' dir='ltr' id='par_1_9' title="bbox 493 4902 3325 5090">
     <span class='ocr_line' id='line_1_32' title="bbox 659 4902 3325 4991; baseline -0.001 -20"><span class='ocrx_word' id='word_1_285' title='bbox 659 4903 822 4971; x_wconf 85' lang='lat' dir='ltr'><strong>Cum</strong></span> <span class='ocrx_word' id='word_1_286' title='bbox 865 4905 1314 4970; x_wconf 85' lang='lat' dir='ltr'><strong>controversia</strong></span> <span class='ocrx_word' id='word_1_287' title='bbox 1356 4903 1722 4970; x_wconf 88' lang='lat' dir='ltr'><strong>oboriretur</strong></span> <span class='ocrx_word' id='word_1_288' title='bbox 1767 4903 1849 4970; x_wconf 90' lang='lat' dir='ltr'><strong>de</strong></span> <span class='ocrx_word' id='word_1_289' title='bbox 1896 4902 2219 4969; x_wconf 89' lang='lat' dir='ltr'><strong>auditorio</strong></span> <span class='ocrx_word' id='word_1_290' title='bbox 2262 4905 2582 4990; x_wconf 85' lang='lat' dir='ltr'><strong>superiori</strong></span> <span class='ocrx_word' id='word_1_291' title='bbox 2623 4905 2879 4991; x_wconf 82' lang='lat' dir='ltr'><strong>collegii</strong></span> <span class='ocrx_word' id='word_1_292' title='bbox 2914 4906 3135 4991; x_wconf 88' lang='lat' dir='ltr'><strong>magni</strong></span> <span class='ocrx_word' id='word_1_293' title='bbox 3157 4904 3325 4970; x_wconf 89' lang='lat' dir='ltr'><strong>inter</strong></span> 
     </span>
     <span class='ocr_line' id='line_1_33' title="bbox 493 5001 3325 5090; baseline -0 -22"><span class='ocrx_word' id='word_1_294' title='bbox 493 5002 831 5090; x_wconf 82' lang='lat' dir='ltr'><strong>theologos</strong></span> <span class='ocrx_word' id='word_1_295' title='bbox 874 5012 940 5068; x_wconf 87' lang='lat' dir='ltr'><strong>et</strong></span> <span class='ocrx_word' id='word_1_296' title='bbox 977 5002 1286 5085; x_wconf 90' lang='lat' dir='ltr'><strong>medicos,</strong></span> <span class='ocrx_word' id='word_1_297' title='bbox 1330 5005 1511 5069; x_wconf 89' lang='lat' dir='ltr'><strong>cuius</strong></span> <span class='ocrx_word' id='word_1_298' title='bbox 1551 5003 1676 5068; x_wconf 93' lang='lat' dir='ltr'><strong>loci</strong></span> <span class='ocrx_word' id='word_1_299' title='bbox 1718 5006 2042 5090; x_wconf 84' lang='lat' dir='ltr'><strong>integrum</strong></span> <span class='ocrx_word' id='word_1_300' title='bbox 2084 5004 2188 5070; x_wconf 81' lang='lat' dir='ltr'><strong>ius</strong></span> <span class='ocrx_word' id='word_1_301' title='bbox 2222 5002 2317 5068; x_wconf 88' lang='lat' dir='ltr'><strong>illi</strong></span> <span class='ocrx_word' id='word_1_302' title='bbox 2360 5001 2484 5068; x_wconf 90' lang='lat' dir='ltr'><strong>sibi</strong></span> <span class='ocrx_word' id='word_1_303' title='bbox 2519 5004 2971 5087; x_wconf 84' lang='lat' dir='ltr'><strong>vendicabant,</strong></span> <span class='ocrx_word' id='word_1_304' title='bbox 3012 5027 3131 5068; x_wconf 90' lang='lat' dir='ltr'><strong>nos</strong></span> <span class='ocrx_word' id='word_1_305' title='bbox 3170 5025 3325 5068; x_wconf 82' lang='lat' dir='ltr'><strong>vero</strong></span> 
     </span>
    </p>
   </div>
   <div class='ocr_carea' id='block_1_8' title="bbox 493 5200 3335 5356">
    <p class='ocr_par' dir='ltr' id='par_1_10' title="bbox 493 5200 3335 5356">
     <span class='ocr_line' id='line_1_34' title="bbox 659 5200 3335 5274; baseline -0 -16"><span class='ocrx_word' id='word_1_306' title='bbox 659 5207 682 5258; x_wconf 86' lang='lat'><strong>¹</strong></span> <span class='ocrx_word' id='word_1_307' title='bbox 726 5201 848 5258; x_wconf 84' lang='lat' dir='ltr'><strong>Aus</strong></span> <span class='ocrx_word' id='word_1_308' title='bbox 879 5200 1002 5257; x_wconf 86' lang='lat' dir='ltr'><strong>dem</strong></span> <span class='ocrx_word' id='word_1_309' title='bbox 1037 5202 1207 5256; x_wconf 72' lang='lat' dir='ltr'><strong>Liber</strong></span> <span class='ocrx_word' id='word_1_310' title='bbox 1239 5201 1575 5256; x_wconf 59' lang='lat' dir='ltr'><strong>&amp;ermom</strong></span> <span class='ocrx_word' id='word_1_311' title='bbox 1609 5209 1660 5256; x_wconf 79' lang='grc' dir='ltr'><strong>σι</strong></span> <span class='ocrx_word' id='word_1_312' title='bbox 1694 5209 1954 5262; x_wconf 63' lang='lat' dir='ltr'><strong>actos-mn.</strong></span> <span class='ocrx_word' id='word_1_313' title='bbox 2026 5201 2152 5274; x_wconf 82' lang='lat' dir='ltr'><strong>Vgl.</strong></span> <span class='ocrx_word' id='word_1_314' title='bbox 2190 5200 2463 5258; x_wconf 85' lang='lat' dir='ltr'><strong>Urkundl.</strong></span> <span class='ocrx_word' id='word_1_315' title='bbox 2502 5202 2733 5268; x_wconf 82' lang='lat' dir='ltr'><strong>Quellen</strong></span> <span class='ocrx_word' id='word_1_316' title='bbox 2766 5202 2823 5259; x_wconf 88' lang='lat' dir='ltr'><strong>S.</strong></span> <span class='ocrx_word' id='word_1_317' title='bbox 2858 5206 2977 5260; x_wconf 78' lang='lat'><strong>88⁵.</strong></span> <span class='ocrx_word' id='word_1_318' title='bbox 3038 5203 3143 5258; x_wconf 88' lang='lat' dir='ltr'><strong>Die</strong></span> <span class='ocrx_word' id='word_1_319' title='bbox 3175 5203 3335 5258; x_wconf 63' lang='lat' dir='ltr'><strong>romi·</strong></span> 
     </span>
     <span class='ocr_line' id='line_1_35' title="bbox 493 5283 2443 5356; baseline -0.001 -15"><span class='ocrx_word' id='word_1_320' title='bbox 493 5284 662 5341; x_wconf 84' lang='lat' dir='ltr'><strong>schen</strong></span> <span class='ocrx_word' id='word_1_321' title='bbox 699 5284 918 5353; x_wconf 79' lang='lat' dir='ltr'><strong>Ziffem,</strong></span> <span class='ocrx_word' id='word_1_322' title='bbox 953 5283 1058 5339; x_wconf 88' lang='lat' dir='ltr'><strong>mit</strong></span> <span class='ocrx_word' id='word_1_323' title='bbox 1088 5283 1409 5341; x_wconf 84' lang='lat' dir='ltr'><strong>Ausnahme</strong></span> <span class='ocrx_word' id='word_1_324' title='bbox 1441 5285 1539 5340; x_wconf 86' lang='lat' dir='ltr'><strong>der</strong></span> <span class='ocrx_word' id='word_1_325' title='bbox 1574 5291 1770 5356; x_wconf 86' lang='lat' dir='ltr'><strong>ersten,</strong></span> <span class='ocrx_word' id='word_1_326' title='bbox 1803 5284 2012 5342; x_wconf 79' lang='lat' dir='ltr'><strong>riihren</strong></span> <span class='ocrx_word' id='word_1_327' title='bbox 2049 5302 2159 5341; x_wconf 83' lang='lat' dir='ltr'><strong>von</strong></span> <span class='ocrx_word' id='word_1_328' title='bbox 2189 5284 2294 5340; x_wconf 89' lang='lat' dir='ltr'><strong>mir</strong></span> <span class='ocrx_word' id='word_1_329' title='bbox 2330 5283 2443 5340; x_wconf 87' lang='lat' dir='ltr'><strong>her.</strong></span> 
     </span>
    </p>
   </div>
  </div>
 </body>
</html>
