4038 6358
764 615 886 683 620
1341 668 1345 672 .
1790 619 1892 671 Die
1930 618 2301 672 medicinische
2336 621 2587 673 Facult'dt,

762 797 846 863 ab
889 797 1216 866 hominum
1260 801 1572 867 memoria
1609 810 2048 889 perpetuaque
2091 801 2551 869 consuetudine
2593 803 2767 869 idem
2788 804 2891 869 ius
2928 800 3398 870 obtinuerimus
3432 826 3592 868 sem·

767 920 900 985 per,
946 909 1010 963 et
1052 900 1313 965 tandem
1355 900 1440 966 ad
1484 910 1868 967 structuram
1914 902 2051 966 eius
2097 899 2185 989 [6]
2230 901 2356 967 loci
2398 903 2705 991 aequales
2764 915 3057 992 sumptus
3118 926 3263 969 cum
3328 902 3601 989 collegio

763 1007 826 1062 et
865 996 1183 1085 theologis
1222 1000 1778 1083 contribuerimus,
1843 1023 1884 1065 a
1926 1001 2270 1087 magnifico
2328 1001 2590 1069 domino
2633 1015 2887 1069 rectore
2924 1003 3012 1068 D.
3055 1002 3277 1070 Alesio
3323 1025 3602 1091 aequum

763 1096 887 1164 fuit
937 1097 1311 1180 iudicatum,
1361 1107 1431 1163 ut
1472 1099 1660 1164 nobis
1701 1100 1870 1165 idem
1915 1101 2036 1182 ius,
2081 1100 2252 1189 quod
2294 1101 2379 1166 ab
2422 1105 2686 1190 antiquo
2746 1104 2900 1185 fuit,
2957 1105 3027 1168 in
3080 1125 3155 1168 eo
3212 1101 3602 1187 relinquere·

679 1208 713 1262 5
770 1210 894 1262 tur.
977 1198 1253 1263 Factum
1294 1208 1391 1263 est
1429 1199 1646 1284 igitur,
1689 1210 1777 1282 ut,
1822 1222 1967 1265 cum
2009 1199 2375 1266 licentiatus
2420 1200 2753 1288 theologus
2797 1223 3119 1289 occupare
3141 1201 3336 1267 vellet
3353 1200 3601 1281 horam,

765 1319 893 1385 qna
937 1296 1220 1362 decanus
1261 1310 1523 1363 nostrae
1563 1298 1888 1364 facultatis
1926 1299 2161 1365 docere
2202 1301 2271 1364 in
2313 1322 2388 1367 eo
2431 1300 2572 1367 loco
2615 1310 3072 1381 consueverat,
3128 1323 3212 1366 ex
3268 1300 3396 1367 hoc
3437 1298 3599 1364 iudi·

766 1405 910 1461 cato
953 1397 1282 1482 magnifici
1323 1399 1593 1464 rectoris
1636 1397 2000 1463 licentiatus
2045 1399 2274 1465 cedere
2318 1408 2671 1486 cogeretur.
2750 1400 2955 1467 Multo
3011 1401 3227 1465 minus
3268 1398 3601 1487 professor

769 1494 1128 1560 medicinae
1170 1498 1239 1561 in
1283 1521 1400 1565 sua
1439 1498 1600 1564 hora
1642 1508 1949 1564 consueta
1990 1498 2075 1563 ab
2118 1498 2335 1588 aliquo
2390 1499 2693 1587 theologo
2749 1499 3053 1587 impediri
3111 1497 3305 1564 debet
3342 1520 3423 1563 ac
3466 1499 3604 1562 iure

768 1617 895 1660 non
939 1605 1169 1681 potest,
1211 1607 1273 1661 et
1316 1599 1908 1663 contraversionem
1950 1599 2243 1681 istorum,
2301 1600 2393 1664 ita
2434 1601 2652 1686 inique
2694 1601 2987 1688 petitam,
3028 1596 3226 1665 habet
3266 1597 3603 1685 praeposi·

691 1704 754 1760 10
776 1706 880 1760 tus
924 1718 1044 1782 pro
1086 1696 1224 1760 iure
1269 1707 1332 1760 et
1375 1718 1550 1762 more
1593 1698 1855 1784 antiquo
1900 1699 1966 1762 in
2008 1697 2141 1781 ino,
2186 1696 2296 1786 qui
2341 1700 2435 1764 sic
2478 1702 2642 1765 citra
2685 1718 3071 1765 consensum
3098 1697 3460 1787 praepositi
3501 1718 3602 1761 ca-

768 1793 1034 1859 dedram
1078 1794 1428 1861 ascendere
1471 1808 1759 1879 conatur,
1800 1818 2137 1862 removere
2179 1807 2243 1862 et
2282 1797 2651 1885 prohibere.

1650 2017 1730 2082 Π.
1777 2013 1868 2105 [S.
1912 2015 1993 2108 7.]
2039 2035 2132 2083 DE
2177 2034 2713 2086 napuras-mus.

2150 2175 2202 2235 1.

931 2298 1101 2380 Quia
1140 2297 1263 2366 hoc
1299 2309 1589 2387 tempore
1629 2301 1960 2367 doctorum
2001 2302 2276 2388 exiguus
2319 2323 2620 2366 numerus
2664 2309 2781 2383 est,
2823 2301 2920 2366 ita
2960 2308 3031 2364 ut
3072 2296 3381 2365 mandato
3421 2297 3593 2385 prin·

694 2407 754 2462 15
781 2398 946 2484 cipis
987 2420 1112 2485 quo
1158 2398 1244 2463 ad
1289 2398 1756 2486 disputationes
1799 2400 1957 2465 satis
1998 2400 2141 2465 fieri
2185 2423 2315 2466 non
2358 2401 2584 2488 possit,
2645 2401 2872 2466 statuit
2912 2398 3207 2481 facultas,
3246 2407 3318 2463 ut
3358 2399 3605 2462 interea

766 2497 1037 2583 singulis
1067 2500 1251 2563 annis
1279 2499 1473 2564 binae
1515 2499 1873 2564 habeantur
1899 2497 2373 2587 disputationes
2408 2499 2797 2582 ordinariae,
2820 2497 3028 2564 donec
3060 2519 3364 2562 numerus
3391 2496 3606 2561 docto-

770 2620 912 2662 rum
972 2600 1280 2679 creverit,
1367 2610 1437 2663 ut
1492 2597 1644 2663 inde
1696 2601 1883 2664 iuxta
1935 2600 2248 2686 principis
2305 2598 2681 2667 mandatum
2724 2609 3078 2686 quaternae
3122 2596 3597 2685 disputationes

650 2733 663 2748 ·
769 2696 1138 2763 ordinariae
1180 2695 1597 2764 celebrentur.
1683 2698 1754 2763 Si
1813 2698 1955 2784 quis
2007 2709 2225 2762 tamen
2282 2696 2617 2765 doctorum
2674 2708 2864 2764 extra
2924 2696 3215 2764 ordinem
3258 2694 3598 2783 disputare

761 2795 1057 2879 voluerit,
1103 2795 1172 2861 id
1212 2798 1275 2862 ei
1315 2819 1460 2864 cum
1501 2819 1822 2864 consensu
1867 2797 2099 2862 decani
2138 2795 2377 2862 licebit.

682 2970 752 3028 20
2158 2969 2217 3031 2.

931 3113 1019 3179 Et
1060 3136 1208 3179 cum
1252 3136 1381 3179 non
1423 3115 1559 3178 sine
1592 3111 1819 3181 labore
1858 3123 1922 3179 et
1961 3112 2258 3179 molestia
2297 3111 2672 3202 disputandi
2715 3136 2878 3178 onus
2904 3134 2945 3177 a
2965 3110 3340 3178 doctoribus
3367 3108 3590 3175 subea-

763 3224 886 3297 tur,
929 3216 1388 3304 aequissimum
1425 3237 1567 3280 esse
1602 3215 1877 3301 putavit,
1921 3225 1993 3279 ut
2034 3214 2283 3280 doctori
2342 3213 2738 3302 praesidenti
2785 3214 2853 3277 in
2912 3210 3246 3277 ordinaria
3300 3209 3585 3297 disputa-

767 3316 941 3380 tione
984 3338 1065 3379 ex
1107 3317 1360 3380 aerario
1404 3320 1442 3381 6
1500 3313 1565 3379 fl.
1620 3312 2017 3400 pendantur3
2103 3324 2168 3378 et
2223 3324 2294 3379 ut
2342 3315 2552 3379 maior
2607 3309 3092 3378 conservandae
3148 3311 3475 3375 amicitiae
3542 3321 3602 3374 et

767 3425 1026 3480 mutuae
1078 3413 1566 3480 benevolentiae
1625 3414 1708 3478 sit
1763 3414 2049 3495 occasio,
2112 3435 2408 3500 praeses,
2465 3421 2732 3499 peracta
2800 3409 3238 3498 disputatione
3258 3458 3277 3491 ,
3334 3409 3598 3497 proprio

681 3523 748 3580 25
768 3524 1024 3601 sumptu
1065 3513 1388 3580 mediocre
1432 3514 1798 3579 convivium
1842 3510 2212 3578 doctoribus
2252 3512 2520 3578 medicis
2577 3521 2641 3576 et
2684 3510 3172 3598 quibuscunque
3209 3507 3385 3575 volet
3425 3508 3589 3589 aliis,

657 3659 662 3664 -
766 3614 878 3700 qui
916 3612 1176 3678 honoris
1217 3636 1415 3678 causa
1454 3612 1877 3701 disputationi
1919 3611 2345 3695 interfuerint,
2390 3609 2714 3678 exhibeat.

2016 3792 2106 3882 [s.
2148 3793 2230 3883 a]
2279 3801 2337 3864 3.

932 3948 1265 4034 Impensas
1312 3969 1430 4033 pro
1472 3946 1902 4033 impressione
1963 3944 2419 4032 disputationis
2478 3942 2819 4010 sustinebit
2875 3964 3177 4030 praeses,
3224 3942 3277 4005 si
3337 3962 3599 4026 respon·

768 4046 924 4112 dens
960 4069 1087 4112 non
1133 4044 1491 4133 disputabit
1530 4066 1648 4132 pro
1709 4043 2143 4131 completione
2203 4043 2287 4109 ad
2340 4044 2618 4132 aliquem
2662 4039 2962 4128 gradum.
3045 4038 3154 4104 Ad
3197 4039 3342 4105 illas
3387 4049 3600 4103 tamen

683 4156 751 4212 30
774 4168 856 4211 ex
898 4147 1151 4211 aerario
1196 4145 1456 4210 dabitur
1503 4142 1789 4231 praesidi
1834 4142 2193 4207 subsidium
2238 4143 2486 4208 dimidii
2530 4141 2772 4208 floreni.
2835 4139 2903 4205 Si
2947 4149 3158 4204 autem
3201 4135 3601 4225 respondens

766 4244 1126 4333 disputabit
1163 4267 1282 4332 pro
1328 4242 1754 4330 completione
1790 4242 1876 4306 ad
1916 4242 2192 4328 gradum
2237 4241 2539 4329 aliquem,
2582 4251 2717 4307 tum
2778 4241 2835 4305 is
2878 4236 3134 4305 curabit
3176 4260 3291 4304 suo
3338 4245 3599 4323 sumptu

765 4345 846 4412 de
889 4367 1066 4411 more
1110 4345 1312 4409 veteri
1356 4342 1866 4430 disputationem
1907 4342 2210 4428 imprimi.

2159 4531 2214 4590 4.

1096 4677 1372 4745 Doctori
1410 4675 1766 4743 medicinae
1812 4633 2171 4761 disputanti
2214 4673 2541 4741 dabuntur
2628 4721 3041 4741 .....
3125 4678 3163 4737 5
3206 4688 3268 4757 9<

683 4789 750 4846 35
1101 4778 1462 4845 Licentiato
1504 4775 1861 4842 medicinae
1944 4824 1960 4839 .
2028 4819 2033 4828 ·
2044 4821 2651 4840 .......
2710 4777 2745 4839 “.
2834 4825 2847 4839 .
2937 4820 2954 4835 .
3035 4821 3049 4837 .
3136 4780 3175 4840 4
3220 4808 3245 4819 ·

1095 4877 1533 4945 Baccalaureo
1573 4874 1931 4960 medicinae
2037 4917 3049 4941 ...........
3137 4875 3175 4936 3
3219 4907 3243 4919 -

1100 5031 1394 5099 sofflari
1447 5031 1805 5098 medicinae
1847 4982 2377 5159 {affligis
2443 5025 2462 5137 .·
2543 5021 2562 5138 ῑ
2642 5022 2658 5138 ;
2743 5020 2761 5135 t
2844 5020 2862 5137 3
2941 5018 2958 5133 :
3038 5018 3057 5136 ·.
3137 4976 3246 5137 ῗί

1096 5173 1356 5241 Rectori
1442 5219 3056 5242 .................
3141 5177 3179 5236 5
3225 5206 3248 5217 ·

687 5287 755 5344 ⁴0
1101 5274 1371 5340 Decano
1419 5273 1652 5338 artium
1757 5318 3054 5337 ..............
3139 5273 3177 5336 3

2096 6135 2133 6172 0
