4038 6358
1374 650 1475 701 Die
1508 649 1711 703 Statua
1741 602 1991 716 legibilia.
2991 655 3111 721 353

273 854 439 898 nova
489 829 680 917 loyca
732 829 837 897 vel
889 831 959 895 in
1015 829 1396 919 sophistria,
1456 830 1538 897 de
1596 832 1831 920 quibus
1888 833 2132 899 ultimis
2182 835 2312 900 tria
2368 835 2710 922 capiantur
2765 836 3116 901 secundum

273 932 572 1021 placitum
626 929 734 995 vel
799 929 1150 996 secundum
1207 930 1597 998 eleccionem
1649 931 2014 999 velencium
2076 935 2482 1021 promoveri,
2543 934 2661 1000 sub
2721 957 2932 1023 poena
2984 958 3116 1002 non

273 1030 679 1097 admissionis
721 1030 810 1096 ad
849 1028 1129 1117 gradum
1170 1031 1530 1118 magisterii
1572 1054 1774 1120 supra
1817 1031 2079 1099 dictum.

1055 1188 1112 1249 4.
1156 1199 1251 1248 1111
1294 1198 1494 1249 mono
1537 1199 1877 1251 Aunnmm
1918 1200 2325 1250 anemonas.

1402 1302 1525 1367 vgl.
1573 1303 1871 1368 Hauptstnt.
1913 1303 1993 1354 26.
3165 1310 3198 1365 5

430 1398 671 1465 Modus
714 1408 930 1467 autem
977 1397 1283 1464 audiendi
1325 1400 1452 1465 erit
1488 1399 1658 1483 talis,
1712 1400 1885 1489 quod
1941 1400 2211 1489 quilibet
2251 1400 2522 1466 audiens
2564 1400 2849 1490 aliquam
2890 1400 3115 1489 100010-

273 1521 408 1565 nem
450 1522 571 1587 pro
625 1497 841 1585 aliquo
884 1497 1097 1586 gradu
1132 1499 1202 1563 in
1244 1497 1517 1580 artibus,
1572 1502 1864 1587 exceptis
1907 1499 2530 1567 mathematicalibus
2545 1502 2584 1585 ¹,
2639 1500 2834 1590 loyca
2872 1500 3118 1565 Hesbri

276 1609 335 1663 et
370 1598 803 1686 politicorum,
858 1606 1113 1665 tenetur
1155 1619 1300 1663 eam
1344 1596 1575 1665 audire
1609 1599 1681 1664 in
1721 1598 1911 1683 libre,
1956 1600 2066 1686 qui
2103 1598 2362 1686 legitur,
2407 1622 2554 1665 cum
2608 1598 2979 1687 diligencia,
3025 1600 3119 1664 sic

276 1697 436 1785 quod
476 1709 609 1763 tres
652 1695 972 1763 lecciones
1013 1697 1385 1763 immediate
1435 1720 1505 1763 se
1549 1708 1887 1786 sequentes
1928 1720 2061 1765 non
2105 1697 2413 1786 negligat,
2456 1721 2576 1765 nec
2621 1699 2742 1765 sub
2785 1722 2916 1765 una
2957 1699 3121 1764 hora

277 1797 429 1867 duas
471 1796 795 1864 lecciones
832 1795 1090 1879 habeat,
1140 1796 1261 1862 sub
1304 1820 1518 1885 poena
1565 1820 1696 1864 non
1751 1798 2262 1888 computacionis
2317 1799 2504 1865 istius
2560 1798 2713 1866 libri
2751 1798 2972 1866 totalis
3014 1796 3203 1864 vello

276 1896 601 1984 parcialis.
678 1896 861 1965 Idem
904 1894 1282 1983 intelligitur
1325 1897 1406 1962 de
1449 1899 1810 1964 exerciciis.

1102 2055 1158 2116 5.
1209 2065 1304 2114 nn
1348 2065 1549 2115 110110
1597 2065 1945 2114 sonvnnm
1990 2066 2284 2116 PAsTmu.

1407 2168 1526 2232 Vgl.
1563 2169 1856 2232 Hauptstat.
1892 2169 1974 2220 27.

422 2266 591 2331 Item
634 2263 904 2331 audiens
955 2265 1238 2352 aliquam
1290 2265 1643 2331 leccionem
1683 2264 1787 2332 vel
1844 2267 2235 2333 exercicium
2291 2288 2414 2355 pro
2469 2264 2683 2355 gradu
2734 2267 2805 2331 in
2863 2266 3114 2332 artibus

278 2374 333 2430 et
369 2367 480 2452 qui
523 2375 624 2430 est
679 2363 988 2432 solvendo
998 2367 1043 2449 ²,
1098 2365 1339 2454 legenti
1379 2365 1484 2431 vel
1540 2363 1899 2452 disputanti
1957 2365 2081 2431 sub
2133 2364 2417 2432 leccione
2458 2365 2576 2432 vel
2609 2367 2929 2432 exercicio
2988 2387 3107 2453 per
3130 2374 3190 2431 15

280 2467 631 2552 pecuniam,
675 2466 913 2552 pignus
938 2464 1263 2531 sufficiens
1284 2464 1391 2530 vel
1435 2467 1804 2531 caucionem
1841 2464 2324 2533 fideiussoriam
2359 2468 2548 2532 iuxta
2587 2475 2816 2531 taxam
2846 2488 2887 2533 a
2916 2465 3116 2531 facul-

278 2573 399 2630 tate
453 2565 698 2630 factam
750 2564 858 2631 vel
917 2567 1252 2652 antiquam
1307 2564 1831 2631 consuetudinem
1881 2574 2138 2630 tenetur
2197 2555 2604 2632 satisfaceres
2668 2565 2814 2630 Non
2871 2565 3117 2631 habens

279 2686 421 2731 vero
463 2665 641 2729 infra
681 2664 854 2731 idem
894 2674 1150 2753 tempus
1191 2669 1576 2752 magistrum
1631 2663 1953 2752 legentem
1992 2664 2099 2729 vel
2156 2663 2593 2752 disputantem
2648 2663 2729 2730 de
2786 2686 2907 2730 sua
2960 2686 3116 2752 pau-

284 2774 523 2851 pertate
581 2764 976 2830 sufficienter
1024 2766 1374 2831 informare
1426 2774 1701 2847 tenetur,
1755 2762 1875 2831 sub
1928 2786 2140 2850 poena
2195 2787 2327 2831 non
2370 2764 2882 2851 computacionis
2934 2764 3123 2829 istius

278 2863 573 2929 leccionis
616 2863 722 2929 vel
780 2866 1106 2930 exercicii.
1186 2864 1473 2929 Tenetur
1528 2875 1745 2930 tamen
1800 2862 1948 2929 talis
1994 2863 2448 2930 nichilominus
2501 2865 2813 2950 magistro
2865 2862 2983 2928 tali
3036 2862 3118 2927 de
3137 2870 3205 2927 20

280 2962 383 3028 tali
436 2960 544 3052 [37
557 2961 610 3051 b]
671 2963 955 3030 leccione
1008 2963 1113 3030 vel
1169 2965 1489 3030 exercicio
1549 2964 1838 3052 plenarie
1894 2965 2305 3048 satisfacere,
2367 2962 2529 3029 alias
2584 2962 2670 3028 ad
2725 2971 3123 3049 temptamen

279 3064 860 3150 magistrandorum
937 3087 1066 3129 non
1142 3063 1542 3129 admittatur.
1624 3063 1849 3129 Talem
1919 3066 2126 3129 eciam
2197 3074 2459 3151 reputat
2530 3062 2804 3128 facultas
2875 3063 3124 3128 arcium

285 3165 678 3250 magistrum,
722 3188 763 3231 a
804 3188 928 3254 quo
957 3163 1306 3231 leccionem
1334 3161 1439 3230 vel
1480 3164 1872 3229 exercicium
1918 3162 2188 3247 audivit,
2232 3162 2312 3230 de
2356 3187 2478 3229 sua
2519 3172 2903 3251 paupertate
2949 3161 3120 3228 suffi-

283 3263 508 3330 cienter
551 3265 959 3350 informasse,
1003 3267 1116 3352 qui
1160 3263 1281 3330 81111
1321 3263 1606 3330 leccione
1641 3264 1746 3330 vel
1790 3266 2134 3347 exercicio,
2176 3272 2249 3328 ut
2289 3265 2717 3350 praemissum
2761 3273 2880 3346 est,
2920 3262 3122 3349 magi-

285 3371 405 3428 stro
446 3362 566 3429 tali
621 3366 690 3430 in
739 3365 1148 3431 consciencia
1189 3387 1309 3429 sua
1351 3362 1541 3446 dicit,
1602 3364 1772 3452 quod
1823 3361 2052 3428 nichil·
2083 3361 2324 3428 habeat
2381 3361 2507 3428 sibi
2566 3363 2724 3429 dare
2778 3361 2885 3429 vel
2945 3361 3118 3449 quod
3139 3368 3205 3426 25

283 3464 674 3530 commodose
719 3464 845 3530 sibi
894 3464 1041 3553 plus
1083 3464 1244 3529 dare
1287 3486 1418 3529 non
1460 3464 1700 3552 potuit,
1756 3485 1952 3550 quam
2008 3462 2137 3528 sibi
2193 3462 2354 3528 dare
2397 3462 2632 3545 voluit,
2689 3471 2754 3527 et
2808 3483 2955 3526 cum
2997 3460 3121 3526 hoc

283 3559 504 3629 habeat
541 3585 741 3630 unum
782 3564 912 3629 fide
954 3563 1240 3652 dignum,
1282 3565 1391 3650 qui
1435 3562 1660 3628 credat
1699 3563 1792 3626 ita
1833 3563 1969 3628 fore
2012 3562 2133 3628 sub
2176 3584 2295 3629 sua
2339 3563 2767 3629 consciencia.

344 3735 398 3797 6.
435 3748 505 3797 m
546 3749 740 3811 QUOT
782 3747 1409 3799 DISPUTATIONIBUS
1452 3746 1849 3796 ORDmARns
1894 3745 2364 3798 BAccALARlUS
2403 3746 2922 3798 PROMOVENDUS
2966 3748 3061 3798 AD

953 3849 1243 3908 GRADUM
1285 3846 1685 3897 MAGISTEBII
1726 3845 2054 3893 TENETUR
2095 3844 2437 3896 ARGUERE.

1405 3967 1526 4031 Vgl.
1564 3966 1859 4028 Hauptstat.
1894 3963 1979 4016 38.
3138 3968 3208 4025 30

436 4078 603 4146 Item
645 4081 856 4147 nullus
897 4081 1410 4148 baccalariorum
1454 4079 1649 4146 debet
1691 4078 1943 4144 admitti
1987 4077 2073 4145 ad
2105 4087 2502 4167 temptamen
2532 4101 2652 4167 pro
2682 4076 2896 4165 gradu
2923 4078 3126 4163 magi-

293 4180 474 4263 sterii,
521 4181 654 4245 nisi
695 4182 764 4246 in
818 4183 1223 4247 consciencia
1266 4204 1384 4246 sua
1440 4179 1644 4263 dicat,
1700 4177 1879 4268 quod
1921 4179 2103 4266 prius
2145 4181 2213 4244 in
2252 4180 2523 4266 triginta
2570 4177 3128 4267 disputacionibus

295 4279 629 4347 ordinariis
672 4280 1189 4348 baccalariorum
1230 4278 1568 4367 arguebat,
1614 4281 1669 4345 si
1712 4278 1926 4346 locum
1966 4277 2285 4365 arguendi
2326 4278 2568 4344 habere
2609 4280 2840 4366 potuit.

346 4451 397 4512 7.
437 4466 506 4515 m
553 4466 747 4528 QUOT
790 4464 1413 4515 DISPUTACIONIBUS
1455 4463 1853 4513 ORDmARns
1901 4461 2403 4512 MAGISTRORUM
2439 4461 2959 4512 PROMOVENDUS
2997 4462 3070 4510 IN

1132 4564 1427 4614 ARTIBUS
1473 4563 1801 4613 TENETUR
1845 4562 2281 4612 COMPARERE.
3143 4553 3210 4610 35

1416 4664 1539 4729 Vgl.
1575 4666 1869 4729 Hauptstat.
1909 4664 1974 4715 37
1982 4704 1993 4716 .

440 4782 608 4850 Item
647 4781 858 4848 nullus
901 4781 1423 4849 baccalariorum
1464 4781 1710 4847 arcium
1752 4777 2133 4844 admittatur
2176 4777 2265 4844 ad
2303 4787 2701 4866 temptamen
2741 4779 3128 4863 magistran-

300 4877 528 4968 dorum,
576 4885 703 4949 nisi
746 4886 815 4948 in
861 4884 1266 4950 consciencia
1311 4904 1429 4947 sua
1470 4879 1677 4962 dicat,
1724 4877 1896 4967 quod
1934 4878 2003 4944 in
2045 4879 2317 4966 triginta
2356 4876 2916 4966 disputacionibus
2959 4874 3128 4942 ordi-

453 5087 474 5138 1
511 5079 891 5141 Geschrieben
927 5080 1001 5135 ist
1031 5080 1347 5135 mamma&
1362 5044 1454 5147 ω,
1505 5077 1621 5132 und
1667 5092 1814 5131 zwar
1855 5076 1930 5131 ist
1974 5075 2369 5133 ausdriicklich
2403 5091 2465 5132 so
2498 5074 2816 5149 corrigiert,
2860 5072 3133 5129 nachdem

302 5161 605 5238 anffinglieh
641 5164 995 5238 geschrieben
1033 5180 1283 5234 gewesen
1317 5179 1432 5218 war
1463 5161 1779 5216 mathemati
1786 5159 1872 5215 119.

454 5256 482 5307 2
516 5249 894 5309 Geschrieben
932 5246 1080 5304 steht
1114 5248 1257 5304 ohne
1292 5245 1642 5318 Abkiirzung
1674 5245 1979 5316 solvendum,
2026 5242 2138 5317 vgl.
2171 5244 2264 5300 die
2296 5244 2462 5301 Anm.
2508 5262 2580 5299 zu
2617 5251 2649 5313 ς
2685 5250 2747 5301 27
2784 5245 2884 5300 der
2916 5241 3134 5314 Haupt·

304 5337 855 5479 ‘sttlffzmmmon
889 5433 1005 5476 nna
1038 5435 1184 5474 univ.
1219 5435 1459 5474 numme.
2710 5422 2791 5486 23
