4038 6358
1353 721 1452 773 Die
1486 724 1722 776 Statuten
1759 740 1884 775 vom
1920 721 2086 777 Jahrs
2132 722 2273 779 1543.
3108 722 3223 791 611

363 898 658 963 nitatem
701 908 1006 985 vestram,
1048 922 1173 988 quo
1220 900 1306 965 ad
1346 924 1706 989 possumne,
1750 906 2105 993 promereri
2147 905 2567 972 studebimus.
2649 909 2893 974 Datum
2935 907 3227 995 Lypsiae

361 999 537 1084 ipsa
575 996 684 1063 die
729 998 824 1065 .N.
867 998 1192 1065 facultatis
1235 1010 1494 1068 nostrae
1535 1003 1657 1070 sub
1703 1004 1930 1091 sigillo,

1714 1122 1990 1188 Vestrae
2031 1122 2443 1210 paternitatis

1882 1221 2157 1287 humiles
2198 1233 2513 1306 oratores,
2560 1223 2847 1289 decanus

1717 1324 2082 1408 caeterique
2122 1322 2446 1387 facultatis
2489 1322 2780 1388 medicae
2824 1323 3119 1389 doctores
3278 1332 3312 1388 5

2108 1421 2305 1486 studii
2351 1422 2757 1510 Lypsiensis.

1536 1571 2065 1636 suprascriptio.

650 1665 1062 1765 *Reverendo
1105 1700 1174 1764 in
1216 1698 1475 1766 Christo
1519 1705 1709 1796 patri·
1733 1726 1813 1770 ac
1856 1705 2135 1788 dominc,
2180 1704 2439 1771 domino
2483 1706 2602 1789 .N.‚
2644 1709 2952 1793 episcopo

1017 1798 1521 1886 Mersburgensi,
1565 1802 1825 1869 domino
1869 1813 2092 1870 nostro
2130 1807 2605 1891 gratiosissimo

1395 1906 1539 1979 (aut⁴
1577 1901 1846 1967 multum
1887 1904 2230 1989 gratioso).
3250 1916 3313 1970 10

946 2082 1292 2143 ououono
1331 2083 1423 2131 ΕΤ
1469 2084 1754 2144 cumo
1797 2085 2247 2135 convocfflm
2288 2085 2681 2137 noc'rouns.

1352 2202 1572 2267 capue
1615 2203 1718 2253 x1.
1771 2201 1916 2269 (νει.
1953 2206 2002 2255 a.
2040 2202 2117 2255 st.
2160 2202 2261 2269 ιο.)

548 2319 679 2384 Pr'o
713 2316 1059 2384 concordia
1090 2316 1424 2382 doctorum
1465 2317 1788 2383 facultatis
1819 2318 2109 2384 medicae
2150 2318 2478 2384 servanda
2516 2319 2751 2407 placet,
2795 2318 2967 2407 quod
3011 2318 3225 2385 docto-

369 2442 488 2484 res
533 2417 822 2483 eiusdem
867 2414 1196 2481 facultatis
1239 2428 1302 2481 et
1347 2415 1428 2481 de
1464 2415 1729 2483 consilio
1771 2418 2121 2484 existentes
2162 2420 2231 2483 in
2272 2418 2543 2508 locoque
2566 2419 3007 2484 universitatis
3036 2442 3223 2507 prae·
3247 2428 3311 2484 15

373 2528 596 2584 sentes
636 2507 993 2583 residentes
1040 2514 1122 2579 de
1165 2515 1573 2582 examinibus
1617 2525 1681 2583 et
1721 2517 2236 2604 promotionibus
2277 2518 2563 2583 habeant
2605 2518 2945 2583 dumtaxat
2986 2516 3222 2584 emolu-

372 2627 668 2683 mentum
710 2620 897 2681 iuxta
938 2624 1181 2680 statuta
1225 2614 1503 2702 desuper
1547 2615 1742 2699 edita,
1800 2616 2085 2683 decanus
2138 2627 2355 2683 tamen
2408 2639 2529 2704 pro
2573 2626 2864 2704 tempore
2920 2619 3225 2701 existens,

371 2728 690 2806 quantum
732 2716 875 2781 fieri
931 2711 1242 2801 possibile
1299 2724 1426 2797 est,
1485 2715 1552 2779 in
1611 2717 1743 2780 suis
1800 2717 2368 2784 convocationibus
2425 2716 2741 2781 faciendis
2794 2716 2964 2782 hanc
3020 2715 3215 2781 debet

365 2818 618 2883 habere
661 2814 1132 2896 discretionem,
1175 2836 1258 2879 ne
1294 2815 1485 2878 nimis
1527 2812 1818 2879 celeriter
1859 2815 2271 2882 convocando
2310 2815 2609 2881 doctores
2653 2816 2985 2902 procedat,
3030 2838 3219 2903 prae—
3306 2814 3311 2817 ’

375 2919 580 3006 cipue
623 2916 690 2981 in
736 2913 1141 3002 quorundam
1191 2912 1520 2979 doctorum
1567 2916 2078 3001 acturegentium
2115 2926 2179 2979 et
2220 2914 2643 2980 residentium
2692 2913 3007 2999 absentia,
3048 2914 3226 2981 dum-
3245 2924 3315 2981 20

373 3016 570 3082 modo
615 3024 916 3104 speratur
959 3013 1143 3078 brevi
1204 3012 1450 3079 reditus
1511 3034 1734 3078 eorum
1787 3024 1851 3078 et
1903 3036 2088 3079 mora
2143 3016 2337 3101 pauci
2392 3015 2704 3102 temporis
2764 3016 3222 3101 promovendis

373 3117 644 3182 minime
687 3125 861 3181 esset
905 3116 1154 3179 nociva.
1237 3112 1521 3200 Reputat
1561 3114 1857 3200 praefata
1893 3111 2169 3178 facultas
2209 3112 2446 3178 nedum
2490 3113 2661 3178 hunc
2704 3112 3033 3179 doctorem
3075 3126 3224 3182 actu

373 3224 728 3302 regentem,
781 3215 893 3303 qui
935 3211 1194 3301 publice
1236 3213 1305 3276 in
1349 3211 1582 3277 scholis
1621 3211 1894 3298 legendo
1934 3211 2041 3277 vel
2082 3213 2274 3277 etiam
2312 3212 2733 3300 practicando
2775 3211 3050 3299 laborat,
3102 3217 3218 3282 sed

374 3317 576 3380 etiam
617 3314 820 3398 illum,
874 3314 986 3402 qui
1035 3336 1076 3377 a
1115 3311 1356 3376 talibus
1401 3313 1680 3376 cessavit
1720 3320 1786 3376 et
1834 3333 1952 3399 per
1994 3320 2292 3394 aetatem,
2347 3335 2513 3398 quae
2557 3335 2861 3378 acervum
2902 3315 3218 3401 periculo-

373 3437 526 3479 rum
567 3413 853 3497 adducit,
893 3421 1088 3478 vacat
1127 3420 1192 3476 et
1237 3410 1530 3498 quiescit.
3244 3427 3311 3484 25

379 3609 504 3700 [Bl.
529 3609 632 3701 4⁸]
677 3625 1340 3678 sAcCALAanANms
1370 3625 1898 3694 PRAELEGENDA,
1937 3627 2093 3676 mm
2123 3627 2419 3677 ms‘rm‘r
2446 3628 2585 3678 rso
2615 3628 3228 3683 accamanus.

1281 3763 1486 3826 Caput
1521 3761 1658 3812 xn.
1704 3759 1847 3826 (Vgl.
1889 3765 1935 3815 ii.
1971 3763 2047 3816 St.
2090 3763 2327 3828 11—19.)

550 3903 600 3962 1.
639 3895 1246 3962 Baccalaureandus
1277 3893 1468 3958 debet
1494 3915 1636 3958 esse
1662 3895 2011 3982 inscriptus
2038 3894 2417 3959 matriculae
2440 3897 2934 3966 universitatis.¹
2978 3897 3210 3967 Nullus

382 3995 468 4060 ad
527 3995 808 4084 aliquem
860 3997 1137 4082 gradum
1191 4003 1648 4081 promoveatur
1690 3993 2014 4059 facultatis
2067 3992 2379 4077 medicae,
2434 3995 2560 4058 nisi
2612 3997 2793 4082 prius
2836 3999 3220 4066 matriculae

386 4105 655 4161 nostrae
695 4095 1135 4161 universitatis
1182 4095 1266 4159 sit
1318 4093 1668 4179 inscriptus
1723 4103 1788 4158 et
1835 4095 2155 4180 integram
2210 4093 2568 4180 pecuniam,
2611 4094 2775 4160 solvi
2830 4107 3222 4183 consuetam,
3240 4109 3311 4166 30

381 4194 798 4261 universitati
837 4194 1116 4276 dederit,
1170 4194 1292 4259 hoc
1333 4203 1430 4257 est
1473 4191 1696 4257 decem
1737 4215 2014 4278 grossos.
2094 4193 2287 4275 Quod
2330 4195 2523 4258 etiam
2566 4193 2946 4280 intelligitur
2992 4197 3072 4263 de
3114 4220 3227 4262 ex-

382 4294 628 4361 traneis
686 4292 1106 4359 adsumendis
1164 4302 1228 4357 et
1273 4292 1744 4380 'promovendis
1804 4314 1922 4380 per
1977 4293 2378 4378 facultatem,
2438 4303 2503 4358 et
2559 4294 2629 4359 in
2681 4292 2806 4358 hoc
2868 4307 3222 4384 paupertas

383 4395 708 4460 neminem
749 4391 1104 4458 excusabit.

549 4499 605 4560 2.
650 4491 877 4557 Nullus
921 4502 1378 4579 promoveatur
1416 4493 1484 4557 in
1524 4490 2021 4557 baccalaureum
2063 4491 2132 4556 in
2172 4490 2527 4575 medicinis,
2583 4493 2710 4558 nisi
2768 4492 2951 4580 prius
3007 4516 3223 4562 coram

386 4592 631 4660 decano
685 4601 750 4657 et
788 4599 926 4658 tota
975 4589 1284 4656 facultate
1334 4591 1663 4673 iuraverit,
1722 4612 1791 4655 se
1831 4591 1997 4656 velle
2040 4591 2310 4656 firmiter
2350 4613 2613 4658 servare
2668 4602 2908 4668 statuta
2954 4593 3217 4660 faculta-
3237 4603 3305 4662 35

385 4694 490 4778 tis,
549 4713 716 4778 quae
775 4700 924 4757 sunt
985 4698 1049 4756 et
1109 4699 1296 4756 erunt
1354 4712 1473 4777 pro
1529 4689 1696 4756 bono
1757 4688 2085 4754 facultatis
2150 4700 2214 4754 et
2270 4712 2389 4777 per
2452 4690 2725 4756 eandem
2788 4692 3092 4759 conclusa
3155 4704 3219 4759 et

386 4791 769 4881 approbata.

551 4901 609 4963 3.
653 4889 945 4973 Quilibet
999 4887 1220 4956 volens
1283 4889 1649 4977 promoveri
1707 4890 1776 4954 in
1833 4887 2333 4955 baccalaureum
2389 4890 2458 4952 in
2518 4888 2841 4954 medicina
2900 4891 3221 4958 tenebitur

385 4993 570 5080 prius
611 5002 762 5058 ante
802 4987 1366 5058 baccalaureatum
1413 4989 1501 5053 ad
1553 4989 1767 5054 minus
1819 4987 2151 5054 biennium
2193 4985 2492 5053 doctores
2549 4987 2841 5054 eiusdem
2892 4990 3219 5060 facultatis

559 5233 579 5281 1
617 5225 684 5280 In
717 5224 824 5280 den
859 5223 1116 5278 Statuten
1152 5237 1260 5276 von
1302 5225 1426 5276 1503
1459 5220 1532 5274 ist
1565 5237 1622 5275 es
1659 5219 1812 5275 nicht
1848 5217 2025 5274 sofort
2072 5235 2143 5272 zu
2190 5219 2484 5286 erkennen,
2531 5219 2659 5274 dass
2705 5219 2853 5276 diese
2888 5221 3083 5278 Worte
3126 5223 3216 5280 die

388 5307 766 5368 Uoberschrift
800 5306 1001 5375 bilden,
1034 5304 1146 5359 und
1193 5321 1254 5360 so
1289 5303 1389 5358 hat
1427 5304 1508 5359 sie
1544 5304 1644 5360 der
1677 5303 2047 5360 Abschreiber
2087 5301 2231 5358 auch
2274 5299 2403 5360 hier'
2428 5303 2509 5360 als
2552 5321 2677 5358 zum
2714 5303 2949 5360 Context
2986 5304 3218 5380 gehiirig

388 5395 491 5452 mit
523 5393 960 5464 ausgenommen.

2762 5481 2883 5545 39*
