4038 6358
1415 586 1656 641 nisenus
1693 588 2009 642 eorm-laris.
3026 589 3139 652 111

312 774 474 856 dum,
513 769 772 837 realiter
811 780 878 835 et
915 792 1064 835 cum
1107 770 1338 835 effectu
1385 770 1736 857 persolvat.
1821 771 1958 836 Sub
2003 794 2217 858 poena
2256 780 2533 855 quatuor
2574 790 2965 855 grossorum,
3008 770 3147 834 uni-

321 872 606 939 versitati
647 869 1182 937 irremissibiliter
1224 869 1821 957 persolvendorum.
1903 870 2152 937 Datum
2196 878 2554 935 rectoratus
2598 877 2713 934 etc.
2796 866 2988 934 Anno
3026 879 3148 934 etc.

519 1044 617 1105 46.
677 1054 1070 1105 ΜΑΝΒΑΤυΜ
1109 1054 1202 1101 DE
1246 1052 1634 1103 RELEGA‘rls
1675 1054 1811 1101 VEL
1857 1053 2191 1103 Excnnsm
2232 1051 2379 1101 NON
2423 1050 2920 1099 RECEPTANDIS.

465 1188 574 1253 Ex
612 1189 1066 1253 commissione
1107 1197 1224 1253 etc.
1269 1188 1362 1253 .N.
1404 1197 1616 1253 rector
1659 1185 1929 1253 mandat
1972 1187 2269 1253 omnibus
2312 1195 2457 1251 etc:
2528 1192 2844 1270 quatenus
2902 1182 3149 1249 nullum

325 1294 596 1377 ipsorum
639 1287 998 1373 relegatum
1039 1285 1144 1352 vel
1187 1288 1541 1373 relegatos,
1599 1286 1934 1353 exclusum
1986 1288 2092 1351 vel
2144 1284 2443 1351 exclusos
2497 1284 2778 1369 hospitio
2832 1286 3142 1369 recipere,
3159 1294 3192 1348 5

329 1411 537 1455 mensa
575 1388 829 1468 fovere,
887 1385 1284 1469 conducere,
1343 1388 1698 1469 associare,
1749 1388 1818 1451 in
1857 1386 2155 1475 oppidis,
2200 1383 2373 1451 villis
2417 1384 2648 1450 aliisve
2689 1384 3143 1449 circumiacen—

329 1486 486 1553 tibus
528 1486 686 1551 locis
726 1486 1070 1573 degentem
1110 1485 1216 1551 vel
1260 1486 1569 1572 degentes
1609 1487 1911 1569 visitare,
1956 1486 2061 1552 vel
2104 1485 2185 1550 de
2222 1485 2379 1566 hiis,
2424 1506 2591 1569 quae
2631 1483 2700 1547 in
2739 1482 2862 1547 hoc
2905 1482 3149 1570 oppido

321 1598 382 1652 et
415 1588 761 1675 praecipue
801 1588 871 1650 in
912 1576 1036 1651 hac
1079 1585 1416 1651 academia
1456 1596 1769 1671 geruntur
1808 1597 1872 1654 et
1911 1585 2103 1667 fiunt,
2168 1583 2525 1649 certificare
2566 1592 2679 1648 aut
2715 1605 2863 1647 cum
2904 1581 3145 1647 eisdem

323 1686 418 1751 vel
475 1684 686 1772 aliquo
743 1708 966 1751 eorum
1015 1684 1496 1773 quomodolibet
1535 1687 1992 1751 commercium
2035 1684 2277 1749 habere
2322 1706 2435 1748 seu
2476 1683 2851 1747 conversari
2890 1702 3155 1769 praesu-

325 1798 464 1851 mat.
541 1784 678 1849 Sub
720 1806 934 1873 poena
974 1782 1391 1869 relegationis
1436 1783 1541 1849 vel
1586 1808 1666 1850 .x.
1709 1784 2103 1851 florenorum
2144 1792 2261 1851 etc.
2344 1782 2589 1847 Datum
2627 1790 2741 1847 etc.
3174 1789 3240 1845 10

325 1960 414 2019 47.
475 1970 863 2020 mDATmt
903 1970 1000 2017 DE
1041 1968 1290 2020 BEAMS
1331 1952 1477 2017 NON
1519 1964 1868 2017 VEXANDIS
1899 1969 1972 2017 m
1996 1966 2467 2019 PnocEsslom:
2498 1966 2838 2015 CORPORIS
2866 1965 3159 2018 CHRISTI.

478 2084 749 2151 Mandat
787 2094 942 2149 etc.:
1008 2094 1322 2173 quatenus
1367 2083 1633 2152 ‘nullum
1670 2084 1967 2170 ipsorum
2010 2106 2153 2166 eos,
2212 2084 2325 2171 qui
2364 2084 2434 2147 in
2482 2104 2792 2170 praesens
2837 2080 3150 2169 oppidum

325 2184 507 2249 studii
569 2206 772 2249 causa
823 2183 1178 2249 adveniunt
1233 2185 1422 2269 (quos
1467 2206 1586 2249 suo
1626 2184 1886 2249 nomine
1927 2183 2171 2249 beanos
2216 2181 2609 2269 appellant),
2662 2179 2762 2267 [21
2782 2180 2835 2267 b]
2874 2184 2944 2247 in
2982 2181 3144 2264 forn,

328 2284 571 2372 plateis,
622 2284 792 2349 vicis
845 2283 1074 2349 aliisve
1129 2282 1526 2370 quibuslibet
1579 2280 1737 2347 locis
1753 2331 1771 2365 ‚
1827 2292 1892 2347 et
1935 2284 2269 2368 signanter
2310 2285 2377 2346 in
2424 2284 2699 2348 statione
2742 2305 2857 2347 seu
2900 2304 3155 2369 proces·

328 2386 518 2466 sione,
575 2385 868 2448 crastina
924 2383 1068 2449 luce
1125 2406 1243 2469 per
1297 2381 1746 2449 christifideles
1764 2430 1782 2464 ,
1845 2381 2472 2447 venerabilissimum
2514 2384 2807 2470 corporis
2846 2382 3153 2447 dominici
3174 2389 3236 2445 15

329 2491 788 2547 sacramentum
833 2482 1250 2549 conducendo
1295 2492 1736 2558 veneraturos,
1778 2480 2171 2547 sollemniter
2215 2481 2431 2547 fienda
2442 2532 2461 2565 ,
2502 2481 2721 2569 palam
2764 2481 2866 2546 vel
2910 2481 3157 2547 occulte

331 2581 640 2665 molestet,
696 2580 1100 2647 contumeliis
1159 2591 1274 2647 aut
1325 2583 1580 2647 iniuriis
1637 2582 1914 2665 afficiat,
1966 2604 2083 2646 seu
2142 2581 2349 2645 modis
2392 2580 2878 2668 quibuscunque
2923 2603 3149 2668 corpo·

330 2680 536 2746 raliter
586 2680 914 2746 offendere
941 2684 962 2723 ¹
1019 2690 1427 2769 praesumat,
1487 2704 1609 2746 nec
1671 2684 1836 2769 ipsis
1889 2689 2003 2752 aut
2057 2680 2253 2745 alicui
2309 2682 2599 2767 ipsorum
2642 2692 2849 2765 serta,
2920 2683 2977 2746 si
3025 2704 3155 2770 qua

333 2803 498 2846 more
551 2778 864 2845 laudabili
912 2782 981 2846 in
1037 2781 1363 2869 capitibus
1421 2780 1803 2864 detulerint,
1871 2782 2126 2846 auferat
2140 2828 2155 2857 ,
2210 2780 2493 2866 deponat
2548 2804 2664 2846 seu
2712 2781 2986 2865 laceret,
3043 2792 3156 2846 aut

333 2880 567 2967 aliquid
615 2879 858 2965 illiciti,
915 2888 1182 2969 propter
1242 2880 1416 2969 quod
1475 2881 1988 2948 christifidelium
2049 2880 2307 2945 devotio
2350 2880 2455 2945 vel
2497 2883 2824 2947 minuatur
2865 2882 2971 2950 vel
3013 2903 3154 2970 per·
3172 2890 3241 2947 20

335 2980 608 3045 turbetur
651 2990 770 3045 aut
809 2982 1006 3045 etiam
1049 2981 1430 3048 scandalum
1474 2984 1642 3047 inter
1685 3004 1797 3047 eos
1839 2979 2212 3046 suboriatur
2229 3028 2248 3063 ,
2300 2990 2577 3067 protunc
2626 3004 2929 3047 exercere
2972 3005 3157 3069 prae-

336 3090 546 3145 sumat.
633 3079 770 3145 Sub
812 3102 1024 3167 poena
1049 3083 1253 3153 unius
1295 3080 1552 3164 floreni,
1596 3081 2010 3148 universitati
2050 3089 2172 3145 etc.

507 3255 600 3318 48.
663 3266 1054 3322 murrum
1096 3266 1190 3313 DE
1238 3264 1769 3316 PUBGA'I'ORIBUS
1815 3265 2235 3314 CLOAOARUM
2275 3264 2421 3313 NON
2465 3241 2969 3316 OFFENDENDIS.

487 3380 759 3446 Mandat
812 3381 1110 3446 omnibus
1153 3390 1272 3446 etc.
1314 3403 1624 3468 praesens
1685 3381 2027 3467 collegium
2068 3383 2231 3458 (sive
2268 3381 2438 3446 hanc
2481 3382 2770 3460 bursam)
2814 3385 3157 3449 immoran·
3214 3365 3219 3374 ⁶

335 3481 492 3546 tibus
529 3480 632 3546 vel
674 3479 920 3546 ibidem
962 3503 1045 3545 ex
1088 3503 1469 3570 quacunque
1509 3503 1706 3546 causa
1744 3479 2135 3546 intrantibus
2151 3530 2169 3564 ‚
2234 3493 2548 3567 quatenus
2582 3481 2827 3548 nullum
2866 3485 3155 3570 ipsorum
3172 3491 3241 3550 2⁵

339 3591 701 3668 purgatores
755 3578 1122 3645 cloacarum
1184 3584 1490 3668 (quorum
1537 3580 1724 3646 labor
1765 3579 1942 3644 utilis
1986 3601 2065 3645 ac
2105 3580 2514 3646 necessarius
2558 3604 2699 3646 esse
2742 3584 3159 3669 conspicitur)

340 3704 414 3746 ex
461 3679 964 3746 habitationibus
1017 3683 1148 3746 suis
1202 3691 1314 3746 aut
1363 3681 1788 3769 undecunque
1845 3679 2229 3762 inclamare,
2296 3680 2696 3746 subsannare
2714 3730 2729 3758 ,
2784 3682 3155 3766 affistulare,

343 3779 574 3846 laedere
589 3829 608 3862 ‚
671 3791 1010 3867 percutere
1022 3827 1040 3861 ,
1095 3782 1412 3866 proiicere
1463 3790 1578 3846 aut
1631 3778 2113 3868 quomodolibet
2160 3780 2544 3846 conturbare
2585 3780 2691 3846 vel
2726 3783 2982 3847 iniuriis
3024 3782 3160 3848 affi-

344 3903 472 3944 cere
535 3890 926 3966 praesumat.
1033 3875 1201 3968 [22⁸]
1279 3880 1414 3946 Sub
1491 3903 1701 3967 poena
1782 3881 1981 3945 trium
2038 3877 2460 3963 florenorum,
2536 3883 2945 3948 universitati
3004 3885 3161 3948 irre-

345 3978 718 4044 missibiliter
747 3978 1344 4067 persolvendorum,
1381 3990 1492 4044 aut
1517 3981 2051 4046 incarcerationis
2076 4002 2194 4067 per
2214 4002 2408 4044 unum
2431 4003 2733 4050 mensem.
2774 3983 3021 4048 Datum
3042 3993 3160 4048 etc.
3179 3991 3249 4048 30

379 4152 464 4212 49.
521 4163 942 4227 mumma,
985 4162 1313 4210 TEMPORE
1357 4163 1814 4214 cusmspmvn
1855 4163 2367 4231 msa-mannum,
2408 4167 2501 4216 un
2544 4169 2906 4218 usurus
2950 4168 3106 4229 Qms

1581 4263 1904 4313 mesm'r.

485 4375 755 4444 Mandat
797 4376 1092 4442 omnibus
1137 4387 1288 4442 etc.:
1346 4387 1664 4464 quatenus
1703 4379 1948 4445 nullum
1989 4380 2281 4467 ipsorum
2325 4380 2449 4447 hoc
2488 4384 2970 4470 carnispriviali
3008 4393 3163 4464 tem†
3212 4447 3215 4450 ,

353 4499 506 4562 pore,
549 4477 752 4542 larvis
797 4486 910 4541 aut
950 4475 1246 4541 vestibus
1285 4477 1548 4542 rusticis
1585 4500 1699 4542 seu
1737 4477 1966 4542 habitu
2003 4489 2252 4545 mutato
2278 4480 2595 4564 indutum,
2639 4505 2756 4569 per
2784 4486 2984 4568 vicos,
3029 4483 3166 4571 pla-
3210 4475 3217 4486 ⁸

351 4587 466 4641 teas
501 4587 612 4641 aut
652 4576 880 4644 domos
923 4577 1204 4644 civitatis
1247 4577 1552 4642 hincinde
1587 4577 1890 4662 vagando
1935 4579 2292 4661 discurrat,
2350 4602 2557 4667 neque
2608 4580 2922 4648 clamores
2958 4584 3163 4648 horri-
3182 4591 3249 4648 35

353 4673 488 4741 biles
529 4685 640 4740 aut
681 4685 910 4742 cantus
951 4675 1346 4742 clamorosos
1389 4685 1452 4740 et
1489 4676 1788 4742 insolitos
1828 4678 1897 4741 in
1936 4678 2183 4770 eisdem
2225 4680 2489 4744 suscitet
2517 4689 2631 4745 aut
2656 4680 2884 4767 globos
2922 4703 3165 4765 aereos,

353 4773 574 4858 gladios
615 4776 720 4841 vel
765 4775 1068 4864 cuspides
1113 4801 1228 4842 seu
1267 4798 1690 4864 quaecunque
1735 4775 1866 4840 alia
1905 4799 2091 4841 arma
2130 4799 2345 4843 secum
2388 4778 2667 4862 deferat,
2725 4804 2846 4846 nec
2885 4781 3164 4869 aliquem

355 4875 524 4940 verbo
561 4874 666 4939 vel
705 4875 876 4944 facto
917 4878 1226 4943 iniuriose
1267 4874 1574 4956 offendat,
1618 4884 1729 4939 aut
1771 4895 2193 4962 quaecunque
2231 4877 2363 4942 alia
2402 4877 2647 4961 illicita,
2690 4891 2956 4969 propter
2998 4905 3163 4967 quae

355 4974 709 5038 universitas
761 4977 1110 5062 inquietari
1154 4987 1408 5065 posset,
1466 4983 1850 5062 perpetrare
1904 4985 2293 5062 praesumat.
2379 4975 2514 5041 Sub
2558 4999 2769 5063 poena
2814 4981 3010 5045 trium
3052 4979 3163 5046 flo-

359 5093 620 5140 renorum
665 5084 784 5139 etc.
827 5089 942 5139 aut
981 5076 1511 5142 incarcerationis
1555 5097 1673 5162 per
1717 5097 1914 5138 unum
1957 5096 2261 5140 mensem.
2344 5074 2587 5140 Datum
2627 5086 2743 5142 etc.
3177 5091 3247 5148 ⁴0

469 5281 488 5330 1
530 5273 900 5332 Geschrieben
938 5274 1086 5330 steht
1124 5278 1338 5358 offerre.
