4038 6358
866 622 987 688 598
1890 616 1992 668 Dis
2029 615 2402 668 medicinischs
2439 615 2692 669 Facultit.

858 803 1026 868 centi
1066 800 1379 867 habeatur
1422 802 1749 884 memoria,
1792 798 2075 866 decanus
2130 797 2393 864 eosdem
2451 797 2538 863 ad
2591 797 2873 887 aliquem
2924 804 3299 863 sexternum
3360 794 3707 884 specialem

860 903 1242 989 consignare
1285 900 1478 967 debet
1519 923 1661 967 esse
1706 901 2010 967 astrictus
2027 900 2066 966 ¹.

927 1134 1267 1202 Statuta
1310 1134 1935 1200 concernencia
1975 1129 2569 1196 licenciandos
2611 1131 2691 1195 in
2735 1128 3231 1211 medicinis,
3279 1152 3490 1219 quae
3527 1129 3643 1194 eis

985 1234 1156 1321 legi
1201 1234 1504 1301 debent
1544 1244 1919 1321 tempore
1965 1229 2311 1320 petendi
2353 1231 2730 1296 favorem
2776 1251 3026 1316 super
3071 1228 3588 1295 admissione

776 1346 811 1400 5
1936 1331 2036 1398 ad
2086 1331 2655 1397 licenciatum.

949 1557 1044 1619 21.
1093 1548 1155 1639 [6
1168 1549 1220 1639 s]
1268 1554 1775 1619 mcENCIArmtjs
1815 1568 2145 1616 Tanarus
2185 1564 2637 1615 Pnom‘r‘rsms
2680 1564 2909 1614 mm
2955 1563 3264 1615 sannas
3311 1565 3636 1615 surum

2060 1665 2512 1716 monzuns.

1035 1833 1264 1901 Nullus
1303 1834 1771 1902 baccalaureus
1815 1843 1927 1900 aut
1964 1831 2409 1900 licenciandus
2449 1832 2519 1896 in
2559 1830 2904 1898 medicinis
2928 1828 3013 1895 ad
3035 1829 3375 1897 licenciam
3399 1832 3471 1895 in
3494 1830 3717 1897 eadem

869 1935 1268 2019 admittatur,
1314 1937 1440 2001 nisi
1484 1937 1665 2023 prius
1714 1954 1936 2000 coram
1981 1932 2226 1998 decano
2270 1942 2333 1998 et
2374 1928 2854 1997 conv'ocacione
2891 1931 3103 1996 tocius
3162 1929 3496 1995 facultatis
3552 1931 3719 1996 iura-

790 2044 858 2101 10
879 2035 1047 2100 verit
1086 2033 1256 2100 velle
1296 2057 1559 2101 servare
1602 2044 1843 2101 statuta
1881 2032 2232 2114 facultatiS,
2279 2053 2445 2119 quae
2490 2040 2641 2097 sunt
2682 2041 2749 2097 et
2789 2039 2977 2096 erunt
3015 2052 3136 2117 pro
3180 2029 3353 2097 bono
3396 2029 3722 2097 facultatis

877 2144 941 2200 et
982 2156 1120 2222 per·
1142 2135 1414 2200 eandem
1456 2134 1841 2224 approbata.

872 2375 967 2437 22.
1011 2386 1517 2436 LIGENGIANDUS
1561 2384 1738 2434 POST
1783 2382 2440 2433 BAGOALAUREATUM
2486 2382 2813 2431 TENETUR
2855 2380 3164 2431 Ammms
3193 2382 3329 2430 PER
3362 2380 3727 2431 mmmmm

953 2469 1328 2534 ΒΙΕΝἹΝῘῙῙῙΜ2
1360 2484 1731 2535 ΒΟΟΤΟΒΕΒ
1773 2483 2207 2533 DILIGENTER
2246 2482 2608 2531 AUDIVISSE
2652 2482 2743 2530 ΕΤ
2790 2481 3189 2532 ΡΒΑΟΤῙΟΑΜ
3232 2469 3634 2532 ἾΙΒῙἸἎΒΒῙΞΞ.3

1040 2652 1331 2735 Quilibet
1370 2651 1837 2718 baccalaureus
1881 2652 1950 2716 in
1988 2650 2331 2716 medicinis
2377 2659 2440 2715 et
2477 2647 2920 2715 licenciandus
2939 2699 2958 2733 ‚
3042 2648 3268 2715 volens
3324 2647 3585 2713 admitti
3643 2646 3731 2713 ad

794 2763 857 2818 15
878 2753 1275 2818 licenciam
1257 2776 1325 2816 ιιι
1367 2751 1594 2818 eadem
1610 2801 1628 2834 ,
1716 2759 1968 2816 tenetur
2022 2749 2322 2816 adminus
2379 2758 2530 2837 post
2586 2771 2774 2814 suum
2814 2747 3383 2814 baccalaureatum
3429 2747 3733 2813 doctores

870 2852 1161 2938 legentes
1208 2850 1538 2917 ordinarie
1577 2873 1697 2938 per
1736 2852 2061 2964 integrum
2103 2849 2468 2915 biennium⁴
2512 2847 2858 2934 diligenter
2901 2846 3166 2913 audisse
3217 2856 3285 2912 et
3324 2870 3471 2912 cum
3512 2846 3734 2932 aliquo

879 2951 1144 3018 doctore
1186 2974 1303 3015 seu
1347 2949 1723 3016 doctoribus
1766 2950 1972 3015 eciam
2016 2971 2135 3036 per
2174 2957 2423 3014 tantum
2465 2948 2778 3034 temporis
2835 2948 3130 3034 spacium
3190 2947 3553 3034 practicam
3594 2946 3731 3012 adi-

877 3055 1075 3135 isse-⁵,
1141 3050 1267 3114 nisi
1322 3051 1502 3137 prius
1563 3059 1713 3115 ante
1765 3047 2278 3114 baccalariatum
2320 3046 2621 3134 pluribus
2660 3048 2847 3112 annis
2892 3068 3086 3134 quam
3134 3045 3392 3111 duobus
3435 3045 3737 3112 doctores

883 3152 1226 3238 diligenter
1270 3149 1628 3215 audivisset
1670 3158 1732 3215 et
1772 3148 2132 3236 practicam
2177 3168 2322 3211 cum
2366 3145 2580 3234 aliquo
2625 3155 2737 3211 aut
2777 3143 3104 3232 aliquibus
3151 3144 3535 3211 doctoribus
3580 3146 3739 3212 visi·

799 3262 872 3319 20
890 3261 1094 3318 tasset
1137 3259 1201 3315 et
1241 3249 1323 3315 de
1363 3250 1487 3315 hoc
1527 3271 1645 3337 per
1683 3248 1982 3314 doctores
2026 3255 2372 3312 constaret.
2431 3245 2618 3310 Tunc
2662 3267 2808 3311 cum
2848 3245 2963 3312 tali
2994 3244 3447 3328 baccalaure0‚
3491 3247 3740 3333 petenti

886 3351 1177 3418 favorem
1221 3349 1604 3415 admittendi
1646 3347 1732 3412 ad
1774 3347 2138 3429 licenciam,
2194 3343 2469 3412 facultas
2525 3347 2767 3436 poterit
2817 3347 3115 3433 graciose
3161 3343 3581 3432 dispensare,
3639 3346 3741 3410 in-

886 3459 1114 3541 specta
1155 3451 1361 3536 priori
1404 3448 1630 3515 habita
1673 3446 2040 3534 diligencia.

884 3693 980 3755 23.
1037 3702 1545 3754 LIGENOIANDUS
1606 3701 1933 3749 TENETUR
1974 3700 2160 3747 ANTE
2204 3697 2675 3748 ADMISSIONEM
2737 3698 2831 3746 AD
2877 3696 3257 3746 LICENCIAM
3303 3697 3433 3745 SUB
3476 3695 3744 3756 ALIQUO

1176 3800 1507 3852 DOGTORE
1550 3784 1778 3850 UNAMss
1823 3798 2320 3860 QUAESTIONEM
2361 3796 2850 3846 MEDICINALEM
2892 3795 3449 3846 DETERMINASSE.

805 3980 871 4037 25
1061 3967 1540 4034 Baccalaureus'
1580 3968 1649 4032 in
1687 3965 2027 4032 medicinis
2072 3974 2136 4030 et
2176 3960 2618 4029 licenciandus
2669 3971 2819 4028 ante
2873 3962 3338 4029 admissionem
3401 3962 3488 4027 ad
3549 3961 3751 4028 licen·

893 4071 1063 4135 ciam
1105 4078 1356 4134 tenetur
1399 4076 1549 4133 ante
1592 4088 1867 4131 examen
1910 4066 2238 4153 privatum
2283 4060 2345 4152 [7
2358 4059 2410 4151 ⁸]
2456 4085 2576 4150 pro
2617 4061 2893 4128 licencia
2930 4062 3357 4150 adipiscenda
3382 4062 3643 4151 publice
3676 4064 3749 4128 in

891 4169 1108 4258 aliquo
1150 4168 1566 4234 lectoriorum
1605 4165 1729 4232 sub
1770 4165 1986 4255 aliquo
2032 4164 2296 4230 doctore
2338 4160 2638 4227 adminus
2699 4161 2930 4228 semel⁷
2983 4161 3427 4249 quaestionem
3471 4162 3743 4228 medici-

889 4268 1101 4335 nalem
1142 4267 1612 4333 determinasse
1655 4275 1719 4331 et
1761 4288 1877 4332 suo
1923 4263 2175 4330 doctori
2213 4285 2292 4328 ac
2335 4260 2480 4327 aliis
2523 4260 2881 4328 scolaribus
2936 4264 3004 4328 in
3046 4262 3406 4347 medicinis,
3465 4286 3746 4350 arguere

893 4366 1257 4435 volentibus
1302 4375 1530 4433 contra
1567 4387 1749 4430 suam
1787 4364 2206 4452 posicionem,
2248 4359 2685 4449 respondisse.

1070 4651 1108 4708 1'
1133 4651 1342 4708 Hier-zu
1375 4646 1523 4705 steht
1557 4662 1647 4702 am
1681 4644 1904 4701 Raude:
1941 4644 2072 4700 Hoc
2108 4648 2435 4700 irmnutatzm
2468 4652 2551 4700 est
2591 4652 2830 4715 tempore
2861 4646 2918 4700 d.
2954 4644 3136 4712 Roth,
3167 4650 3230 4696 ut
3261 4642 3441 4712 (dibi,-
3492 4641 3745 4698 danebsn

891 4757 1000 4794 von
1035 4736 1265 4794 anderer
1296 4734 1499 4789 Hand:
1534 4735 1594 4787 in
1625 4749 1770 4789 novo
1805 4731 1952 4785 libro
1987 4737 2330 4785 atomorum.

1058 4827 1089 4878 2
1125 4821 1241 4876 Fiir
1276 4820 1548 4875 biennium
1582 4818 1656 4872 ist
1690 4819 1876 4887 spater
1908 4814 2270 4887 geschrieben
2307 4815 2617 4870 triennium.

1060 4910 1091 4961 3
1125 4903 1409 4960 Hiemach
1442 4904 1515 4958 ist
1550 4905 1737 4973 spiiter
1769 4899 2136 4972 hinzugefiigt
2171 4915 2291 4954 cum
2323 4901 2559 4970 quodam
2594 4899 2837 4952 doctore.

1062 4994 1093 5045 4
1131 4987 1330 5060 Spfiter
1362 4986 1527 5042 dafiir
1565 4987 1871 5042 trimnium.

1068 5079 1098 5130 5
1134 5071 1392 5143 Anfangs
1426 5085 1540 5126 war
1573 5069 1932 5143 geschrieben
1964 5068 2259 5123 audivisse.
2480 5105 2497 5120 .

1063 5165 1095 5215 6
1123 5159 1243 5215 Vor
1274 5175 1442 5211 tortam
1473 5157 1547 5210 ist
1580 5159 1765 5226 spater
1799 5151 2204 5224 eingeschoben
2238 5152 2321 5206 ad
2349 5150 2530 5205 mim
2563 5150 2664 5204 bis.

979 5234 3143 5305 ‘vaandezNwommomuaanesthisotc.modopramripto.
