4038 6358
884 643 1007 707 210
1976 637 2088 689 Das
2123 653 2312 703 mosne
2349 637 2562 704 Collcg.

876 823 1028 889 licet
1053 824 1322 905 Pascae,
1372 822 1788 904 ascensionis,
1816 820 2299 902 Penthecostes,
2340 821 2632 905 corporis
2660 820 2927 902 Christi,
2958 820 3400 887 dedioacionis
3431 821 3716 888 ecclesiae

880 924 1088 988 sancti
1131 921 1386 986 Nicolai
1430 931 1493 985 et
1534 921 2008 1008 assumpcionis
2051 919 2156 984 dei
2200 920 2549 1005 genetricis
2595 929 2860 985 sanctae
2901 919 3170 985 Mariae.

1044 1022 1321 1108 Insuper
1367 1030 1741 1086 consuetum
1786 1030 1885 1085 est
1926 1021 1996 1083 in
2039 1018 2266 1085 eodem
2310 1017 2582 1103 collegio
2626 1017 2984 1101 observari,
3041 1030 3114 1084 111
3163 1031 3264 1084 161
3305 1022 3374 1084 16
3414 1042 3576 1085 anno
3617 1022 3714 1085 ad·

876 1121 1325 1185 ministrentur
1373 1142 1575 1186 aucae
1619 1130 1895 1201 assatae,
1953 1118 2223 1183 cuilibet
2263 1137 2462 1182 unum
2506 1117 2820 1202 quartale,
2875 1118 3018 1183 loco
3060 1128 3526 1200 assaturarum,
3566 1121 3717 1185 scili·

796 1228 828 1282 5
880 1230 980 1283 661
1020 1219 1313 1300 Martini,
1375 1220 1429 1283 si
1472 1219 1537 1281 in
1582 1218 1752 1283 diem
1794 1219 2087 1282 carnium
2125 1216 2432 1281 ceciderit
2475 1212 2669 1302 (alias
2712 1218 2781 1280 in
2825 1215 2993 1280 diem
3038 1215 3330 1281 carnium
3373 1217 3720 1284 immediate

879 1327 1255 1405 sequentem
1298 1314 1776 1404 transferatur),
1821 1339 1966 1381 cum
2003 1317 2282 1403 propina
2324 1325 2396 1380 ut
2433 1338 2653 1401 supra,
2695 1316 2764 1379 in
2809 1315 2916 1380 die
2945 1315 3389 1381 dedicacionis
3432 1316 3719 1382 ecclesiae

880 1419 1088 1481 sancti
1130 1413 1404 1497 Nicolai,
1457 1417 1662 1481 eciam
1706 1439 1850 1482 cum
1894 1414 2215 1501 solempni
2255 1415 2554 1501 propina,
2600 1413 2681 1478 de
2719 1435 2848 1499 qua
2892 1437 3111 1501 supra,
3171 1425 3234 1479 et
3271 1416 3341 1480 in
3386 1415 3492 1480 die
3533 1420 3720 1481 sancti

881 1515 1251 1580 Burckardi
1296 1538 1441 1580 cum
1484 1517 1778 1602 propina.

1045 1613 1345 1680 Ceterum
1413 1637 1454 1678 a
1520 1614 1844 1681 dominica
1905 1613 2438 1700 Septuagesimae
2500 1635 2706 1699 usque
2768 1611 2853 1676 ad
2913 1612 3086 1677 diem
3151 1614 3442 1677 cinerum
3507 1612 3723 1679 debent

809 1723 873 1778 10
889 1715 1134 1800 pistata
1177 1713 1619 1779 administrari
1661 1736 1782 1802 pro
1824 1712 2122 1778 omnibus
2165 1711 2498 1797 magistris
2543 1709 3017 1797 praesentibus,
3077 1714 3145 1775 in
3200 1722 3266 1776 et
3325 1722 3515 1776 extra
3564 1735 3722 1778 men-

882 1835 1023 1877 sam
1068 1811 1517 1895 existentibus,
1566 1813 1648 1878 (16
1705 1834 1850 1877 8616
1907 1821 2006 1876 ter
2059 1813 2129 1876 in
2184 1812 2567 1897 septimana,
2630 1808 2879 1874 scilicet
2925 1809 3273 1893 dominica,
3333 1811 3539 1875 tercia
3575 1811 3724 1876 feria

885 1922 948 1978 et
1002 1912 1229 1998 quinta
1269 1911 1435 1976 feria
1484 1921 1549 1976 et
1604 1911 1845 1976 ultimis
1901 1907 2110 1976 tribus
2167 1910 2396 1976 diebus
2457 1909 2893 1996 carnisprivii,
2954 1909 3188 1993 quibus
3243 1909 3477 1974 diebus
3536 1909 3725 1975 tribus

880 2012 1088 2076 eciam
1131 2019 1470 2075 assaturae
1511 2033 1698 2075 mane
1742 2021 1805 2075 et
1849 2033 1992 2076 sero
2034 2010 2294 2096 disponi
2336 2009 2574 2075 debent
2615 2031 2732 2095 per
2775 2010 3222 2094 praepositum
3260 2018 3418 2073 tunc
3460 2011 3722 2074 existen-

880 2120 1010 2174 tem
1074 2131 1195 2195 pro
1256 2108 1529 2195 singulis
1592 2110 1925 2195 magistris
1988 2108 2471 2195 praesentibus,
2535 2109 2663 2174 nisi
2722 2107 2865 2174 dies
2924 2107 3145 2195 aliqua
3200 2108 3566 2200 ieiunabilis
3616 2111 3725 2173 im-

802 2216 863 2272 15
882 2207 1221 2294 pediverit.
1840 2227 1843 2232 ·
2134 2263 2142 2271 .

1044 2305 1324 2371 Demum
1370 2306 1577 2371 tribus
1619 2307 1871 2373 vicibus
1927 2307 1998 2371 in
2052 2329 2220 2372 anno
2275 2317 2426 2371 ante
2479 2308 2728 2372 omnia¹
2775 2306 3022 2372 fercula
3078 2308 3413 2392 magistris
3469 2306 3723 2372 admini-

883 2404 1154 2471 stranda
1211 2426 1329 2490 pro
1373 2407 1704 2491 magistris
1758 2409 1825 2471 in
1893 2429 2118 2472 mensa
2182 2406 2503 2471 duntaxat
2564 2405 3062 2472 consedentibus
3125 2428 3482 2491 procurare
3545 2406 3722 2471 debet

880 2503 1271 2570 formodium
1300 2504 1600 2589 calidum,
1634 2508 1899 2592 proprie
1945 2529 2072 2592 eyn
2115 2504 2453 2592 gebacken
2495 2504 2787 2590 qworgk,
2834 2504 3080 2570 scilicet
3120 2507 3189 2568 in
3234 2505 3464 2590 vigilia
3509 2528 3715 2570 ascen-

882 2605 1080 2669 sionis
1135 2603 1400 2686 domini,
1458 2606 1525 2668 in
1579 2603 1808 2690 vigilia
1847 2604 2309 2670 Penthecostes
2362 2614 2427 2669 61
2476 2607 2546 2668 16
2590 2603 2820 2692 vigilia
2876 2604 3170 2689 corporis
3215 2602 3486 2668 Christi.
3557 2604 3724 2669 Idem

796 2701 1023 2767 20fieri
1077 2701 1269 2767 debet
1312 2726 1458 2768 cum
1514 2702 1772 2790 laganis
1828 2714 1892 2769 et
1945 2728 2030 2791 po
2078 2753 2093 2769 .
2141 2754 2155 2768 .
2198 2753 2215 2767 .
2259 2753 2276 2767 .
2335 2702 2587 2768 calibus
2648 2713 2713 2767 et
2774 2725 2944 2789 pane
3003 2700 3250 2769 Christi
3298 2701 3514 2789 longo,
3567 2703 3725 2789 quod

880 2810 1098 2865 tamen
1142 2797 1368 2887 (trium
1410 2801 1473 2889 P)
1521 2805 1914 2891 principium
1959 2806 2296 2869 consuevit
2336 2800 2507 2888 qurk
2536 2797 2630 2888 (?)
2676 2801 3015 2888 appellari,
3067 2811 3139 2866 ut
3178 2802 3348 2866 inter
3391 2804 3726 2888 magistros
3797 2808 3814 2816 ”

880 2901 949 2964 16
992 2922 1216 2965 mensa
1260 2902 1612 2967 existentes
1655 2902 2087 2968 distribuatur
2128 2951 2145 2965 .
2191 2950 2207 2965 .
2253 2950 2270 2966 .
2315 2952 2328 2964 .
2374 2898 2917 2985 quemadmodum
2955 2900 3030 2966 fit
3075 2923 3221 2965 cum
3265 2923 3458 2967 caseo
3503 2915 3564 2966 61
3603 2903 3718 2966 fru-

883 2997 1095 3064 ctibus
1136 3009 1201 3064 et
1244 3048 1672 3067 ........
1718 3010 1908 3067 extra
1951 3001 2184 3067 diebus
2228 2998 2707 3065 ieiunabilibus.

2267 3221 2370 3284 66.

798 3389 864 3444 25
1048 3386 1188 3459 Auf
1222 3382 1331 3444 der
1367 3386 1595 3479 innern·
1628 3386 1784 3445 Seite
1829 3389 1929 3445 des
1976 3387 2160 3444 obern
2201 3387 2456 3445 Deckels
2498 3386 2640 3445 sind
2685 3405 2800 3444 von
2844 3388 2882 3447 2
2925 3387 3191 3445 minden
3234 3389 3338 3445 des
3388 3388 3486 3448 15.
3523 3388 3724 3447 Jahrb.

882 3484 977 3541 die
1006 3487 1341 3561 folqenden
1385 3485 1589 3544 beiden
1631 3486 2079 3562 Bemerkunyen
2114 3485 2521 3561 qeschrieben:

1058 3646 1137 3710 In
1201 3648 1377 3713 omni
1436 3648 1711 3733 angaria
1768 3645 1961 3711 debet
2021 3646 2165 3711 fieri
2221 3647 2512 3711 visitatio
2583 3645 2930 3711 bursarum
2997 3668 3117 3733 per
3175 3649 3624 3734 praepositum
3673 3658 3730 3713 et

889 3744 1183 3809 aedituos
1228 3744 1507 3831 collegii,
1553 3768 1672 3832 pro
1718 3767 1843 3832 quo
1884 3744 2154 3832 quilibet
2193 3744 2463 3810 habebit
2505 3752 2544 3814 8
2586 3748 2667 3825 03.
2709 3745 3029 3832 antiquos.

1045 3875 1376 3963 Deinceps
1422 3880 1597 3942 omni
1639 3880 2007 3943 mutacione
2049 3891 2111 3943 et
2152 3880 2221 3943 in
2264 3877 2592 3965 principio
2635 3877 3010 3943 visitabitur
3051 3877 3421 3963 disputacio
3462 3881 3730 3945 serotina

801 3975 1207 4039 30sociorum
1250 3997 1368 4061 per
1412 3975 1745 4042 dominum
1787 3976 2104 4042 decanum
2147 3987 2212 4042 et
2255 3999 2405 4043 suos
2448 3975 2756 4042 aedituos.

1758 4198 1856 4259 67.
1899 4211 2360 4260 mammon
2401 4192 2848 4259 1111611111161..2

1049 4338 1163 4403 1611
1205 4337 1303 4403 .N.
1347 4339 1653 4423 schwere,
1708 4341 1827 4409 das
1869 4342 1975 4407 ich
2012 4364 2292 4429 meynen
2347 4343 2602 4424 herren,
2657 4341 2784 4405 den
2847 4339 3233 4425 collegiaten
3291 4338 3409 4404 des
3463 4363 3729 4425 grossen

882 4436 1159 4523 collegii,
1216 4446 1376 4502 trew
1416 4438 1550 4503 vnd
1607 4440 1940 4524 gewerhre
2004 4462 2185 4526 seyn,
2245 4441 2387 4505 iren
2431 4439 2718 4506 schaden
2759 4439 3104 4505 verhiitten
3143 4437 3277 4504 vnd
3321 4436 3723 4524 derselbigen

878 4536 1149 4619 fromen,
1205 4558 1276 4601 so
1318 4536 1448 4602 viel
1486 4540 1612 4604 mir
1657 4538 1960 4624 moglich,
2006 4538 2312 4623 schaffen,
2367 4540 2501 4605 vnd
2551 4537 2721 4605 noch
2772 4538 2958 4602 deme
2998 4537 3106 4603 ich
3158 4536 3537 4602 sunderlich
3591 4560 3724 4602 zum

797 4644 864 4699 35
883 4634 1251 4700 schencken
1288 4658 1443 4721 yres
1496 4636 1672 4702 biers
1726 4660 2213 4724 angenommen,
2265 4640 2384 4704 mit
2434 4638 2584 4705 dem
2623 4637 2814 4704 kauff
2864 4636 2998 4703 und
3051 4635 3438 4703 verkauffen
3499 4635 3724 4703 (168861-

1042 4939 1065 4988 1
1106 4933 1215 4989 Die
1249 4933 1451 4990 Worte
1484 4939 1612 4991 ante
1646 4933 1833 4987 omnia
1869 4932 1992 4987 sind
2006 4950 2011 4955 ·
2027 4930 2184 4988 nicht
2214 4950 2362 5004 ganz
2398 4932 2658 4989 deutlich.

1034 5021 1064 5072 2
1104 5016 1232 5072 Von
1265 5016 1549 5073 (1618611166
1583 5015 1752 5072 Hand
1802 5015 1908 5073 auf
1943 5014 2033 5072 die
2076 5015 2367 5073 Stirnseite
2414 5016 2512 5072 des
2561 5021 2743 5072 ersten
2787 5014 3006 5073 Blattes
3053 5015 3430 5089 geschrieben,
3475 5016 3570 5073 die
3607 5020 3723 5074 15⁴⁹

881 5099 982 5153 das
1020 5098 1079 5153 in
1121 5100 1231 5156 den
1263 5100 1539 5158 Urkundl.
1580 5099 1813 5165 Quellen
1866 5098 1921 5157 S.
1969 5105 2067 5156 745
2116 5099 2392 5156 erwfihnte
2424 5098 2926 5157 Verzeichniss
2970 5099 3087 5155 (161·
3129 5099 3560 5156 Einnahmen
3605 5098 3729 5156 und

878 5184 1273 5253 Ausgaben
1307 5184 1423 5239 des
1460 5201 1753 5255 grossen
1789 5183 2088 5256 Collegs
2120 5183 2353 5240 schrieb.
2428 5183 2565 5239 Dies
2599 5182 2981 5241 Verzeichniss
3027 5183 3148 5241 hier
3181 5182 3588 5242 aufzunehmexi
3625 5200 3727 5240 wat

882 5267 1046 5327 keine
1078 5267 1522 5339 Veranlassung3
1560 5285 1619 5323 68
1651 5267 1853 5341 gehort
1884 5267 2153 5325 vielmehr
2186 5266 2245 5322 in
2280 5267 2387 5324 den
2425 5266 2898 5341 geschichtliehen
2932 5268 3114 5326 Band.
