4038 6358
1323 511 1423 564 Die
1458 511 1697 563 Statuten
1734 527 1837 563 von
1879 511 2217 566 1416—1435.
3083 517 3195 582 183

542 696 672 771 Auf
702 696 885 754 ciuem
927 697 1352 776 einqehefteten
1392 699 1597 772 Zettel,
1640 700 1767 758 und
1804 700 2102 758 abermals
2143 702 2237 759 ΒΖ.
2279 697 2389 763 261
2417 709 2480 758 ⁸:

539 807 720 874 Anno
768 814 926 876 1425
971 812 1342 878 conclusum
1393 812 1533 894 fuit,
1590 810 1764 899 quod
1805 812 1873 876 in
1915 814 2214 898 proximo
2261 811 2342 877 de
2382 834 2551 877 novo
2591 812 2840 877 intrans
2883 812 2951 876 in
2997 811 3209 877 locum

366 909 471 975 M.
507 909 837 975 Laurentii
885 934 1015 976 von
1064 910 1436 997 Heilisberg
1487 909 1721 976 debeat
1772 913 2226 999 praepositare
2279 935 2397 1002 per
2449 920 2655 976 totum
2711 934 2950 976 annum
2990 913 3209 977 imme-

370 1010 547 1075 diate
588 1019 953 1093 sequentem
995 1020 1059 1075 et
1102 1009 1336 1076 debeat
1387 1013 1676 1098 incipere
1729 1014 2255 1098 praeposituram
2307 1012 2493 1077 finita
2548 1013 3000 1098 praepositura
3059 1013 3210 1077 anni

371 1107 838 1197 praecedentis,
884 1109 1130 1176 scilicet
1173 1112 1348 1176 circa
1389 1111 1620 1176 festum
1658 1110 1997 1176 Michaelis
2043 1113 2340 1199 proxime
2382 1120 2740 1178 venturum.
3259 1120 3292 1176 5

536 1230 628 1287 Be.
670 1231 834 1293 261⁸
876 1230 1147 1290 semime
1183 1232 1307 1290 sich
1350 1233 1498 1292 noch
1540 1233 1643 1291 mit
1684 1232 1828 1290 zwei
1865 1233 2161 1291 Abscitzen
2203 1233 2447 1293 hieran.-

531 1342 687 1408 Item
728 1342 958 1408 eodem
1000 1343 1106 1410 die
1149 1344 1517 1411 conclusum
1563 1354 1678 1429 est,
1722 1344 1896 1433 quod
1935 1346 2251 1410 intrantes
2294 1346 2590 1432 magistri
2631 1345 2899 1412 ulterius
2937 1347 3004 1410 in
3045 1347 3214 1411 futu·

367 1465 513 1507 rum
569 1440 880 1507 deberent
935 1446 1208 1510 toutare¹
1261 1443 1344 1510 de
1402 1444 1594 1510 modo
1658 1444 2156 1532 praepositandi
2214 1456 2280 1510 et
2352 1445 2786 1511 determinare
2850 1445 3022 1510 infra
3087 1444 3213 1529 hic,

372 1540 614 1606 scilicet
649 1540 884 1606 festum
926 1542 1264 1609 Trinitatis
1308 1553 1373 1609 et
1415 1545 1647 1609 festum
1692 1542 1964 1630 Georgii
2005 1544 2352 1611 exclusive.

530 1640 688 1706 Item
748 1641 1122 1707 conclusum
1171 1644 1322 1727 fuit,
1378 1642 1552 1730 quod
1604 1645 1673 1708 in
1726 1644 2012 1708 futurum
2068 1643 2339 1732 quilibet
2393 1644 2474 1709 de
2516 1668 2685 1711 novo
2727 1645 2979 1709 intrans
3024 1641 3213 1708 colle-
3235 1654 3297 1709 10

368 1742 546 1824 gium
584 1738 907 1806 tenebitur
948 1743 1119 1807 infra
1176 1744 1457 1830 primum
1501 1765 1787 1808 mensem
1838 1764 1995 1808 suae
2046 1743 2375 1809 electionis
2430 1745 2675 1809 intrare
2728 1752 2793 1808 et
2848 1742 3216 1809 inhabitare

366 1837 703 1925 collegium
744 1839 866 1905 sub
894 1864 1109 1929 poena
1148 1844 1474 1909 carentiae
1513 1844 1828 1932 portionis
1869 1865 2046 1926 suae,
2088 1864 2423 1931 quousque
2465 1842 2807 1928 collegium
2843 1842 3116 1911 intrabit
3152 1851 3217 1908 et

366 1936 770 2004 inhabitabit.

1240 2184 1341 2244 41.
1383 2194 1477 2242 nn·
1522 2193 1870 2244 morionis
1912 2195 2007 2242 AD
2052 2192 2352 2241 MENSAM.

528 2305 715 2372 Anno
766 2312 923 2376 1426
982 2308 1102 2373 sub
1144 2309 1231 2374 M.
1286 2307 1589 2375 Andreae
1643 2309 1726 2374 de
1766 2308 2247 2375 Weissenstadt
2303 2308 2757 2395 praepositura
2820 2307 3208 2392 conclusum,
3237 2320 3296 2374 15

367 2405 539 2492 quod
579 2405 847 2494 quilibet
888 2410 1198 2494 magister
1240 2410 1308 2474 in
1350 2409 1595 2492 ordine,
1648 2432 1772 2496 quo
1815 2408 2031 2494 legere
2075 2408 2268 2474 debet
2322 2407 2408 2472 ad
2465 2429 2754 2472 mensam
2809 2406 3069 2494 prandii
3109 2407 3214 2472 vel

371 2527 622 2589 coenae,
666 2530 786 2594 per
829 2531 897 2573 se
943 2510 1131 2574 sicuti
1172 2508 1421 2574 meliori
1462 2509 1650 2576 modo
1697 2518 1909 2597 potest
1952 2532 2097 2573 cum
2141 2507 2244 2573 vel
2300 2509 2439 2572 sine
2482 2515 2752 2572 accentu
2795 2506 2927 2590 vel,
2985 2510 3041 2572 si
3087 2531 3213 2572 non

369 2614 607 2691 potest,
662 2603 970 2694 disponat
1026 2607 1221 2682 alium
1279 2609 1663 2695 magistrum
1726 2632 1844 2696 pro
1900 2631 1970 2673 se
2028 2607 2364 2696 legentem.
2448 2606 2537 2671 Et
2597 2605 2716 2671 sub
2771 2605 2886 2671 illa
2942 2607 3214 2672 lectione

371 2714 662 2770 tenentur
707 2728 902 2792 quam
954 2708 1251 2792 magistri
1308 2719 1441 2773 tam
1493 2707 1822 2774 scholares
1879 2717 2113 2776 tacere.
2199 2706 2450 2788 Quodsi
2505 2705 2647 2794 quis
2700 2703 2918 2791 legere
2973 2729 3088 2793 per
3146 2729 3214 2770 sc

368 2802 476 2868 vel
516 2802 710 2869 alium
750 2807 1133 2894 magistrum
1171 2807 1553 2895 neglexerit,
1611 2808 1821 2874 solvat
1858 2830 2060 2873 unum
2103 2808 2438 2894 antiquum
2481 2828 2782 2893 grossum
2824 2807 3015 2872 toties
3060 2829 3210 2893 quo·
3229 2814 3297 2870 20

371 2903 492 2968 ties
535 2914 651 2969 etc.

684 3056 818 3122 422
857 3074 951 3121 nn
995 3075 1217 3123 sunsA
1258 3074 1587 3124 mnmmsl
1624 3075 1716 3122 m·
1758 3074 1853 3122 DE
1894 3073 2220 3133 Eannns
2259 3073 2478 3122 11>sms
2517 3075 2612 3122 ΕΤ
2651 3073 2966 3122 ,molum

1511 3171 2093 3223 BENEFAGTORUM.
2106 3156 2131 3199 ³
2153 3194 2164 3201 -

531 3286 718 3352 Anno
763 3287 1006 3354 domini
1051 3282 1204 3356 1429
1250 3292 1394 3378 ipso
1437 3289 1541 3354 die
1577 3288 1639 3355 S.
1673 3288 1993 3375 Sylveswi
2028 3294 2107 3366 (d.
2132 3291 2624 3367 31.December)⁴
2655 3291 2721 3355 in
2755 3286 3212 3379 praepositura

368 3386 456 3451 Μ.
477 3386 785 3474 Stephani
806 3387 1151 3455 Hiiffeners
1197 3389 1278 3455 de
1299 3390 1572 3476 Prettyn
1611 3398 1921 3454 statutum
1961 3389 2086 3455 fuit
2122 3389 2533 3455 concorditer
2575 3399 2641 3454 et
2679 3388 3051 3454 conclusum
3093 3410 3212 3474 per
3231 3397 3297 3453 25

373 3487 705 3574 collegium
748 3488 956 3552 maius
995 3488 1203 3581 ⁷studii
1243 3489 1669 3577 Lypczensis‚
1714 3487 1888 3576 quod
1922 3488 2213 3571 bursam,
2255 3511 2447 3577 quam
2481 3489 2570 3554 M.
2599 3487 2909 3573 Henning
2951 3487 3031 3553 de
3069 3486 3213 3552 Hil-

374 3587 615 3653 densim
660 3587 871 3653 eidem
914 3586 1181 3675 collegio
1239 3588 1419 3654 dedit
1473 3597 1538 3653 et
1591 3587 1865 3674 legavit,
1922 3586 2097 3652 idem
2149 3587 2491 3673 collegium
2548 3587 2743 3653 debet
2798 3589 2966 3653 sicut
3019 3586 3214 3653 aliam

375 3711 552 3753 suam
607 3686 876 3752 bursam
927 3711 1155 3775 regere
1207 3699 1273 3754 et
1325 3689 1651 3775 respicere
1702 3709 1821 3774 per
1863 3708 1934 3750 se
1975 3687 2081 3751 vel
2130 3709 2247 3775 per
2298 3709 2644 3774 personam
2687 3686 2903 3771 aliam,
2961 3697 3025 3752 et
3066 3709 3213 3753 cen-

377 3810 525 3870 sum,
583 3786 693 3873 qui
735 3787 1003 3874 singulis
1046 3787 1278 3852 mediis
1321 3789 1510 3852 annis
1554 3786 1633 3851 de
1676 3786 1902 3852 eadem
1946 3784 2147 3851 bursa
2201 3789 2591 3875 provenerit,
2645 3786 2856 3852 eidem
2897 3789 3213 3873 magistro

375 3887 712 3972 Henningo
756 3886 861 3951 vel
917 3888 1021 3952 cui
1076 3888 1218 3975 ipse
1272 3887 1665 3953 commiserit
1721 3908 1838 3972 per
1878 3886 2080 3950 vitam
2136 3908 2318 3951 suam
2361 3888 2751 3968 ministrare,
2806 3884 3021 3952 demto
3065 3889 3210 3969 istc,
3228 3896 3297 3952 30

378 3986 541 4073 quod
584 4000 704 4072 pro
750 3989 1241 4053 conservatione
1282 3987 1665 4083 necessaria
1697 3984 1986 4050 eiusdem
2030 3984 2268 4051 bursae
2310 3995 2408 4051 est
2447 3988 2834 4073 expositum.

528 4088 695 4152 Item
738 4096 1045 4151 statutum
1087 4088 1210 4152 fuit
1252 4095 1315 4152 et
1357 4085 1728 4152 conclusum
1782 4107 1899 4173 per
1955 4085 2131 4150 idem
2184 4083 2524 4171 collegium
2566 4084 2993 4168 concorditer,
3040 4084 3214 4173 quod

377 4185 470 4251 bis
513 4187 582 4250 in
626 4184 914 4271 quolibet
968 4209 1135 4251 anno
1181 4186 1459 4252 debeant
1496 4185 1637 4251 fieri
1680 4186 1992 4273 exequiae
2037 4185 2124 4253 ad
2178 4192 2472 4249 sanctum
2513 4184 2786 4250 Paulum
2824 4208 2944 4272 pro
2987 4183 3213 4249 funda-

378 4284 614 4351 toribus
656 4286 1100 4350 universitatis
1157 4294 1221 4350 et
1274 4284 1796 4351 benefactoribus
1848 4284 2101 4371 collegii
2151 4285 2437 4367 maioris,
2498 4284 2694 4349 semel
2752 4286 2926 4350 circa
2978 4286 3214 4350 festum

380 4385 874 4460 circumcisionis
918 4384 1158 4450 domini
1212 4394 1275 4449 et
1328 4383 1526 4450 semel
1584 4387 1761 4451 circa
1816 4385 2051 4450 festum
2093 4384 2472 4471 palmarum.
2555 4384 2646 4449 Et
2696 4385 2764 4448 in
2820 4382 3214 4471 quibuslibet
3228 4393 3295 4448 35

380 4485 612 4551 talibus
656 4485 948 4574 exequiis
988 4484 1300 4550 fratribus
1343 4484 1585 4551 ibidem
1625 4485 1707 4551 de
1752 4503 1947 4550 censu
1985 4483 2226 4548 bursae
2266 4482 2461 4548 debet
2502 4483 2646 4548 dari
2676 4483 2984 4548 dimidius
3027 4484 3210 4548 flore·

380 4608 491 4651 nus
534 4586 843 4650 renensis.
928 4584 1014 4649 Et
1058 4586 1127 4650 in
1173 4585 1418 4650 eisdem
1461 4586 1750 4670 exequiis
1793 4583 1992 4649 iidem
2048 4584 2284 4648 fratres
2336 4592 2469 4647 tam
2522 4593 2673 4671 post
2712 4585 2977 4647 missam
3020 4606 3212 4671 quam

380 4697 515 4772 post
541 4682 805 4770 vigilias
847 4684 1085 4750 debent
1127 4693 1391 4750 cantare
1427 4674 1841 4750 ‘Recordare'
1888 4693 1952 4747 et
1996 4682 2213 4747 facere
2258 4682 2588 4748 celebrare
2627 4693 2759 4748 tres
2801 4684 3035 4747 missas
3077 4684 3210 4746 ani-

540 4857 565 4907 1
609 4851 684 4908 So
721 4850 868 4905 steht
898 4848 1287 4922 geschrieben3
1329 4850 1406 4905 im
1439 4848 1764 4919 Folgenden
1796 4847 1945 4903 steht
1977 4847 2071 4902 fiir
2101 4849 2314 4904 scilicet
2329 4853 2541 4919 seemm
2572 4845 2929 4920 geschrieben
2966 4867 3010 4902 s.
3037 4852 3208 4919 fecto.

381 4935 531 4992 Auch
564 4935 685 4990 hier
718 4933 862 4990 habe
893 4934 983 4990 ich
1016 4934 1147 4990 kein
1180 4935 1487 4991 Vei-tranen
1519 4950 1589 4988 zu
1624 4932 1830 5003 Vogels
1863 4930 2170 4987 Abschrift.

360 5027 366 5031 ’
536 5024 570 5074 2
606 5016 714 5074 Die
747 5017 1043 5089 folgenden
1075 5018 1402 5074 Beschliisse
1434 5018 1558 5073 sind
1591 5034 1700 5072 von
1738 5014 1843 5069 mir
1874 5014 2140 5072 beziffert.

540 5110 570 5157 3
609 5101 984 5159 Geschrieben
1022 5101 1171 5157 steht
1202 5104 1595 5159 con'cbustorum
1628 5100 1720 5156 fur
1753 5100 1829 5154 al.
1870 5101 2045 5170 benef.

540 5192 575 5243 4
610 5184 1089 5244 Wahrscheinlich
1129 5191 1271 5245 1428.
