4038 6358
1355 653 1455 706 Die
1489 653 1730 706 Statutcn
1767 669 1873 706 von
1910 654 2253 706 1497-1537.
3112 642 3233 712 233

326 833 479 900 tali
562 835 668 902 vel
723 833 963 902 talibus
1015 834 1395 902 mulieribus
1447 836 1689 902 sederit
1728 846 1792 902 et
1840 837 2362 903 conversationes
2419 856 2564 900 cum
2619 832 2782 919 ipsis
2835 830 2904 896 in
2958 826 3231 916 collegio

324 932 709 1019 habuerit,
753 935 966 1001 solvat
1006 957 1126 1022 pro
1168 958 1380 1024 poena
1422 936 1644 1004 decem
1686 959 1966 1024 grossos.

960 1108 1056 1167 17.
1099 1119 1194 1167 DE
1239 1118 1805 1171 confflem-lomi
1848 1122 1984 1170 PRO
2025 1120 2257 1169 merus
2294 1117 2663 1168 FAGOENDA.

564 1233 682 1322 [Bl.
714 1231 822 1322 5¹²]
867 1234 1031 1299 Item
1055 1234 1324 1323 quilibet
1363 1238 1841 1324 magistrorum,
1880 1237 2018 1302 sive
2041 1258 2351 1323 praesens
2396 1234 2535 1299 sive
2575 1232 2809 1299 absens
2851 1229 3062 1311 fuerit,
3108 1228 3233 1293 sin-

338 1334 565 1420 gulis
607 1335 794 1399 annis
852 1336 1227 1426 praeposito
1283 1334 1536 1422 collegii
1581 1338 1757 1402 circa
1808 1336 1978 1401 diem
2037 1337 2244 1401 sancti
2283 1334 2538 1399 Urbani
2581 1350 2680 1398 ΧΗ
2720 1352 2985 1417 grossos
3007 1343 3232 1393 ‘novos
3285 1334 3318 1388 5

344 1456 503 1519 pro
559 1435 754 1521 lignis
794 1431 1249 1520 comparandis
1289 1435 1673 1520 contribuat,
1715 1438 1807 1501 ita
1848 1434 2023 1523 quod
2062 1435 2234 1500 idem
2276 1434 2686 1521 praepositus
2729 1440 3020 1517 tempore
3049 1449 3233 1515 prae-

344 1535 641 1622 scripto
687 1534 772 1598 sit
814 1535 1114 1598 astrictus
1155 1533 1241 1600 ad
1282 1534 1619 1602 emendum
1662 1535 1841 1622 ligna
1883 1557 2003 1621 pro
2048 1532 2476 1600 calefatienda
2518 1530 2710 1597 stuba
2759 1528 3236 1616 magistrorum,

346 1633 515 1697 nisi
562 1633 863 1719 magistri
913 1655 983 1698 se
1027 1643 1245 1700 mutuo
1289 1657 1329 1700 a
1370 1634 1839 1701 contributione
1856 1617 1870 1632 ’
1889 1632 2258 1700 huiusmodi
2312 1655 2397 1697 ex
2445 1629 2819 1697 rationabili
2875 1650 3074 1693 causa
3126 1624 3237 1692 ab-

352 1731 725 1797 solverint.
814 1730 902 1797 Et
959 1733 1014 1798 si
1071 1735 1386 1799 tertianus
1419 1734 1693 1800 stubam
1746 1734 2206 1821 magistrorum
2262 1754 2380 1820 per
2433 1741 2689 1818 tempus
2743 1726 3018 1794 hiemale
3071 1725 3237 1792 cale-

361 1831 644 1915 fecerit,
690 1831 875 1897 dabit
917 1832 977 1897 ei
1021 1831 1290 1919 quilibet
1330 1836 1789 1920 magistrorum
1834 1857 1952 1921 pro
1994 1832 2219 1898 labore
2263 1855 2376 1897 suo
2417 1834 2538 1914 2¹l2
2589 1845 2672 1916 95.
3259 1833 3323 1890 10

897 2005 984 2068 18.
1030 2015 1125 2064 DE
1170 2015 1736 2065 CONTRLBUTIONE
1776 2018 1870 2066 AD
1914 2017 2374 2066 STRUOTURAM
2422 2014 2765 2064 COLLEGII.

554 2132 724 2196 Item
768 2132 825 2195 si
864 2130 1109 2219 aliquid
1150 2132 1221 2196 in
1257 2131 1364 2196 vel
1405 2141 1597 2197 extra
1634 2130 1973 2218 collegium
2016 2133 2385 2198 necessario
2429 2128 2931 2211 reformandum,
2967 2127 3236 2194 educen-

360 2229 544 2297 <hun
588 2231 729 2295 sive
772 2230 1269 2297 construendum
1306 2231 1517 2314 fuerit,
1561 2229 1795 2318 placet,
1850 2230 2023 2318 quod
2072 2231 2233 2298 illud
2277 2231 2358 2297 de
2403 2230 2726 2297 communi
2766 2228 2922 2294 fisco
2968 2250 3082 2292 seu
3123 2248 3241 2313 per

364 2328 727 2417 aequalem
770 2328 1306 2396 contributionem
1348 2331 1631 2396 omnium
1682 2331 2140 2418 magistrorum
2200 2342 2333 2398 tam
2387 2330 2824 2419 praesentium
2877 2349 3070 2415 quam
3126 2323 3237 2390 ab·

363 2431 668 2496 sentium
706 2430 824 2496 fiat
863 2439 926 2497 et
966 2428 1370 2518 expediatur.
3256 2433 3319 2488 15

1073 2603 1164 2665 19.
1203 2615 1298 2663 DE
1338 2588 1666 2663 medei-ns
1709 2613 2037 2663 coam-:en
2076 2612 2568 2662 EXPEDIENDIS.

554 2729 723 2794 Item
765 2730 1132 2818 quicunque
1173 2731 1634 2816 magistrorum
1674 2753 1797 2818 pro
1841 2730 2267 2818 expediendis
2304 2730 2584 2817 negotiis
2611 2728 2866 2814 collegii
2904 2724 3079 2814 apud
3124 2723 3235 2789 do·

372 2829 635 2893 minum
697 2838 1013 2894 rectorem
1067 2828 1171 2894 vel
1236 2852 1649 2922 quoscunque
1711 2830 1871 2895 alios
1932 2852 2050 2917 per
2109 2832 2422 2896 maiorem
2483 2838 2739 2916 partem
2793 2825 2855 2914 [6
2872 2824 2923 2914 ⁸]
2982 2824 3235 2910 collegii

377 2927 737 3015 deputatus
782 2928 1006 3011 fuerit,
1060 2928 1253 2995 debet
1296 2930 1382 2996 ad
1420 2930 1583 2995 haec
1627 2929 2038 3017 expedienda
2093 2932 2231 2994 sine
2287 2927 2793 2995 contradictione
2854 2948 2995 2991 esse
3051 2924 3238 2989 astri·

377 3037 560 3110 ctus,
621 3025 742 3092 sub
796 3049 1007 3115 poena
1060 3047 1107 3092 x
1164 3044 1246 3113 9(-
1302 3028 1572 3115 collegio
1624 3028 2159 3095 irremissibiliter
2220 3026 2819 3116 persolvendorum.
2892 3024 2966 3090 Si
3019 3033 3234 3090 autem
3251 3030 3320 3087 20

380 3141 514 3214 quo
563 3125 652 3193 ad
694 3135 1052 3193 structuras
1096 3126 1352 3215 collegii
1392 3126 1497 3194 vel
1555 3150 1799 3216 poenas
1839 3128 2302 3195 excedentibus
2344 3126 2683 3193 dictandas
2741 3123 2985 3213 aliquid
3043 3145 3236 3211 expe-

381 3226 698 3392 dientium
757 3228 981 3311 fuerit,
1043 3228 1171 3293 hoc
1223 3229 1396 3295 idem
1454 3230 1866 3317 praepositus
1919 3252 2068 3295 cum
2124 3231 2258 3295 suis
2327 3228 2606 3293 aedituis
2673 3225 2952 3292 fideliter
3006 3224 3276 3313 exequi

381 3336 534 3392 tene
580 3327 729 3391 itur.

1041 3482 1138 3543 20.
1180 3494 1274 3543 DE
1315 3494 1712 3544 noem-mim
1760 3497 2204 3546 cononomm
2246 3495 2593 3545 commen.

554 3627 715 3693 Item
780 3635 1131 3693 conventor
1189 3626 1623 3693 habitationes
1691 3630 2053 3716 praesentis
2117 3628 2393 3715 collegii,
2453 3628 2540 3694 ad
2602 3651 2785 3693 suam
2850 3628 3234 3693 locationem
3251 3634 3316 3691 25

386 3735 776 3813 spectantes,
835 3725 1140 3791 studiosis
1187 3736 1249 3790 et
1289 3727 1579 3792 honestis
1637 3728 2040 3794 scholaribus
2090 3728 2259 3794 locet
2314 3750 2391 3793 ac
2442 3728 2523 3793 de
2577 3729 2866 3815 ipsorum
2924 3727 3233 3813 pensione

387 3823 493 3889 vel
552 3847 750 3889 censu
801 3825 1071 3912 singulis
1122 3826 1588 3892 mutationibus
1642 3827 1727 3892 ad
1778 3826 2306 3915 respondendum
2347 3828 2787 3914 rationemque
2836 3824 3235 3891 reddendum

387 3925 550 4010 ipsis
590 3924 923 4009 magistris
968 3924 1327 4011 collegiatis
1373 3927 1459 3990 sit
1496 3927 1820 3992 astrictus.
1902 3926 2089 4008 Quae
2128 3928 2397 3992 mutatio
2442 3926 2779 3992 locationis
2820 3924 3234 3992 comoderum

388 4045 431 4087 a
476 4023 642 4088 festo
686 4021 864 4088 Galli
909 4027 974 4089 in
1016 4025 1223 4090 hieme
1267 4034 1331 4089 et
1374 4023 1647 4111 Georgii
1689 4027 1756 4090 in
1799 4036 2045 4091 aestate
2086 4036 2508 4113 computetur.
2577 4025 2665 4091 Et
2705 4026 2759 4090 si
2799 4024 3233 4092 habitationes

390 4121 651 4210 aliquae
708 4145 825 4210 per
878 4132 1331 4189 conventorem
1390 4147 1510 4211 pro
1552 4134 1844 4212 tempore
1898 4128 2280 4191 existentem
2325 4126 2707 4212 tempestive
2764 4125 3016 4191 locatae
3058 4124 3232 4190 haud
3250 4134 3318 4190 30

394 4223 636 4287 fuerint
676 4231 788 4286 aut
831 4232 1267 4310 competenter
1306 4222 1512 4288 locari
1569 4247 1698 4290 non
1740 4227 2087 4311 potuerint,
2142 4225 2426 4290 insinuet
2465 4224 2590 4290 hoc
2635 4226 3007 4312 praeposito
3051 4224 3236 4291 colle-

390 4321 502 4405 gii,
553 4322 663 4409 qui
720 4320 800 4385 de
843 4320 1116 4387 locando
1159 4322 1527 4390 huiusmodi
1564 4322 2033 4389 habitationem
2073 4324 2177 4389 vel
2224 4324 2659 4390 habitationes
2702 4323 3044 4411 diligenter
3086 4345 3235 4411 pro·

390 4443 619 4486 cinare
662 4420 1001 4485 tenebitur.
1060 4420 1402 4515 Debetque
1447 4431 1797 4488 conventor
1839 4424 1982 4510 ipse
2027 4424 2296 4510 singulis
2341 4424 2806 4490 mutationibus
2845 4425 3021 4489 circa
3063 4422 3234 4487 diem

392 4529 765 4585 sanctorum
809 4519 1113 4606 Gregorii
1153 4532 1219 4586 et
1257 4522 1521 4608 Aegidii
1575 4544 1695 4609 pro
1750 4522 2191 4608 assignatione
2231 4522 2553 4589 ulterioris
2598 4525 2929 4610 regentiae
2969 4546 3011 4588 a
3051 4522 3236 4588 colle-

385 4619 495 4704 gio
537 4627 783 4706 petere.
3249 4630 3317 4686 35

883 4776 983 4837 21.
1028 4768 1151 4859 [Bl.
1193 4767 1298 4857 6¹³]
1344 4788 1437 4835 DE
1483 4788 2222 4840 TEMPORE-Lacnoms
2266 4790 2750 4840 sraruronnu.

551 4920 717 4985 Item
778 4921 1187 5008 praepositus
1228 4918 1511 5006 ,collegii
1575 4920 1769 4986 debet
1830 4923 2002 4988 infra
2062 4946 2349 4990 mensem
2409 4947 2449 4990 a
2505 4933 2797 5010 tempore
2846 4923 3232 5010 inceptionis

391 5042 544 5085 suae
584 5022 1096 5108 praepositurae,
1125 5018 1229 5084 vel
1273 5019 1501 5085 saltem
1544 5030 1890 5108 postquam
1929 5022 2286 5110 disputatio
2311 5025 2594 5090 serotina
2631 5045 2747 5110 per
2778 5031 3232 5089 conventorem

390 5120 649 5207 incepta
690 5120 905 5203 fuerit,
952 5141 1097 5184 eum
1141 5120 1275 5185 suis
1317 5120 1593 5185 aedituis
1623 5131 1880 5206 statuta,
1915 5121 2244 5188 scholares
2285 5131 2349 5187 et
2393 5125 2730 5210 supposita
2752 5123 2939 5188 huius
2977 5120 3233 5208 collegii

396 5220 869 5300 concernentia,
910 5220 977 5284 in
1020 5218 1214 5284 stuba
1257 5220 1607 5285 eorundem
1649 5223 2131 5308 suppositorum
2169 5220 2385 5308 legere
2407 5230 2471 5286 et
2493 5220 2845 5309 publicare,
2876 5220 2995 5288 sub
3024 5233 3318 5310 poena40

306 5343 315 5355 ·
393 5319 581 5385 unius
654 5317 885 5384 floreni
961 5318 1230 5406 collegio
1296 5319 1829 5385 irremissibiliter
1898 5322 2322 5409 persolvendi.
2403 5322 2622 5389 Debet
2692 5325 2887 5387 etiam
2962 5333 3236 5410 protunc
