4038 6358
1210 674 1404 722 basiet-t
1441 674 1537 723 auf
1570 673 1783 737 Herzog
1817 672 2027 738 Georgs
2059 675 2443 725 Reformation.
3180 679 3258 742 37

1576 855 1918 922 Lectiones
1963 856 2343 920 matutinae.

558 984 809 1050 Mane
864 994 1049 1073 post
1115 986 1441 1074 pulsum
1495 990 1734 1074 pacis
1800 988 2054 1075 legetur
2119 990 2198 1054 in
2247 989 2522 1074 primo
2580 998 2659 1053 et
2714 990 3071 1057 secundo
3125 992 3262 1057 de-

826 1106 906 1149 cr
924 1107 960 1149 e
978 1094 1005 1149 t
1021 1084 1092 1149 al
1110 1086 1335 1151 ium:¹

741 1185 952 1270 primo
1011 1207 1180 1250 anno
1232 1185 1458 1250 titulus
1513 1186 1597 1251 (16
1652 1187 2134 1270 constitutione,
2205 1184 2287 1250 de
2343 1186 2716 1273 rescriptis,
2785 1187 2867 1254 de
2925 1201 3262 1256 consuetu-

990 1283 1169 1367 dine,
1214 1284 1296 1350 de
1338 1285 1551 1351 officio
1589 1285 1871 1373 delegati
1889 1335 1907 1368 ‚
1941 1286 2023 1351 de
2064 1285 2276 1364 officio
2320 1284 2655 1350 ordinarii.
3279 1300 3311 1355 5

744 1383 1028 1450 secundo
1070 1405 1240 1449 anno
1299 1383 1381 1449 de
1441 1387 1808 1451 majoritate
1866 1394 1932 1450 et
1972 1384 2373 1467 obedientia,
2417 1383 2498 1448 de
2535 1386 2941 1452 restitutione
2984 1390 3053 1452 in
3099 1391 3259 1454 inte-

987 1506 1217 1569 grum,
1279 1484 1360 1549 de
1399 1483 1688 1568 iudiciis,
1743 1485 1823 1549 de
1864 1485 2004 1549 foro
2057 1485 2475 1571 competenti,
2537 1484 2620 1548 de
2656 1487 2899 1550 mutuis
2941 1489 3263 1574 petitioni-

990 1583 1147 1666 bus,
1193 1581 1309 1648 lite
1349 1607 1481 1649 non
1524 1593 1905 1650 contestata.
2961 1647 2970 1659 ,

742 1684 932 1747 tertio
991 1681 1073 1747 de
1137 1705 1371 1748 caussa
1429 1685 1861 1770 possessionis
1906 1692 1970 1747 et
2022 1683 2486 1769 proprietatis,
2543 1682 2625 1747 de
2665 1685 3072 1750 restitutione
3116 1709 3261 1772 spo-

988 1782 1294 1849 liatorum
1309 1831 1328 1865 ,
1392 1781 1474 1847 (16
1531 1782 1681 1849 (1610
1735 1791 1798 1847 et
1840 1784 2278 1864 contumacia,
2335 1781 2416 1847 de
2458 1782 2984 1869 probationibus,
3047 1784 3129 1849 de
3171 1796 3259 1851 te-
3288 1796 3348 1850 ιο

995 1881 1207 1947 stibus
1227 1930 1247 1963 ,
1290 1882 1372 1947 (16
1412 1882 1539 1947 fide
1582 1884 2179 1948 instrumentorum.
3161 1898 3179 1914 ·

740 1991 973 2068 quarto
1017 1980 1101 2045 (16
1140 1981 1591 2064 iureiurando,
1634 1982 1717 2047 (16
1758 1979 2284 2068 exceptionibus,
2348 1980 2430 2045 de
2471 1983 3135 2069 praescriptionibus,
3180 1982 3263 2047 de

990 2081 1308 2146 sententia
1351 2091 1415 2146 et
1453 2102 1527 2146 re
1570 2080 1861 2147 iudicata
1903 2088 1968 2145 et
2008 2080 2594 2168 appellationibus,
2655 2082 2724 2145 in
2787 2082 3089 2169 capitulis
3153 2082 3263 2147 ubi

989 2179 1493 2246 Panormitanus
1545 2182 1807 2268 copiose
1860 2179 2124 2245 disserit
2182 2203 2262 2247 ac
2317 2202 2594 2245 canones
2654 2203 2733 2245 ac
2773 2179 2950 2268 leges
2992 2204 3260 2268 genera-

989 2278 1086 2345 les
1128 2278 1349 2344 tradit.
3283 2293 3344 2346 15

567 2377 659 2443 In
704 2387 1023 2444 aestate
1064 2380 1410 2464 septima
1464 2388 1542 2443 et
1603 2378 1882 2466 hyeme
1927 2388 2218 2445 octava
2261 2379 2384 2443 erit
2425 2380 2510 2444 in
2552 2380 2736 2444 iure
2789 2378 3027 2444 civili
3069 2379 3257 2446 lectio

824 2477 1369 2544 antemeridiana.

739 2579 952 2663 primo
995 2600 1164 2643 anno
1206 2579 1277 2642 in
1314 2579 1530 2665 prima
1577 2589 1766 2665 parte
1807 2579 1874 2644 ff.
1914 2578 2189 2643 veteris:
2238 2575 2320 2641 (16
2362 2576 2576 2643 officio
2617 2578 2755 2642 eius
2798 2577 2905 2642 cui
2948 2577 3261 2644 mandata

990 2685 1093 2743 est
1129 2676 1491 2743 iurisdictio
1508 2727 1528 2761 ,
1572 2678 1654 2743 de
1691 2678 2142 2743 iurisdictione
2185 2676 2474 2742 omnium
2515 2676 2826 2758 iudicum,
2871 2676 3045 2764 quod
3087 2680 3259 2766 quis-

991 2799 1118 2869 que
1153 2779 1346 2862 iuris,
1402 2779 1457 2843 si
1501 2778 1645 2862 quis
1689 2776 2096 2843 cautionibus
2110 2825 2129 2858 ,
2184 2778 2242 2842 si
2305 2779 2449 2863 quis
2511 2778 2614 2842 ius
2673 2776 2912 2841 dicenti
2965 2799 3098 2842 non
3147 2778 3345 2844 ob-20

990 2877 1487 2965 temperaverit,
1539 2877 1684 2965 quis
1732 2877 1891 2941 satis
1933 2875 2095 2941 dare
2138 2886 2430 2963 cogatur.

740 2975 1025 3041 secundo
1070 2998 1239 3041 anno
1281 2979 1351 3041 in
1392 2978 1609 3064 prima
1649 2985 1836 3062 parte
1882 2974 1966 3042 C:
2012 2974 2094 3039 (16
2138 2974 2407 3060 edendo,
2455 2976 2534 3039 de
2577 2976 2646 3039 in
2677 2976 2780 3039 ius
2817 2974 3134 3058 vocand0,
3179 2976 3261 3041 de

988 3077 1235 3163 pactis,
1280 3075 1361 3142 de
1405 3074 1984 3156 transactionibus,
2028 3074 2108 3139 de
2149 3074 2683 3161 procuratoribus
2700 3123 2717 3157 ,
2772 3073 2852 3138 de
2892 3073 3170 3139 iudiciis.

747 3176 936 3241 tertio
975 3177 1045 3241 in
1088 3178 1303 3263 prima
1345 3186 1536 3263 parte
1576 3175 1641 3241 ff.
1667 3176 1851 3240 novi:
1897 3174 1977 3240 de
2022 3176 2241 3261 operis
2267 3175 2418 3240 novi
2439 3174 2875 3255 nunciatione,
2919 3174 3000 3240 de
3024 3175 3260 3241 damno

989 3276 1247 3358 infecto,
1293 3275 1373 3340 de
1414 3275 1814 3361 acquirenda
1856 3277 2288 3362 possessione,
2335 3273 2416 3338 de
2455 3273 3018 3360 usurpationibus,
3064 3273 3145 3339 de
3185 3285 3343 3340 re25

985 3373 1293 3440 iudicata.

747 3482 976 3557 quarto
1019 3475 1087 3538 in
1130 3472 1414 3539 secunda
1453 3483 1640 3561 parte
1684 3472 1768 3539 O:
1813 3474 1924 3559 qui
1966 3471 2239 3554 admitti,
2284 3472 2543 3558 quando
2572 3493 2703 3538 non
2736 3473 3086 3558 petentium
3111 3495 3259 3559 par·

987 3583 1087 3638 tes
1129 3572 1534 3660 petentibus,
1574 3571 1746 3637 unde
1787 3571 2009 3653 liberi,
2059 3571 2142 3636 de
2182 3570 2666 3653 collationibus,
2710 3571 2792 3636 (16
2833 3576 3257 3655 testamentis,

994 3671 1077 3738 (16
1135 3672 1484 3738 heredibus
1530 3670 1976 3755 instituendis,
2032 3672 2100 3736 in
2151 3669 2405 3755 legibus
2459 3670 2571 3735 ubi
2610 3671 2792 3736 Bart.
2833 3669 3037 3735 tradit
3079 3671 3258 3737 theo-

990 3774 1133 3837 rica
1183 3794 1264 3837 ac
1316 3771 1761 3837 distinctiones
1821 3771 2011 3857 plura
2067 3770 2565 3857 complectentes
2581 3820 2599 3853 ‚
2657 3769 2740 3836 ob
2783 3769 2980 3855 idque
3022 3781 3088 3836 et
3130 3772 3257 3837 cla·
3277 3782 3345 3838 30

988 3871 1092 3935 vis
1132 3873 1331 3937 totius
1372 3872 1686 3936 materiae
1730 3870 2116 3958 appellatur.

556 3968 831 4040 Deinde
876 3969 1220 4035 habebitur
1263 3971 1494 4035 iterum
1543 3972 1750 4036 iuris
1797 3971 2173 4036 canonici
2215 3968 2424 4051 lectio,
2473 3991 2592 4055 pro
2638 3970 3003 4054 cognitione
3046 3971 3261 4036 iuris

990 4072 1182 4135 novi
1225 4071 1306 4134 in
1353 4068 1600 4135 Sexto
1645 4080 1727 4134 et
1771 4070 2357 4137 clementinis:

744 4176 1071 4233 aestate
1137 4178 1458 4252 octava,
1519 4169 1779 4234 hieme
1849 4191 2051 4234 nona
2118 4171 2187 4233 in
2246 4168 2408 4234 locis
2479 4166 2956 4233 difficilioribus
3011 4179 3077 4234 et
3127 4193 3260 4234 ma-

989 4268 1092 4354 gis
1133 4267 1558 4354 quotidianis:
1621 4268 1703 4333 de
1739 4269 2340 4351 constitutionibus,
2384 4267 2466 4333 de
2504 4269 2876 4354 rescriptis,
2918 4268 3000 4332 de
3043 4269 3254 4335 officio
3276 4278 3344 4336 35

988 4365 1289 4454 delegati,
1333 4368 1415 4433 de
1451 4366 1661 4433 officio
1693 4367 2027 4450 ordinarii,
2075 4366 2155 4433 de
2179 4368 2413 4454 pactis,
2460 4366 2542 4431 de
2573 4367 3124 4453 procuratoribus,
3173 4368 3256 4433 (16

991 4465 1290 4551 arbitris,
1348 4466 1430 4532 de
1472 4466 1766 4551 iudiciis,
1822 4465 1903 4531 de
1942 4466 2085 4532 foro
2128 4469 2551 4553 competenti,
2612 4466 2693 4529 de
2747 4466 3109 4531 iuramento
3157 4489 3261 4532 ca—

984 4566 1298 4649 lumniae,
1342 4565 1425 4632 de
1467 4568 1874 4632 restitutione
1917 4565 2378 4652 spoliatorum,
2429 4564 2510 4630 de
2555 4566 2867 4630 confessis
2891 4613 2910 4646 ,
2955 4563 3036 4628 de
3078 4567 3256 4629 testi-

988 4665 1141 4748 bus,
1186 4664 1267 4731 de
1309 4664 1746 4747 iureiurando,
1792 4664 1873 4731 de
1916 4665 2440 4753 exceptionibus,
2487 4664 2566 4730 de
2608 4663 3252 4751 praescriptionibus,

989 4762 1070 4828 de
1114 4768 1433 4831 sententia
1481 4775 1546 4830 et
1582 4787 1654 4829 re
1697 4764 2018 4846 iudicata,
2065 4762 2146 4829 de
2190 4761 2767 4851 appellationibus,
2809 4761 2892 4826 de
2933 4762 3250 4848 praeben-
3271 4774 3340 4829 40

989 4861 1123 4945 dis,
1171 4864 1251 4929 de
1297 4866 1615 4930 sententia
1658 4864 2366 4945 excommunicationiS,
2413 4862 2492 4926 de
2539 4862 2888 4926 verborum
2932 4861 3256 4946 significa-

986 4962 1161 5027 tione
1206 4973 1268 5028 et
1320 4964 1485 5048 aliis,
1527 4972 1725 5051 prout
1757 4963 1925 5028 ratio
1948 4963 1973 5004 ²
2009 4971 2373 5048 temporum
2410 4963 2717 5046 patietur,
2760 4963 3150 5047 praesertim
3192 4965 3263 5028 in

535 5267 561 5318 1
602 5261 693 5317 Im
730 5259 1055 5333 Folgenden
1099 5261 1243 5319 habe
1295 5261 1388 5317 ich
1434 5262 1525 5318 die
1561 5263 1982 5336 Abkiinungen
2016 5262 2117 5317 der
2148 5259 2391 5332 Vorlage
2426 5260 2719 5333 ausgeliist.
2780 5261 2891 5318 Die
2928 5260 3128 5318 Fehler
3161 5262 3260 5317 der

391 5342 756 5417 Vogelschen
789 5343 1080 5401 Abschrift
1112 5345 1237 5401 sind
1271 5345 1646 5417 unglaublich.
1882 5351 1912 5402 2
1941 5365 2056 5418 pro
2095 5345 2312 5401 ratione
2346 5346 2543 5417 Vogel„
