4038 6358
1419 598 1520 650 Die
1554 599 1794 651 Stanten
1822 614 1924 651 von
1963 600 2309 653 1503—1520.
3176 604 3297 667 605

460 779 707 867 placuit
747 780 1060 863 facultati,
1101 790 1174 846 ut
1214 782 1640 848 assumendus
1684 782 2012 848 dominum
2050 791 2364 848 rectorem
2380 831 2399 863 ,
2444 781 2508 846 d.
2549 778 2865 845 decanum
2906 778 3291 866 theologiae,

460 878 518 943 d„
565 878 965 945 ordinarium
1005 882 1165 945 iuris
1209 890 1273 945 et
1317 881 1379 947 d.
1436 882 1751 947 decanum
1808 881 2134 946 facultatis
2190 882 2424 947 artium
2484 903 2602 967 per
2659 882 3039 965 magistrum
3100 902 3295 945 unum

459 988 572 1043 aut
613 978 774 1043 duos
815 979 1174 1045 medicinae
1218 981 1546 1046 scholares
1587 981 1672 1047 ad
1716 980 2221 1067 disputationem
2263 981 2522 1061 invitet3
2569 990 2645 1065 et·
2674 988 2744 1044 ut
2782 984 3068 1045 mutuum
3096 978 3295 1044 hono-

459 1100 594 1142 rem
639 1077 728 1142 hii
773 1088 1046 1165 quatuor
1090 1078 1381 1166 hospites
1425 1091 1774 1167 reportent,
1820 1081 2149 1145 decretum
2193 1091 2322 1162 est,
2377 1077 2551 1167 quod
2610 1077 3032 1143 assumendus
3094 1080 3188 1142 eis
3229 1080 3295 1142 in

457 1175 766 1242 honorem
806 1198 1084 1243 unacum
1125 1178 1556 1264 positionibus
1601 1193 1877 1266 quatuor
1920 1177 2123 1243 libras
2168 1180 2428 1243 zuccari
2483 1179 2754 1244 confecti
2805 1176 3064 1243 domum
3120 1177 3288 1242 dono
3342 1187 3376 1241 5

456 1277 689 1359 mittat,
735 1277 829 1341 ita
871 1276 1042 1364 quod
1088 1278 1325 1363 singuli
1367 1278 1605 1345 libram
1649 1302 1842 1343 unam
1886 1280 1954 1342 in
1996 1300 2229 1343 munus
2270 1279 2614 1365 recipiant.

624 1407 728 1472 De
794 1410 1070 1496 pecunia
1133 1420 1384 1495 autem,
1456 1434 1647 1499 quam
1718 1410 1912 1476 solvit
1980 1409 2405 1475 assumendus
2439 1410 2683 1494 doctor,
2728 1424 2971 1498 ponant
2991 1409 3288 1475 doctores

460 1506 542 1572 de
584 1508 848 1574 consilio
905 1508 1230 1575 facultatis
1285 1511 1445 1576 duos
1498 1509 1562 1575 fl.
1617 1509 1705 1575 ad
1755 1510 2018 1592 fiscum,
2107 1519 2169 1575 et
2229 1508 2546 1594 reliquam
2607 1513 2947 1597 pecuniam
2998 1512 3165 1574 inter
3226 1531 3296 1573 se

456 1605 768 1674 dividant.

643 2033 876 2093 Wieder
916 2053 1032 2093 von
1073 2036 1335 2093 ander-er
1378 2034 1573 2092 Hand
1611 2034 1686 2091 ist
1728 2037 1841 2094 das
1885 2036 2204 2112 Fozqende.
3316 2042 3381 2098 10

638 2219 736 2280 42.
794 2210 915 2300 [Bl.
966 2212 1106 2301 12⁸]
1163 2232 1256 2279 m:
1317 2232 1689 2280 Asnaum-2
1733 2231 2364 2280 Pnonovnnnonuu
2405 2233 2495 2279 ΕΤ
2541 2232 3122 2283 Assumnonun.

622 2364 809 2429 Anno
852 2363 942 2429 Μ.
983 2365 1068 2430 D.
1112 2384 1235 2430 vm
1274 2365 1393 2431 sub
1438 2366 1756 2431 decanatu
1802 2365 2084 2430 doctoris
2121 2365 2384 2431 Ioannis
2425 2365 2832 2454 Landsperg,
2877 2391 3021 2432 cum
3061 2367 3296 2432 Henri·

457 2484 573 2527 cus
616 2462 903 2529 Stromer
943 2463 1358 2530 Aurbachius
1372 2516 1391 2549 ,
1452 2464 1796 2531 Conradus
1858 2464 2142 2529 Tockler
2185 2465 2493 2548 Noricus,
2550 2469 2796 2531 arcium
2840 2468 3174 2553 magistri,
3233 2474 3298 2530 et

459 2562 717 2648 Caspai·
759 2562 1039 2650 Kegeler
1080 2587 1156 2628 ac
1199 2564 1500 2629 Baltasar
1542 2565 1870 2651 Lotwiger
1924 2563 2256 2629 Hallensis
2275 2614 2292 2647 ,
2381 2588 2507 2631 non
2563 2566 2891 2651 magistri,
2962 2566 3297 2653 pecierunt

458 2660 1024 2727 baccalaureatum
1085 2664 1471 2747 medicinae,
1549 2676 1703 2729 tunc
1755 2676 2019 2751 propter
2080 2664 2241 2728 duos
2296 2686 2423 2729 non
2472 2666 2821 2751 magistros
2868 2664 3131 2731 suborta
3171 2666 3292 2730 fuit
3318 2674 3379 2727 15

456 2763 681 2847 gravis
734 2761 1081 2829 altercacio
1125 2764 1292 2828 inter
1338 2763 1657 2829 doctores.
1745 2763 1908 2829 Cum
1964 2774 2178 2828 autem
2235 2787 2360 2829 non
2418 2774 2686 2851 possent
2735 2764 2879 2830 illos
2920 2789 3052 2831 non
3088 2766 3290 2850 magi-

461 2872 630 2927 stros
672 2859 1020 2948 repudiare
1039 2912 1057 2945 ,
1115 2885 1198 2927 ex
1252 2885 1377 2950 quo
1433 2886 1562 2931 non
1617 2862 1945 2928 habebant
2001 2873 2310 2929 statutum
2352 2865 2515 2949 ipsis
2579 2865 2969 2929 contrarium
3011 2879 3076 2930 et
3113 2866 3293 2951 prius

460 2961 808 3048 aliquando
849 2961 1094 3027 factum
1135 2964 1258 3027 fuit
1274 3012 1291 3045 ,
1377 2974 1526 3048 post
1564 2964 2047 3049 promocionem
2089 2964 2385 3049 magistri
2427 2962 2697 3028 Hem-ici
2757 2964 3129 3048 Aurbachs,
3186 2965 3295 3049 qui

375 3090 380 3101 =
463 3059 639 3125 solus
682 3059 802 3124 sub
850 3083 963 3127 suo
1002 3064 1360 3126 rectoratu¹
1410 3061 1632 3127 eodem
1680 3084 1847 3127 anno
1894 3060 2358 3127 baccalaureus
2402 3073 2735 3150 promotus
2782 3066 2903 3129 fuit
2915 3115 2932 3147 ‚
2991 3064 3103 3129 alii
3146 3063 3292 3145 duc,

456 3182 585 3224 non
627 3161 945 3245 magistri,
989 3184 1133 3225 cum
1176 3160 1492 3246 magistro
1516 3159 1822 3229 Conrado
1869 3162 2106 3228 Norico
2149 3186 2318 3228 anno
2364 3169 2520 3230 1509
2560 3163 2817 3229 fuenmt
2858 3165 2925 3229 in
2969 3154 3375 3229 medicinam

455 3257 870 3326 baccalaurei
894 3262 1192 3347 promoti.
1236 3259 1456 3341 Quare
1486 3273 1638 3326 tunc
1681 3262 1986 3327 concordi
2028 3285 2140 3328 ore
2184 3263 2534 3328 secundum
2576 3275 2995 3351 praeceptum
3024 3261 3293 3329 Galeni²

454 3358 828 3424 conclusum
871 3370 973 3425 est
1011 3382 1128 3445 per
1172 3382 1392 3424 omnes
1436 3359 1768 3443 doctores,
1798 3361 1971 3447 quod
2009 3362 2220 3427 nullus
2260 3364 2327 3426 in
2368 3375 2697 3449 posterum
2738 3365 2806 3427 in
2843 3363 3060 3450 aliquo
3080 3360 3293 3449 gradu

453 3460 755 3544 insigniri
810 3471 924 3524 aut
977 3459 1061 3523 ad
1111 3457 1599 3524 contubernium
1652 3483 1767 3524 seu
1818 3459 2157 3546 collegium
2217 3461 2609 3526 medicorum
2669 3465 2981 3528 assummi
3035 3461 3290 3544 debeat,

459 3559 615 3645 quin
653 3560 737 3622 sit
775 3556 1141 3624 liberalium
1184 3558 1431 3624 arcium
1461 3559 1793 3644 magister.
1848 3559 2043 3639 Quod
2081 3559 2303 3625 itidem
2348 3560 2817 3627 conclamatum
2861 3574 2960 3627 est
3000 3584 3118 3649 per
3161 3584 3291 3626 om-

461 3678 576 3722 nes
624 3670 688 3721 et
730 3657 1018 3743 singulos
1062 3657 1424 3722 medicinae
1464 3656 1758 3722 doctores
1802 3681 1970 3724 anno
2015 3677 2087 3724 Μ.
2127 3678 2192 3724 D.
2236 3679 2313 3726 xl
2355 3670 2505 3747 post
2530 3664 3009 3747 promocionem
3030 3661 3372 3726 illorum25

452 3766 759 3843 quattuor
800 3758 1291 3839 nominatorum,
1334 3757 1443 3843 qui
1485 3771 1874 3843 acceperunt
1915 3780 1988 3823 eo
2034 3781 2202 3825 anno
2259 3771 2362 3825 x1⁰
2423 3778 2524 3824 1111
2579 3759 2684 3824 die
2728 3761 3117 3827 Novembris
3153 3760 3289 3825 lau—

451 3877 631 3920 ream
676 3855 1104 3940 doctoralem3
1158 3866 1222 3920 et
1263 3866 1609 3941 postremO,
1653 3857 1909 3943 quando
1951 3857 2046 3924 illi
2093 3870 2397 3946 quattuor
2446 3861 2708 3926 fuerunt
2763 3859 2849 3925 ad
2915 3861 3289 3927 facultatem

454 3957 703 4041 recepti
746 3955 851 4019 die
891 3973 952 4019 v.
999 3955 1406 4037 Novembris,
1452 3955 1675 4021 eodem
1719 3957 1825 4023 die
1869 3959 2300 4044 approbatum
2348 3951 2447 4023 est
2488 3982 2605 4046 per
2664 3953 2810 4024 illos
2865 3971 3168 4048 quattuor
3226 3970 3291 4024 et

456 4075 676 4118 omnes
722 4053 1017 4120 doctores
1062 4055 1141 4120 de
1184 4054 1474 4140 collegiO,
1520 4065 1589 4119 ut
1625 4056 1837 4122 nullus
1881 4060 1947 4122 in
1989 4061 2273 4124 futurum
2318 4059 2403 4122 ad
2447 4058 2803 4123 medicinae
2847 4062 3131 4146 insignia
3174 4069 3288 4123 aut

347 4222 358 4230 ,
450 4152 728 4239 gradum
755 4153 1130 4218 admittatur
1175 4177 1294 4218 nec
1338 4154 1423 4218 ad
1467 4156 1952 4222 contubernium
1994 4158 2327 4225 doctorum
2371 4169 2483 4224 aut
2523 4158 2849 4224 facultatis
2891 4169 3277 4241 assumatur,
3303 4167 3374 4222 30

451 4254 604 4338 quin
645 4253 729 4315 sit
768 4250 1131 4318 liberalium
1178 4257 1428 4320 arcium
1471 4258 1836 4340 magister.³

617 4646 753 4720 Λα]
786 4647 912 4704 dem
955 4646 1365 4723 Papierblatte
1408 4646 1590 4705 neben
1655 4649 1780 4704 dem
1837 4646 2076 4703 himer-n
2119 4649 2489 4707 Bucltdeckel
2526 4649 2737 4728 finden
2797 4652 2918 4709 sich
2972 4651 3121 4708 noch
3159 4650 3285 4724 sol·

445 4748 634 4822 yende
677 4746 839 4804 beide
881 4746 1242 4804 For-mulam
1295 4748 1706 4823 einqetrayen:

620 5013 637 5059 1
682 5005 882 5061 Hinter
913 5015 1191 5061 rectomtu
1224 5006 1295 5059 ist
1332 5005 1473 5060 noch
1510 5005 1708 5060 eimual
1744 5024 1843 5060 suo
1881 5006 2209 5062 wiederholt.

620 5093 650 5143 2
685 5091 792 5143 Am
831 5091 1053 5145 Raude:
1088 5091 1342 5145 Secundo
1375 5092 1445 5144 de
1478 5090 1619 5144 locis
1651 5092 1866 5162 affectis
1899 5109 1981 5145 ca.
2027 5097 2070 5147 1.

577 5178 646 5272 'fl
680 5175 771 5228 Au
825 5175 929 5232 den
979 5176 1136 5232 Rand
1181 5177 1252 5229 ist
1296 5173 1677 5244 geschrieben:
1750 5175 1921 5228 Plato
1970 5181 2016 5229 3.
2062 5178 2129 5230 de
2171 5177 2455 5246 republica
2500 5179 2710 5233 scilicet
2757 5179 2908 5280 (oder
2949 5184 3185 5258 similet)
3218 5186 3289 5238 de
