4038 6358
773 590 893 654 220
1908 593 2023 644 Das
2065 608 2257 660 grosse
2293 593 2505 659 colleg.

775 770 1172 856 praehensus
1216 773 1386 838 enim
1440 781 1551 839 aut
1602 774 1747 862 ipse
1803 785 1919 840 aut
1971 775 2077 840 cui
2130 774 2240 839 ille
2296 774 2666 850 famulatur,
2716 783 2968 844 tantum
3029 775 3267 858 solvet,
3327 787 3624 863 quantum

774 869 1183 957 praepositus
1230 881 1342 935 aut
1387 883 1646 938 curator
1704 896 1949 940 caussa·
1997 876 2260 961 cognita
2316 875 2598 940 iusserit.
2686 870 2940 954 Quodsi
2995 874 3064 937 in
3118 875 3348 940 eodem
3401 876 3628 940 iterum

778 967 1012 1035 delicto
1056 968 1255 1034 fuerit
1295 969 1801 1057 depraehensus,
1845 972 1933 1038 ad
1974 972 2286 1039 iudicium
2328 972 2585 1058 collegii
2629 993 2735 1037 res
2777 971 3130 1037 deferatur.

1989 1137 2218 1210 Caput
2251 1136 2383 1193 1111.

683 1279 717 1335 5
1632 1291 2189 1352 TRANQUILLITAS
2232 1293 2323 1339 ET
2368 1289 2764 1339 SILENTIUM.

932 1401 1154 1468 Movet
1210 1425 1449 1489 graves
1507 1405 1639 1470 iras
1697 1428 2160 1494 saepenumero
2217 1417 2280 1472 et
2341 1404 2614 1471 acerbas
2659 1405 3085 1491 cogitationes
3142 1403 3515 1469 turbulenta
3570 1414 3633 1468 et

770 1501 1227 1587 intempestiva
1272 1502 1679 1569 tumultuatio
1709 1503 1812 1570 vel
1852 1507 2023 1572 inter
2069 1529 2200 1590 eos,
2245 1507 2358 1592 qui
2401 1503 2623 1570 eodem
2667 1506 2734 1569 in
2774 1502 2914 1569 loco
2958 1502 3063 1568 vel
3103 1503 3212 1592 qui
3256 1504 3323 1568 in
3369 1503 3631 1590 propin-

770 1623 893 1687 quo
935 1600 1249 1683 habitant,
1295 1599 1405 1666 ubi
1451 1624 1767 1669 memores
1800 1627 1942 1670 esse
1977 1606 2316 1693 coeperint
2346 1603 2746 1669 clarissimae
2787 1601 2959 1668 illius
3003 1603 3390 1668 sententiae:
3439 1602 3630 1684 Quod

771 1700 893 1765 tibi
946 1722 1075 1764 non
1120 1700 1219 1763 vis
1284 1700 1444 1783 fieri,
1508 1701 1697 1768 alteri
1758 1726 1838 1768 ne
1899 1704 2152 1769 feceris.
2237 1702 2490 1768 Idcirco
2560 1711 2778 1768 monet
2844 1699 3216 1789 collegium,
3284 1713 3377 1785 ut,
3440 1725 3632 1789 quam

692 1800 1055 1866 tumaxime
1101 1809 1343 1885 potest,
1397 1802 1702 1888 strepitus
1743 1802 1981 1889 pedum
2023 1813 2137 1869 aut
2186 1825 2405 1867 rerum
2462 1803 2734 1888 agitatio
2792 1823 3011 1888 supra,
3066 1800 3256 1887 infra,
3299 1802 3368 1865 in
3414 1800 3631 1888 gradi·

769 1898 910 1982 bus,
971 1907 1119 1964 ante
1174 1900 1423 1982 ianuas,
1480 1901 1548 1964 in
1608 1903 1821 1985 ostiis,
1879 1912 2076 1967 noctu
2140 1903 2425 1967 omnium
2485 1902 2768 1965 maxime
2829 1909 3155 1978 caveatur,
3214 1899 3624 1986 declaretque

766 1999 1203 2086 unusquisque
1241 1999 1441 2063 animi
1484 2000 1584 2064 sui
1625 2010 1688 2065 et
1728 2024 1982 2068 morum
2028 2023 2346 2066 summam
2368 2000 2753 2067 modestiam
2794 2001 2954 2087 ipse,
2983 1997 3284 2086 idemque
3316 1998 3387 2064 id
3417 1999 3631 2065 facere

770 2093 899 2185 [43]
946 2108 1139 2184 cogat
1179 2096 1532 2185 discipulos
1579 2108 1642 2165 et
1682 2122 1837 2165 suae
1879 2103 2192 2188 potestati
2233 2101 2628 2165 commissos.
2722 2097 2916 2181 Quod
2975 2100 3030 2164 si
3088 2122 3129 2164 a
3181 2100 3401 2165 vicino
3455 2100 3622 2186 quis·

769 2197 946 2282 piam
986 2196 1183 2262 semel
1225 2209 1417 2285 atque
1458 2198 1692 2263 iterum
1731 2211 1997 2286 rogatus
2040 2199 2164 2265 sibi
2200 2221 2330 2264 non
2371 2200 2853 2286 temperaverit,
2899 2198 3398 2285 castigationem
3439 2221 3625 2285 prae·

694 2305 750 2358 15
770 2295 968 2382 positi
1009 2305 1090 2378 et,
1138 2298 1193 2361 si
1236 2319 1401 2384 opus
1447 2298 1549 2381 sit,
1594 2297 2010 2363 arbitrariam
2056 2322 2097 2364 a
2143 2297 2413 2385 collegio
2456 2320 2734 2385 poenam
2778 2297 3144 2364 sustinebit.

932 2393 1168 2460 Musici
1233 2406 1459 2461 cantus
1523 2407 1655 2462 tam
1720 2399 1900 2463 vocis
1966 2419 2162 2483 quam
2230 2420 2621 2484 organorum
2683 2396 3168 2485 usurpabuntur
3228 2395 3624 2484 temporibus

772 2496 1154 2580 opportunis
1196 2494 1443 2583 absque
1486 2495 1844 2562 studiorum
1886 2496 2271 2562 detrimento
2316 2507 2380 2562 et
2422 2496 2700 2561 aliorum
2741 2497 3117 2562 offensione.

932 2591 1009 2657 In
1067 2592 1324 2679 collegii
1387 2594 1661 2661 aedibus
1716 2595 1958 2682 ubique
2021 2595 2310 2662 locorum
2367 2606 2502 2662 tam
2562 2597 2736 2661 intra
2800 2594 3136 2662 conclavia
3192 2617 3391 2680 quam
3448 2605 3632 2659 extra

768 2691 929 2757 haec
983 2701 1047 2755 et
1100 2693 1168 2756 in
1226 2715 1382 2758 area
1432 2694 1700 2760 honeste
1754 2696 2005 2759 versari
2070 2717 2291 2760 omnes
2355 2694 2572 2779 decet,
2629 2706 2694 2760 et
2750 2694 2909 2781 quid
2967 2694 3092 2760 hac
3146 2695 3215 2758 in
3269 2703 3462 2780 parte
3521 2694 3633 2759 fiat

685 2799 753 2855 w
771 2790 1341 2857 animadvertetur.
1426 2792 1760 2860 Clamores
1826 2794 2090 2882 quidem
2151 2794 2502 2861 insolentes
2569 2804 2636 2859 et
2695 2796 2974 2860 rusticas
3035 2794 3535 2860 vociferationes
3593 2816 3630 2858 e

767 2889 1089 2974 fenestris,
1147 2891 1674 2978 gesticulationes
1718 2902 1784 2957 et
1823 2903 2036 2959 motus
2093 2893 2437 2960 indecoros
2491 2904 2686 2982 atque
2737 2892 2914 2959 dicta
2958 2895 3178 2980 turpia
3220 2903 3285 2958 et
3324 2892 3629 2982 quicquid

770 2988 1140 3055 huiusmodi
1180 3012 1413 3057 nomen
1455 2988 1712 3078 collegii
1759 2992 2154 3059 dedecorare
2207 3003 2449 3080 potest,
2507 2995 2601 3060 sic
2648 3001 2962 3077 vetamus,
3018 3002 3087 3057 ut
3126 2993 3236 3081 qui
3280 2991 3483 3057 semel
3520 2991 3626 3058 ad·

767 3089 1046 3153 monitus
1087 3111 1217 3156 non
1258 3090 1595 3174 destiterit,
1645 3090 1914 3158 dimidio
1958 3091 2191 3157 florino
2232 3091 2336 3157 vel
2380 3092 2657 3181 amplius
2700 3091 3020 3160 multetur.

933 3187 1225 3255 Maxime
1276 3212 1433 3256 vero
1491 3202 1746 3257 noctem
1806 3191 2103 3258 volumus
2164 3213 2310 3257 cum
2372 3194 2586 3281 quiete
2640 3190 2865 3282 (quam
2908 3191 3005 3259 illi
3046 3203 3284 3257 natura
3325 3192 3610 3278 assigna·

683 3297 749 3353 25
766 3286 893 3375 vit)
945 3297 1008 3352 et
1061 3310 1308 3355 summo
1363 3289 1614 3358 silentio
1666 3292 1958 3377 transigi.
2041 3291 2234 3355 Hanc
2284 3292 2396 3379 qui
2447 3291 2807 3379 perturbat,
2860 3291 3126 3357 multam
3170 3292 3362 3356 unius
3405 3291 3614 3356 florini

767 3387 872 3453 vel
933 3386 1211 3474 amplius
1278 3411 1396 3475 pro
1459 3389 1677 3455 delicti
1733 3389 2182 3477 magnitudine
2241 3390 2609 3476 dependito.
2695 3390 2824 3472 Qui
2873 3388 2943 3455 in
2996 3390 3119 3456 hoc
3173 3412 3413 3475 genere
3472 3388 3621 3454 deli-

769 3487 980 3576 querit
1018 3488 1269 3570 iterum,
1309 3487 1609 3577 duplum3
1668 3490 1780 3578 qui
1819 3490 2031 3572 terti0,
2078 3511 2114 3555 e
2160 3488 2432 3576 collegio
2474 3489 2859 3572 excluditor,
2918 3489 3168 3555 etiamsi
3213 3487 3322 3553 ille
3368 3487 3621 3554 bacula·

770 3588 905 3651 rius
950 3595 1063 3650 aut
1102 3588 1417 3673 magister
1454 3587 1665 3655 fuerit.

934 3680 1022 3770 [S.
1055 3681 1161 3771 44]
1204 3685 1461 3751 Nemini
1513 3695 1858 3774 praeterea
1910 3686 2109 3753 licere
2159 3687 2354 3752 debet
2396 3686 2572 3752 alere
2611 3687 2917 3754 molestos
2961 3688 3235 3752 caeteris
3278 3709 3478 3753 canes
3520 3697 3626 3752 aut

685 3783 1047 3871 30quodvis
1082 3784 1326 3850 animal
1367 3786 1598 3851 vicinis
1638 3807 1860 3873 grave,
1904 3795 1969 3850 et
2003 3785 2131 3851 hac
2163 3787 2233 3851 in
2272 3796 2459 3873 parte
2487 3788 2790 3852 convenit
2830 3809 2988 3852 suae
3012 3787 3334 3872 voluptati
3375 3786 3622 3850 frenum

769 3885 1116 3971 imponere.

2024 3982 2070 4037 O
2085 3998 2122 4036 a
2134 3998 2173 4053 p
2183 3998 2222 4037 u
2234 3988 2261 4036 t
2291 3980 2361 4038 V.

1691 4134 2041 4183 CUSTODIA
2081 4136 2172 4183 ΕΤ
2218 4135 2398 4184 ΟΠΒΑ
2442 4136 2712 4184 IGNIUM.

933 4249 1097 4330 Quis
1148 4249 1382 4329 nescit,
1437 4250 1627 4314 unius
1671 4271 1868 4337 saepe
1907 4251 2132 4336 ignavi
2176 4261 2305 4335 aut,
2330 4251 2623 4317 socordis
2665 4250 2946 4316 hominis
2998 4248 3402 4335 negligentia
3456 4250 3626 4315 incu-

685 4358 753 4413 35
772 4350 954 4414 riave
996 4356 1109 4412 aut
1158 4346 1531 4434 improvida
1571 4350 1962 4414 tractatione
2013 4360 2185 4416 totas
2243 4371 2440 4437 saepe
2479 4351 2755 4416 vicinias
2813 4347 3268 4417 miserabiliter
3324 4347 3627 4413 incendio

769 4446 1183 4532 deflagrare?
1267 4445 1690 4513 Obtestamur
1742 4449 1963 4536 itaque
2006 4471 2229 4514 omnes
2288 4459 2352 4513 et
2406 4448 2716 4535 singulos,
2768 4457 2841 4513 ut
2881 4449 3010 4535 ipsi
3050 4449 3334 4533 primum
3373 4470 3625 4512 omnem

763 4543 1080 4611 incendiis
1142 4545 1483 4610 materiam
1553 4551 1749 4633 (quae
1806 4556 1905 4612 est
1964 4549 2348 4613 straminum
2406 4549 2745 4634 congeries
2801 4570 2922 4612 nec
2975 4568 3107 4611 non
3161 4545 3490 4631 lignorum
3544 4545 3627 4611 ad

767 4644 999 4712 ostiola
1040 4645 1397 4726 fornacum,
1441 4646 1725 4730 itemque
1767 4644 2080 4711 candelae
2123 4646 2209 4712 ad
2248 4646 2457 4712 latera
2493 4648 2817 4734 parietum
2846 4648 2986 4712 sive
3013 4654 3331 4710 tectorum
3357 4645 3626 4725 affixae)

768 4744 997 4810 tollant
1038 4753 1103 4809 et
1139 4751 1471 4826 avertant3
1516 4743 1751 4810 deinde
1794 4755 1859 4810 et
1897 4746 2119 4833 pueris
2161 4745 2331 4810 hanc
2355 4768 2576 4811 curam
2623 4745 2852 4812 crebro
2898 4747 2993 4812 sic
3034 4743 3377 4826 inculcent,
3421 4754 3496 4810 ut
3529 4754 3630 4810 est

684 4853 751 4908 40
769 4865 888 4908 sua
939 4843 1173 4928 cuique
1213 4844 1350 4907 vita
1400 4851 1465 4907 et
1511 4842 1686 4908 salus
1730 4845 2143 4932 omniumque
2194 4866 2412 4910 rerum
2469 4846 2883 4931 privatarum
2928 4842 3342 4909 incolumitas
3384 4852 3451 4909 et
3491 4852 3629 4909 tota

766 4939 1137 5029 respublica
1179 4940 1380 5007 cordi.
1463 4942 1645 5008 Neve
1686 4941 1857 5008 hanc
1898 4965 2038 5008 rem
2080 4943 2314 5009 leviter
2357 4954 2469 5009 aut
2511 4941 2845 5028 pueriliter
2889 4942 3281 5007 existiment.
3366 4942 3621 5030 Aquam

767 5048 1106 5126 praeterea
1159 5061 1277 5126 per
1318 5038 1457 5105 dies
1501 5050 1566 5105 et
1616 5051 1839 5107 noctes
1892 5043 1963 5107 in
2015 5041 2272 5129 hydriis
2320 5053 2385 5108 et
2426 5043 2624 5125 vasis,
2685 5041 2770 5107 ad
2826 5042 3075 5129 primos
3127 5042 3409 5128 impetus
3462 5043 3624 5108 forte

767 5138 1129 5203 enascentis
1185 5138 1487 5205 flammae
1531 5141 2026 5226 extinguendos,
2078 5144 2146 5206 in
2199 5140 2518 5207 cubiculis
2579 5142 2713 5206 suis
2773 5152 2837 5206 et
2887 5143 2956 5206 in
3010 5150 3270 5227 promtu
3321 5140 3620 5209 habeant.

766 5237 843 5302 In
886 5236 989 5301 his
1031 5237 1227 5303 rebus
1270 5238 1567 5303 omnibus
1608 5241 1975 5325 quicunque
2017 5238 2356 5327 negligens
2397 5251 2461 5306 et
2504 5250 2855 5306 contumax
2895 5248 3194 5327 repertus
3233 5240 3449 5323 fuerit,
3495 5239 3622 5328 [45]
