4038 6358
847 652 970 716 246
1993 650 2104 700 Das
2139 647 2316 700 kleine
2352 648 2560 712 colleg.

850 830 1315 920 Grymmenses
1356 841 1421 898 et
1468 829 1603 895 divi
1648 829 1827 898 Petri
1881 842 2032 920 post
2085 833 2550 900 monasterium
2593 831 3116 920 praedicatorum
3174 839 3383 921 prope
3435 831 3680 915 fontem,

856 932 1355 998 fructificantem
1410 932 1779 1018 quotannis·
1808 943 2085 1021 quatuor
2125 932 2403 1000 florenos
2456 937 2761 998 renenses
2818 933 2888 997 in
2941 934 3237 1020 pecunia.
3311 931 3423 998 De
3466 931 3681 1022 quibus

850 1034 919 1098 in
961 1032 1407 1098 anniversario
1445 1029 1728 1118 praefati
1768 1030 2016 1098 domini
2063 1031 2367 1115 doctoris,
2413 1030 2685 1119 singulis
2727 1032 2915 1097 annis
2953 1033 3022 1096 in
3061 1032 3223 1097 aede
3264 1033 3402 1097 divi
3446 1030 3683 1098 Nicolai

855 1132 1082 1222 quinta
1143 1132 1309 1196 feria
1371 1140 1519 1217 post
1578 1130 1825 1197 Kiliani
1889 1155 2037 1198 cum
2090 1131 2334 1218 vig-iliis
2389 1141 2453 1198 et
2509 1132 2800 1219 sequenti
2856 1153 3003 1196 cum
3059 1133 3274 1197 missis
3335 1132 3682 1197 animarum

766 1241 798 1296 5
851 1229 1263 1313 celebrando,
1306 1229 1499 1295 datur
1522 1228 1778 1296 domino
1819 1231 2102 1318 plebano
2145 1255 2308 1297 unus
2351 1232 2653 1313 florenus,
2696 1231 2865 1295 inter
2905 1232 3236 1297 ministros
3281 1241 3346 1296 et
3387 1229 3682 1296 officiales

848 1353 997 1395 suos
1056 1323 1464 1410 dividendus,
1524 1339 1715 1415 prout
1772 1332 1839 1394 in
1901 1330 2134 1396 litteris
2193 1330 2697 1397 confirmationis
2756 1329 3048 1418 episcopi
3101 1329 3683 1415 Mersseburgensis

848 1429 1126 1517 desuper
1168 1428 1476 1493 confectis
1521 1427 1694 1492 clare
1737 1431 2100 1495 continetur
2146 1439 2211 1495 et
2264 1439 2363 1495 est
2403 1452 2813 1517 expressum3
2870 1430 3024 1494 item
3065 1428 3145 1495 de
3187 1429 3417 1495 eadem
3458 1451 3682 1495 memo-

846 1530 948 1594 ria
1008 1528 1335 1615 collegiati
1396 1527 1584 1592 huius
1641 1527 1917 1614 collegii,
1975 1530 2046 1594 in
2109 1530 2486 1617 praemissis
2530 1528 2758 1596 officiis
2801 1527 3245 1594 defunctorum
3294 1537 3682 1616 praesentes,

848 1626 1180 1692 habebunt
1221 1648 1420 1692 unum
1462 1625 1779 1692 florenum
1821 1649 1969 1693 cum
2006 1628 2242 1711 medio,
2297 1628 2628 1694 residuum
2670 1650 2826 1694 vero
2869 1648 2990 1714 pro
3031 1649 3226 1693 censu
3281 1636 3559 1715 quatuor
3597 1643 3685 1714 qq„

773 1737 833 1793 10
850 1725 1223 1792 abbatissae
1267 1725 1849 1791 sanctimonialium
1889 1737 2078 1793 extra
2119 1750 2337 1793 muros
2364 1727 2745 1815 Liptzenses
2787 1725 3234 1814 persolvendo,
3277 1739 3342 1793 et
3374 1737 3688 1792 structura

849 1825 1076 1891 domus
1116 1823 1408 1891 eiusdem
1448 1825 1908 1908 reservabitur,
1962 1814 2154 1892 sicuti
2192 1828 2263 1891 in
2305 1828 2658 1914 praetactis
2699 1825 2932 1897 litteris
2976 1827 3498 1893 confirmacionis
3538 1825 3688 1891 haec

848 1937 913 1990 et
965 1925 1096 1990 alia
1149 1923 1402 2012 plenius
1447 1933 1598 1989 sunt
1636 1947 1953 2012 expressa
1994 1936 2059 1991 et
2099 1925 2446 2014 descripta.
2528 1925 2618 1991 Et
2655 1923 2912 1992 litterae
2952 1935 3327 2013 praetactae
3369 1927 3439 1991 in
3479 1925 3691 1992 ladula

853 2026 992 2090 sive
1035 2026 1275 2091 scrinio
1319 2023 1576 2109 collegii
1622 2026 2048 2103 continentur,
2092 2048 2257 2112 quae
2294 2024 2401 2091 vel
2442 2024 2613 2113 quod
2659 2034 2759 2090 est
2799 2028 2867 2094 in
2904 2024 3298 2092 bibliotheca
3340 2024 3615 2113 collegii.

1015 2128 1070 2191 8.
1114 2121 1237 2211 [Bl.
1283 2129 1362 2190 27
1377 2119 1430 2210 b]
1487 2124 1760 2211 Insuper
1800 2146 1968 2191 anno
2016 2124 2354 2190 millesimo
2396 2124 3032 2211 quadringentesimo
3074 2125 3689 2212 nonagesimotercio

771 2225 1073 2306 15(1493)
1120 2222 1283 2288 obiit
1323 2221 1700 2309 spectabilis
1734 2234 1798 2289 et
1837 2225 2140 2311 egregius
2171 2224 2467 2291 dominus
2509 2223 2912 2291 Iohannes
2955 2223 3257 2289 Brandt
3300 2223 3394 2289 de
3433 2224 3689 2290 Rotin-

845 2323 1135 2409 burga,
1179 2323 1609 2409 ingenuarum
1651 2324 1884 2387 artium
1930 2346 2182 2390 necnon
2221 2324 2429 2389 tocius
2470 2321 2919 2410 philosophiae
2959 2334 3022 2388 et
3064 2345 3292 2388 sacrae
3331 2322 3690 2410 theologiae

849 2423 1175 2510 professor
1235 2444 1313 2486 ac
1355 2420 1545 2486 huius
1588 2420 1845 2508 collegii
1903 2422 2303 2509 collegiatus,
2358 2424 2542 2489 cuius
2595 2423 3064 2492 testamentarii
3118 2422 3378 2488 filerunt
3426 2446 3689 2511 praeno-

847 2523 1077 2587 minati
1140 2521 1385 2588 domini
1445 2519 1743 2586 doctores
1803 2531 1867 2586 et
1929 2523 2230 2609 magistri
2285 2520 2714 2587 Leonhardus
2773 2521 3246 2608 Messenbergk
3303 2521 3689 2610 Liptzensis,

847 2620 1158 2688 ecclesiae
1208 2620 1761 2706 Nawnburgensis
1823 2624 2169 2687 canonicus
2226 2630 2367 2704 etc.,
2427 2631 2490 2687 et
2540 2620 2861 2690 Iohannes
2917 2622 3327 2707 Reynhardt,
3387 2621 3692 2687 ecclesiae

767 2731 833 2787 20
850 2720 1446 2808 Mersseburgensis
1502 2722 1873 2803 canonicus,
1934 2723 2044 2809 qui
2104 2721 2375 2808 collegio
2431 2730 2654 2787 nostro
2711 2744 2832 2808 pro
2890 2720 3345 2786 observatione
3400 2724 3691 2787 anniver-

852 2821 1008 2886 sarii
1049 2820 1330 2907 praefati
1371 2818 1617 2884 domini
1659 2819 1941 2885 doctoris
1982 2820 2240 2886 Brandt
2289 2820 2787 2906 assignaverunt
2830 2821 3174 2906 quotannis
3214 2821 3377 2886 duos
3422 2819 3693 2887 florenos

849 2919 931 2985 de
986 2918 1287 2985 censibus
1341 2920 1624 3006 quinque
1673 2919 1835 3002 flor.,
1894 2942 2056 3006 quos
2113 2920 2309 2987 solvit
2364 2921 2870 3006 circumspectus
2911 2919 3231 2986 Iohannes
3273 2920 3591 3007 Koningk
3629 2923 3693 2985 in

848 3020 1125 3085 termino
1178 3018 1479 3084 Mihaelis
1537 3018 1618 3084 de
1681 3028 1936 3083 centum
1991 3020 2276 3102 florenis,
2340 3017 2422 3084 de
2493 3019 2682 3086 domo
2742 3020 3051 3086 antedicti
3110 3019 3356 3085 domini
3414 3020 3691 3086 doctoris

850 3117 976 3185 sibi
1018 3117 1285 3185 vendita
1327 3117 1491 3185 solvi
1540 3117 1956 3202 restantibus,
2017 3117 2137 3184 sub
2180 3117 2371 3184 titulo
2416 3117 2901 3207 redemptionis,
2955 3142 3284 3206 quousque
3325 3119 3515 3185 aliter
3554 3143 3690 3207 pro-

769 3229 833 3284 25
851 3220 1061 3284 visum
1112 3219 1340 3301 fuerit3
1399 3239 1672 3303 quorum
1715 3227 1847 3283 tres
1893 3216 2132 3284 cedunt
2173 3218 2483 3285 beneficio
2529 3227 2593 3283 et
2634 3217 2760 3284 duo
2812 3227 3036 3284 nostro
3091 3218 3382 3306 collegio,
3438 3219 3521 3284 de
3564 3222 3690 3307 qui-

846 3318 970 3384 bus
1014 3316 1265 3384 duobus
1302 3317 1562 3383 florenis
1605 3317 1840 3382 dantur
1882 3317 2159 3405 plebano
2205 3320 2412 3383 sancti
2453 3318 2707 3383 Nicolai
2752 3317 3118 3409 quindecim
3162 3320 3396 3405 grossi,
3441 3330 3506 3383 et
3544 3320 3689 3383 resi-

848 3415 1043 3482 duum
1064 3418 1233 3482 inter
1257 3415 1629 3502 collegiatos
1662 3415 1847 3482 huius
1879 3416 2155 3503 collegii,
2183 3418 2395 3491 officio
2432 3416 2825 3482 defunctorie
2855 3418 3330 3500 interessentes,
3361 3416 3688 3483 dividitur.

848 3517 937 3582 Et
978 3517 1074 3582 ita
1112 3518 1246 3582 iam
1287 3515 1460 3581 ultra
1504 3514 1729 3581 decem
1769 3538 1970 3581 annos
2014 3515 2429 3582 observatum
2483 3525 2609 3598 est,
2667 3539 2799 3581 non
2844 3515 3141 3582 obstante
3184 3517 3690 3582 contradictione

849 3616 1175 3681 licenciati
1198 3614 1486 3680 Mathiae
1514 3615 1985 3699 Frawendinst,
2031 3616 2294 3681 maioris
2338 3616 2594 3702 collegii
2638 3616 2980 3702 collegiati,
3026 3618 3152 3705 qui,
3198 3626 3446 3682 attenta
3477 3625 3690 3682 nostra

774 3725 843 3782 30
862 3714 1060 3801 longa
1102 3715 1531 3802 possessione,
1576 3724 1804 3779 contra
1844 3739 1963 3782 nos
2006 3715 2338 3803 hucusque
2376 3715 2536 3781 nihil
2581 3714 2872 3781 obtinere
2916 3718 3144 3803 potuit.
3198 3716 3288 3783 Et
3329 3717 3687 3784 celebratur

848 3817 975 3880 ista
1018 3816 1330 3880 memoria
1372 3813 1641 3901 sing-ulis
1684 3815 1870 3879 annis
1912 3816 1982 3880 in
2025 3814 2131 3880 die
2174 3816 2382 3883 sancti
2419 3814 2758 3880 Laurentii
2800 3838 2945 3879 cum
2985 3815 3223 3902 vigiliis
3283 3826 3347 3881 et
3403 3816 3686 3905 sequenti

850 3938 998 3980 cum
1037 3915 1254 3979 missis
1302 3914 1718 3978 animarum.¹

1238 4011 1503 4100 Scripta
1542 4011 1704 4078 haec
1746 4008 1890 4098 (No.
1934 4019 1972 4078 7
2014 4037 2073 4075 u.
2117 4012 2183 4099 8)
2228 4022 2377 4078 sunt
2427 4019 2600 4096 1506,
2639 4014 2707 4079 in
2751 4012 2858 4079 die
2898 4013 3296 4079 Palmarum.

1012 4182 1068 4245 9.
1114 4174 1238 4265 [Bl.
1282 4184 1360 4247 28
1373 4175 1424 4266 ²]
1470 4177 1762 4244 Dehinc²
1803 4202 1970 4245 anno
2014 4179 2351 4244 millesimo
2395 4178 3029 4266 quadringentesimo
3068 4182 3491 4266 nonagesimo
3527 4202 3686 4245 nono

771 4291 838 4345 35
855 4280 1022 4344 feria
1062 4279 1268 4342 tercia
1311 4277 1780 4364 penthecostes,
1825 4301 1992 4365 quae
2037 4280 2160 4344 fuit
2199 4277 2542 4344 undecima
2580 4281 2820 4344 mensis
2861 4278 3023 4343 Maii
3067 4285 3251 4356 (1499
3292 4285 3347 4343 d.
3387 4286 3478 4345 11.
3517 4283 3685 4360 Mat),

850 4377 1014 4444 obiit
1072 4380 1413 4442 intestatus
1474 4375 1869 4464 prochdolor
1928 4379 2228 4464 egregius
2284 4387 2347 4442 et
2403 4376 2690 4442 eruditus
2744 4380 2865 4460 vir,
2927 4377 3226 4443 dominus
3283 4378 3686 4443 Martinus

848 4477 1112 4564 Sporn
1150 4474 1957 4558 Franckfordensis,
2015 4477 2252 4541 artium
2305 4486 2369 4540 et
2426 4476 3062 4562 sacraetheologiae
3103 4478 3453 4565 professor,
3509 4487 3572 4541 et
3610 4475 3687 4541 ob

846 4576 916 4641 id
958 4576 1132 4641 bona
1176 4599 1294 4642 sua
1350 4575 1437 4640 ad
1495 4597 1645 4640 suos
1705 4586 1977 4661 agnatos
2023 4586 2086 4640 et
2128 4585 2437 4662 cognatos
2481 4577 2915 4663 proximiores
2951 4575 3485 4641 devolvebantur.
3568 4575 3688 4656 Qui

845 4673 1104 4762 quidem
1154 4676 1378 4761 agnati
1419 4683 1483 4739 et
1533 4676 1794 4759 cognati
1846 4696 2149 4740 successu
2189 4676 2499 4762 temporis
2557 4674 2642 4739 ad
2699 4676 3086 4739 instanciam
3146 4676 3687 4761 praescriptorum

764 4784 831 4838 40
849 4784 913 4838 et
954 4775 1628 4861 saepenominatorum
1667 4773 2074 4839 dominorum
2117 4773 2453 4841 doctorum
2495 4786 2558 4839 et
2601 4775 3080 4859 magistrorum,
3126 4773 3502 4839 Leonhardi
3526 4773 3684 4838 Mes-

846 4872 1191 4958 senbergk,
1238 4872 1549 4939 ecclesiae
1578 4872 2170 4960 Nawenburgensis
2195 4875 2506 4958 canonici,
2549 4895 2801 4938 necnon
2831 4873 3136 4938 Iohannis
3161 4873 3546 4959 Reynhardt
3571 4884 3681 4940 etc.

847 4982 912 5035 et
951 4971 1357 5059 quorundam
1412 4972 1686 5038 aliorum
1728 4974 2189 5059 magistrorum
2245 4974 2326 5039 de
2382 4974 2654 5059 collegio
2706 4994 2827 5060 pro
2884 4974 3330 5039 anniversario
3385 4982 3686 5060 perpetuo

1001 5242 1022 5291 1
1067 5237 1177 5291 Am
1211 5235 1381 5292 obern
1415 5236 1613 5292 Rande
1645 5253 1758 5293 von
1795 5238 2027 5295 auderet
2059 5240 2254 5295 Hand:
2296 5241 2563 5299 Iohannis
2593 5241 2822 5296 Brandt
2851 5246 3098 5295 ωεσαύιω
3131 5241 3558 5299 anniversa-ius.

998 5325 1029 5378 2
1066 5321 1194 5379 Von
1227 5319 1514 5379 derselben
1546 5319 1715 5379 Hand
1751 5320 1851 5376 wie
1883 5328 1913 5378 7
1947 5340 2000 5384 u.
2043 5327 2090 5379 8.
