4038 6358
1123 581 1216 636 mit
1253 579 1788 636 anbenchlfisssn
1821 579 1904 634 bi-
1937 595 2057 634 am
2090 578 2257 635 Jahn-0
2297 585 2439 635 1490.
3116 581 3199 648 63

1232 771 1330 832 25.
1384 785 1524 836 vom
1562 787 1612 839 2.
1649 788 1760 836 und
1795 785 1874 838 21.
1911 787 2144 838 Februar
2186 785 2329 839 1429.

485 877 716 958 Anno
771 880 1017 946 domini
1074 879 1146 946 M
1163 882 1190 922 ⁰
1245 898 1418 953 0000
1473 885 1783 950 vicesimo
1835 905 2005 948 nono
2016 932 2036 967 ‚
2090 885 2235 972 ipso
2289 883 2395 950 die
2444 882 2925 971 purificacionis
2964 881 3201 948 beatae

319 981 618 1066 virginis
636 1029 662 1064 ‚
719 981 900 1047 facta
945 979 1142 1069 plena
1197 983 1708 1070 congregacione
1766 983 2049 1048 omnium
2099 985 2557 1070 magistrorum
2611 982 2730 1048 sub
2786 1004 2997 1071 poena
3048 1005 3199 1070 per-

317 1079 496 1162 iurii,
549 1081 960 1148 conclusum
995 1091 1094 1146 est
1116 1081 1520 1146 concorditer
1547 1104 1666 1169 per
1689 1103 1910 1148 omnes
1934 1092 2211 1169 quatuor
2234 1083 2540 1147 naciones
2574 1081 2773 1148 studii
2801 1082 3200 1168 Lipczensis5

323 1178 502 1266 quod
540 1179 872 1247 decetero
912 1201 1032 1268 per
1075 1201 1270 1246 unum
1293 1203 1534 1247 annum
1553 1181 1912 1264 dumtaxat,
1954 1203 1996 1246 a
2023 1181 2322 1269 praefata
2342 1180 2449 1247 die
2468 1181 2855 1267 incipiendo,
2901 1183 3208 1268 magister
3226 1191 3259 1246 5

329 1282 584 1346 civium
635 1289 714 1346 et
759 1279 1057 1346 consules
1099 1278 1381 1347 babeant
1423 1282 1870 1347 auctoritatem
1915 1279 2243 1346 detinendi
2283 1291 2349 1347 et
2384 1279 2835 1347 incarcerandi
2878 1281 3205 1346 studentes

325 1389 780 1444 transmutes
840 1379 948 1446 die
999 1379 1107 1444 vel
1161 1379 1230 1444 in
1280 1391 1466 1446 nocte
1523 1403 1666 1446 cum
1709 1383 1910 1448 armis
1953 1389 2067 1446 aut
2101 1381 2320 1447 velata
2360 1381 2527 1447 facie
2569 1379 2670 1446 vel
2718 1379 3211 1446 circulatoribus

330 1477 795 1546 obviantibus
849 1479 1248 1567 respondere
1299 1479 1589 1548 nolentes
1633 1491 1746 1547 aut
1783 1481 1948 1547 alias
1991 1480 2398 1546 excedentes.
2478 1481 2555 1546 In
2600 1481 2785 1546 cuius
2829 1480 3214 1566 praesencia

332 1589 618 1666 praeter
684 1578 998 1646 absentes
1053 1578 1350 1646 doctores
1364 1628 1383 1663 ‚
1445 1579 1750 1647 videlicet
1803 1580 2063 1646 domino
2122 1579 2427 1646 Cum-ado
2473 1579 2654 1646 Thus
2714 1589 2779 1646 et
2820 1579 3077 1644 domino
3114 1579 3241 1644 Ia··

335 1675 504 1742 cobo
533 1679 556 1719 ¹
625 1677 820 1744 Ienis
829 1729 850 1764 ,
898 1679 1161 1746 fuerunt
1211 1703 1330 1746 sex
1388 1679 1682 1746 doctores
1719 1689 1806 1746 ‘et
1843 1681 2115 1768 triginta
2156 1703 2275 1746 sex
2314 1681 2645 1766 magistri3
2702 1678 3013 1746 relatores
3052 1701 3209 1744 vero
3236 1688 3299 1744 10

342 1777 750 1844 huiusmodi
807 1779 1238 1846 conclusionis
1291 1780 1624 1866 magistris
1675 1781 1916 1846 civium
1976 1789 2041 1844 et
2091 1777 2457 1845 consulibus
2520 1778 2855 1855 (videlicet
2912 1777 3217 1844 Cum-ado

339 1876 476 1942 Ber
521 1876 727 1944 dicto
767 1878 998 1966 Eburg
1013 1931 1028 1956 ,
1073 1877 1344 1944 Nicolao
1385 1878 1716 1944 Koufman
1727 1928 1748 1963 ‚
1790 1879 2063 1946 Iohanni
2098 1879 2412 1946 Wochaw
2424 1928 2443 1963 ‚
2484 1877 2865 1944 Kolkewicz
2880 1927 2899 1960 ‚
2942 1877 3215 1942 Hinrico

341 1977 614 2042 notario
683 1977 1010 2066 civitatis)
1064 1979 1320 2044 fuerunt
1373 1989 1586 2044 rector
1637 1981 1949 2066 magister
2012 1978 2333 2046 Iohannes
2387 1977 2744 2060 Torczsch,
2798 1978 3025 2044 doctor
3060 1977 3216 2043 Bor·

347 2075 652 2142 chardus
699 2077 1059 2166 Balingen,
1102 2077 1328 2144 doctor
1368 2079 1731 2167 Donekorp
1751 2129 1771 2164 ‚
1830 2079 2144 2165 magister
2184 2077 2483 2144 Andreas
2528 2077 2811 2144 Crossen
2826 2127 2847 2162 ,
2904 2081 3217 2164 magister

348 2175 698 2243 Iohannes
747 2176 956 2244 Gross
966 2228 987 2263 ,
1030 2177 1116 2243 ad
1157 2176 1282 2245 boc
1324 2199 1366 2244 a
1404 2179 1786 2246 nacionibus
1831 2179 2145 2266 deputati.
3238 2186 3299 2241 15

525 2277 746 2344 Anno
783 2278 1010 2344 eodem
1023 2327 1046 2361 ,
1096 2278 1320 2364 quinta
1361 2277 1526 2344 feria
1567 2287 1716 2344 ante
1757 2277 2145 2344 kathedram
2184 2277 2395 2362 Petri,
2439 2278 2563 2343 fuit
2602 2277 3001 2360 conclusum,
3052 2275 3228 2365 quod

353 2377 592 2442 Pacek
637 2377 918 2444 obedire
959 2376 1176 2462 nollet,
1215 2377 1556 2462 deleretur,
1593 2377 1709 2444 sed
1752 2399 1836 2442 ex
1879 2376 2480 2465 super-habundanti
2523 2377 2676 2444 dedi
2710 2376 2837 2443 sibi
2866 2399 2987 2464 pro
3014 2378 3225 2464 primo

359 2479 676 2592 sequenti
742 2476 1016 2544 sabbato
1073 2486 1217 2544 octo
1275 2477 1419 2545 dies
1429 2527 1450 2562 ‚
1505 2487 1578 2545 ut
1627 2477 2036 2546 satisfaceret
2094 2477 2345 2544 civibus
2398 2498 2521 2566 pro
2570 2475 2846 2564 losunga
2898 2486 2963 2544 et
3022 2477 3230 2543 sorori

359 2599 596 2643 uxoris
643 2599 834 2645 suae.

1348 2733 1445 2796 26.
1502 2747 1642 2798 Vom
1677 2747 1729 2799 2.
1765 2745 2068 2798 November
2106 2745 2251 2798 ¹43⁰.
3245 2737 3313 2794 20

533 2843 748 2910 Anno
806 2844 1050 2912 domini
1111 2844 1450 2911 millesimo
1507 2847 1716 2910 cccc⁰
1771 2846 1984 2929 xxx⁰‚
2041 2847 2187 2932 ipso
2250 2843 2355 2943 die
2406 2843 2805 2927 animarum,
2858 2843 3231 2910 conclusum

379 2942 504 3008 fuit
547 2966 682 3031 per
727 2955 1004 3031 quatuor
1043 2947 1352 3012 naciones
1391 2947 1458 3009 in
1495 2943 1784 3031 generali
1811 2946 2285 3010 convocacione
2318 2944 2782 3027 universitatis,
2826 2944 2999 3032 quod
3021 2957 3236 3012 rector

387 3042 526 3108 sine
586 3046 1030 3132 requisicione
1071 3045 1326 3112 consilii
1369 3053 1584 3134 potest
1626 3053 1952 3110 arrestare
1993 3054 2059 3111 et
2100 3044 2303 3110 citare
2344 3044 2561 3111 omnia
2601 3051 2666 3108 et
2704 3043 2959 3130 singula
2998 3067 3233 3132 suppo-

393 3143 518 3209 sita
559 3145 1038 3213 universitatis.
1249 3133 1264 3150 ‘

1346 3300 1444 3363 27.
1501 3314 1643 3366 vom
1677 3314 1760 3365 20.
1796 3314 2089 3365 December
2122 3314 2271 3370 1458.
3254 3304 3323 3361 ²⁵

547 3409 756 3477 Anno
795 3410 1040 3477 domini
1076 3411 1182 3477 M·
1223 3416 1431 3479 cccc⁰
1472 3418 1552 3483 58
1593 3414 1659 3477 in
1697 3411 1929 3499 vigilia
1969 3414 2179 3478 sancti
2220 3410 2512 3481 Thomae
2556 3410 2856 3500 apostoli,
2896 3411 3071 3479 facta
3104 3412 3235 3500 ple-

391 3528 478 3572 na
525 3514 1056 3597 congregacione
1113 3514 1400 3578 omnium
1454 3513 1912 3597 magistrorum
1969 3511 2089 3577 sub
2152 3534 2363 3600 poena
2404 3513 2701 3600 praestiti
2742 3512 3114 3596 iuramenti,
3172 3514 3241 3577 in

389 3606 564 3675 facto
629 3610 1130 3677 reformacionis
1187 3612 1556 3679 conclusum
1599 3620 1698 3677 est
1741 3611 2151 3678 concorditer
2190 3634 2311 3700 per
2334 3634 2576 3679 omnes
2620 3620 2894 3699 quatuor
2936 3612 3244 3678 naciones

389 3708 588 3773 studii
635 3708 1056 3798 Lipczensis‚
1101 3712 1277 3799 quod
1319 3712 1645 3795 decetero,
1688 3711 1964 3777 durante
2001 3712 2132 3777 isto
2176 3721 2505 3779 rector-atu
2520 3762 2538 3795 ,
2582 3734 2623 3777 a
2664 3710 2963 3799 praefata
3009 3709 3113 3776 die
3152 3713 3247 3776 in-

393 3808 732 3893 cipiendo,
773 3813 1086 3899 magister
1127 3813 1372 3877 civium
1409 3822 1476 3877 et
1514 3811 1808 3879 consules
1847 3810 2135 3877 habeant
2173 3814 2619 3879 auctoritatem
2666 3810 2995 3877 detinendi
3038 3820 3102 3875 et
3139 3812 3232 3876 in·
3252 3821 3322 3877 30

396 3908 788 3975 carcerandi
846 3910 1176 3977 studentes
1228 3921 1634 3979 transeuntes
1693 3912 1776 3979 de
1827 3922 2018 3978 nocte
2070 3934 2217 3979 cum
2271 3913 2471 3979 armis
2513 3922 2627 3978 aut
2664 3910 2883 3987 velata
2924 3910 3091 3977 facie
3133 3920 3244 3977 aut

407 4004 566 4074 alias
629 4009 1022 4075 excedentes
1037 4059 1056 4093 ,
1115 4020 1178 4075 et
1233 4012 1372 4077 sine
1427 4014 1858 4101 requisicione
1914 4014 2186 4077 rectoris
2238 4020 2535 4077 tenentur
2587 4034 2699 4078 eos
2752 4009 2833 4075 de
2875 4032 3065 4075 mane
3107 4012 3245 4075 sine

412 4103 556 4172 dolo
599 4120 672 4173 et
711 4108 945 4175 fraude
985 4120 1422 4198 praesentare.
1505 4112 1842 4179 Relatores
1884 4133 2041 4175 vero
2084 4110 2451 4177 huiusmodi
2478 4111 2904 4177 conclusionis
2930 4112 3245 4196 magistro

418 4206 658 4273 civium
700 4217 767 4275 et
810 4208 1182 4277 consulibus
1224 4208 1558 4296 (videlicet
1595 4210 1990 4299 Reynhardo
2002 4260 2022 4292 ,
2071 4210 2209 4277 doc.
2250 4209 2489 4276 Iacobo
2544 4210 2625 4277 de
2666 4207 2964 4293 Stendal‚
3022 4209 3250 4275 Tumel

417 4301 729 4395 Stanghe,
771 4311 1092 4399 magistro
1128 4310 1402 4377 Iohanni
1441 4310 1706 4399 Schybe
1743 4312 1996 4378 notario
2040 4308 2355 4395 civitatis)
2394 4310 2651 4375 fuerunt
2690 4318 2901 4375 rector
2940 4312 3255 4394 magister
3268 4318 3335 4375 35

421 4402 818 4475 Cfistoforus
861 4409 1118 4496 Thymo
1157 4409 1240 4478 de
1281 4410 1728 4495 Freienstadt,
1784 4411 2010 4477 doctor
2054 4408 2394 4480 conradus
2435 4409 2693 4476 Wetter
2704 4458 2725 4493 ,
2782 4410 3094 4495 magister
3134 4408 3252 4473 Pe-

422 4513 556 4573 trus
593 4506 966 4597 Manschyn
983 4558 1004 4593 ,
1046 4508 1134 4577 ad
1172 4510 1297 4578 hoc
1340 4533 1382 4578 a
1421 4512 1802 4577 nacionibus
1840 4509 2152 4598 deputati.

1447 4668 1548 4733 28.
1591 4682 1734 4733 vom
1775 4678 1854 4733 18.
1889 4680 1994 4731 uas
2036 4678 2225 4731 mem

579 4778 774 4843 Anno
834 4775 1078 4845 domini
1130 4778 1238 4845 M⁰
1279 4782 1488 4846 0000ο
1531 4780 1758 4863 Lxx0,
1823 4778 1930 4845 die
1981 4798 2141 4845 vero
2182 4776 2457 4843 Veneris
2508 4776 2761 4842 decima
2798 4784 3066 4861 octava,
3136 4775 3257 4843 sub

429 4884 750 4945 rectoratu
802 4876 1190 4946 venerabilis
1247 4880 1376 4947 viri
1431 4880 1727 4966 magistri
1774 4878 2081 4945 Iohannis
2123 4875 2347 4964 Spiess
2402 4872 2483 4942 de
2520 4876 2940 4963 Rotenburga
2956 4926 2975 4961 ‚
3030 4899 3257 4943 sacrae
3272 4886 3343 4943 40

563 5114 586 5165 1
625 5110 1024 5169 Verschriebcn
1057 5110 1146 5166 fiir
1179 5114 1460 5169 domim
1497 5110 1836 5181 amodum,
1866 5110 2146 5164 domim
2176 5110 2453 5167 Iacobum.

566 5200 600 5250 2
633 5194 750 5251 Der
783 5196 982 5253 nouat
1025 5195 1104 5251 ist
1141 5196 1296 5253 nieht
1343 5197 1695 5270 angegeben‚
1741 5195 1874 5251 aber
1921 5193 1998 5247 im
2046 5194 2293 5249 Sommer
2327 5196 2482 5261 1470,
2529 5210 2615 5249 wo
2666 5192 2796 5251 Joh.
2833 5192 3021 5265 Spiess
3055 5194 3261 5249 Rector

363 5328 370 5333 ,
441 5290 568 5349 vat,
601 5278 728 5335 rant
761 5298 870 5335 nur
901 5280 977 5335 im
1011 5280 1128 5335 Mai
1159 5282 1256 5339 der
1292 5286 1370 5343 18.
1408 5282 1512 5339 auf
1541 5283 1704 5339 einen
1740 5280 1982 5351 Freitag.
