4038 6358
1123 669 1302 724 Vierte
1349 671 1882 736 sunum-odaeum,
1923 687 2033 722 von
2076 667 2427 724 uss-1522.
3076 670 3195 734 435

837 857 896 919 5.
949 869 1236 932 QUANDO
1279 869 1513 918 DEBEN
1517 872 1560 918 Τ
1601 869 1795 919 ELIGI
1835 870 2232 920 onlcmns
2268 867 2719 918 FACULTATIS.

441 997 770 1086 Placet,
815 1001 988 1091 quod
1031 1002 1313 1068 decanus
1356 1011 1504 1092 post
1549 1004 1648 1067 sui
1691 1003 2069 1069 electionem
2108 1003 2279 1068 infra
2315 1004 2595 1092 primam
2648 1010 2945 1066 octavam
3006 995 3201 1063 debet

270 1121 720 1166 convocare
773 1125 994 1168 omnes
1039 1104 1386 1189 magistros
1432 1101 1512 1166 de
1543 1102 1824 1189 ¹consilio
1863 1101 2191 1168 facultatis
2232 1125 2428 1188 super
2481 1101 2791 1165 electione
2834 1097 3201 1165 officialium

271 1197 622 1266 eiusdem
677 1201 1047 1284 facultatis,
1100 1211 1172 1266 ut
1213 1201 1686 1287 clavigerorum
1699 1251 1718 1284 ,
1773 1212 2187 1268 executorum
2231 1210 2647 1284 statutorum,
2706 1209 3079 1266 taxnaeorum
3140 1203 3206 1260 et

275 1300 808 1384 visitatorum3
852 1312 916 1366 et
956 1299 1162 1368 solum
1201 1311 1576 1388 praesentes
1619 1304 1688 1364 in
1732 1303 2204 1366 convocacione
2255 1302 2575 1388 magistri,
2608 1299 2846 1370 debent
2900 1297 3200 1386 deputari
3251 1303 3285 1360 5

268 1397 362 1463 ad
405 1397 852 1466 huiusmodi
894 1400 1109 1466 officia
1151 1399 1498 1484 facultatis,
1541 1400 1818 1488 talisque
1861 1403 2251 1466 convocacio
2294 1399 2409 1465 fiat
2453 1397 2571 1466 sub
2609 1421 2821 1487 poena
2865 1398 3202 1463 carenciae

271 1501 865 1586 acturegenciae.

367 1703 435 1764 6.
501 1716 836 1777 QUANDO
879 1715 1197 1765 DECANUS
1239 1717 1474 1765 DEBET
1515 1717 1981 1765 DISTBIBUERE
2024 1707 2393 1768 EXEBCICIA
2445 1701 2657 1764 INTER
2697 1713 3109 1766 MAGISTROS.

475 1847 818 1929 Quilibet
857 1848 1146 1914 decanus
1188 1851 1479 1938 sequenti
1519 1849 1646 1934 die,
1689 1852 1818 1916 nisi
1837 1849 2369 1938 impedimentum
2390 1849 2699 1934 obstaret,
2742 1857 2893 1939 post
2934 1847 3193 1912 electio-

285 1969 448 2012 nem
499 1947 918 2014 officialium
959 1949 1288 2014 facultatis
1345 1948 1540 2016 debet
1595 1949 1984 2016 distribuere
2042 1951 2383 2018 exercicia.
2466 1948 2556 2013 Et
2594 1959 2749 2014 tunc
2790 1947 2966 2014 idem
3006 1947 3287 2012 deca-10

297 2069 428 2112 nus
477 2046 782 2132 publice
811 2046 988 2134 legat
1029 2058 1290 2132 statuta,
1333 2051 1683 2134 magistros
1723 2071 1850 2137 quo
1893 2049 1979 2114 ad
2015 2051 2283 2128 modum
2325 2047 2674 2114 exercendi
2712 2047 3203 2129 concernencia,

301 2143 597 2212 eosdem
645 2148 978 2214 monendo
1021 2157 1086 2213 et
1127 2147 1533 2214 exhortando
1547 2197 1568 2232 ,
1639 2158 1714 2213 ut
1777 2147 2123 2235 diligenter
2178 2152 2351 2216 omni
2406 2148 2513 2213 die
2568 2147 2949 2235 disputabili
3002 2146 3207 2213 velint

307 2244 718 2332 disputare.
2770 2239 2775 2250 ’

631 2469 704 2528 7.
742 2480 1132 2531 LECTIONES
1175 2481 1312 2530 rao
1357 2474 1850 2532 CONGURRENTI
1885 2481 2174 2544 QUANDO
2218 2481 2501 2529 ossam·
2546 2481 2917 2532 ms'rlusm.

493 2612 834 2680 Decanus
889 2637 1010 2704 pro
1061 2613 1444 2682 lectionibus
1501 2613 2037 2682 concurrentibus
2093 2613 2557 2682 distribuendis
2618 2623 2931 2682 convocet
2982 2635 3203 2682 omnes
3228 2621 3289 2678 15

318 2714 708 2798 magistros
746 2713 815 2778 in
859 2723 1104 2779 aestate
1143 2715 1315 2780 infra
1356 2724 1622 2781 octavas
1662 2716 2065 2780 visitacionis
2114 2713 2392 2798 Mariae,
2448 2711 2511 2800 [2
2522 2711 2573 2801 b]
2636 2716 2707 2780 in
2750 2713 2983 2801 hyeme
3024 2714 3202 2780 circa
3292 2747 3297 2752 ·

329 2822 655 2878 octavam
717 2811 1154 2901 Epiphaniae.
1235 2813 1324 2880 Et
1383 2815 1570 2880 iuxta
1635 2816 1886 2880 senium
1921 2814 2405 2901 ¹magistrorum
2457 2815 2810 2882 secundum
2870 2814 3209 2901 antiquum

327 2931 592 2976 morem
643 2911 1142 2981 distribuantur.

504 3133 574 3198 8.
641 3145 934 3208 eumne
983 3145 1306 3197 nscmvs
1349 3145 1668 3197 surum
1706 3145 2097 3197 rnamenta*
2134 3145 2365 3199 omtss
2388 3107 2929 3200 ‘Psouovmmos
2970 3149 3043 3199 m

1329 3244 1628 3295 Amisus
1671 3246 2223 3297 consumma.
3226 3239 3295 3296 20

507 3378 832 3446 Decanus
879 3402 999 3467 pro
1044 3389 1336 3467 tempore
1378 3380 1664 3446 existens
1705 3380 1810 3445 bis
1852 3380 1922 3445 in
1965 3380 2287 3446 decanatu
2332 3402 2468 3465 suo,
2510 3381 2759 3448 scilicet
2779 3383 2849 3446 in
2875 3382 3200 3469 principio

351 3486 417 3542 et
455 3480 530 3545 in
575 3479 714 3545 fine
752 3480 921 3545 infra
963 3501 1267 3561 mensem,
1314 3486 1556 3543 statuta
1593 3478 1920 3545 facultatis
1960 3482 2232 3563 arcium,
2279 3478 2565 3545 eiusdem
2605 3480 2933 3547 facultatis
2966 3504 3207 3571 suppo-

351 3579 476 3643 sita
518 3581 1013 3662 concernencia,
1055 3578 1174 3643 sub
1214 3600 1429 3666 poena
1465 3580 1662 3643 trium
1701 3578 2096 3644 florenorum
2137 3578 2433 3645 facultati
2496 3582 2744 3645 arcium
2786 3582 3199 3646 irremissibi-

353 3674 502 3743 liter
545 3678 1136 3768 persolvendorum
1175 3689 1429 3745 tenetur
1471 3676 1810 3765 publicare
1851 3686 1916 3743 et
1957 3678 2379 3745 excedentem
2410 3678 2517 3744 vel
2554 3679 2941 3745 excedentes
2985 3691 3211 3746 contra

356 3776 502 3863 ipsa
545 3788 814 3861 statuta,
857 3779 940 3843 de
983 3800 1109 3863 quo
1152 3777 1258 3843 vel
1301 3778 1382 3842 de
1423 3776 1658 3865 quibus
1681 3775 1821 3844 sibi
1861 3786 2145 3862 constat,
2198 3777 2316 3843 sub
2370 3801 2487 3844 suo
2543 3780 2905 3845 iuramento
2946 3778 3209 3845 realiter
3226 3788 3293 3845 25

363 3876 721 3943 secundum
763 3886 1052 3943 tenorem
1095 3884 1478 3943 statutorum
1520 3878 1769 3964 punire,
1811 3878 1882 3942 in
1920 3898 2046 3965 quo
2088 3878 2387 3965 praefata
2417 3877 2693 3943 facultas
2741 3877 2867 3943 sibi
2905 3880 3213 3945 assistere

361 3980 618 4043 tenetur
660 3999 806 4043 cum
850 3976 1101 4041 effectu.

671 4164 732 4227 9.
773 4176 868 4225 ns
909 4174 1285 4226 CONCLUSIS
1329 4172 1422 4223 m·
1468 4174 1802 4225 suroris
1845 4173 2325 4225 mscmsmrms
2366 4174 2503 4225 ran
2543 4173 2898 4224 naemu.

525 4306 774 4393 Placet,
816 4310 992 4398 quod
1033 4309 1306 4399 quilibet
1338 4309 1730 4376 decanorum
1772 4308 2033 4395 singula
2076 4308 2196 4375 sub
2238 4332 2355 4375 suo
2398 4309 2611 4375 officio
2645 4308 2951 4375 conclusa
2985 4320 3048 4376 et
3084 4319 3210 4377 sta-

373 4414 505 4473 tuta
559 4408 976 4475 conscribere
1017 4419 1314 4475 teneatur
1370 4419 1520 4475 ante
1573 4419 1948 4496 computum
2001 4430 2119 4497 per
2175 4432 2319 4475 eum
2357 4408 2727 4476 faciendum
2744 4458 2765 4493 ,
2826 4419 3071 4475 statuta
3124 4409 3213 4477 ad
3228 4418 3297 4475 30

377 4502 608 4575 librum
663 4517 1050 4577 statutorum
1090 4508 1418 4578 facultatis
1433 4558 1454 4591 ,
1499 4507 1804 4573 conclusa
1842 4530 1999 4575 vero
2043 4506 2131 4575 ad
2170 4507 2411 4575 librum
2452 4510 2793 4596 papireum
2810 4559 2829 4594 ,
2866 4511 2960 4575 ita
2994 4520 3215 4575 tamen

379 4606 548 4691 quod
602 4607 924 4693 conclusa,
967 4611 1430 4696 magistrorum
1473 4628 1790 4694 personas
1831 4609 2295 4673 concernencia
2338 4607 2459 4674 sub
2504 4607 2759 4675 decenti
2802 4619 2868 4677 et
2908 4620 3217 4675 consueta

381 4702 594 4792 forma,
620 4731 752 4775 non
778 4706 998 4794 aliqua
1031 4704 1302 4797 speciali
1349 4706 1905 4790 dehonestacione,
1947 4706 2407 4791 inscribantur,
2456 4707 2575 4773 sub
2600 4708 2819 4776 debito
2846 4710 3213 4791 iuramenti,

389 4806 553 4890 quod
593 4808 922 4896 praestitit
961 4815 1254 4894 tempore
1295 4806 1638 4872 eleccionis
1683 4828 1842 4872 suae
1881 4809 1950 4871 in
1989 4805 2324 4873 decanum.

429 4990 524 5066 10·¹
567 5005 763 5067 QUOD
817 5006 1134 5057 DECANUS
1187 5006 1408 5055 SUPER
1457 5004 1794 5056 INGRESSU
1835 5006 2153 5056 Amemus
2194 5009 2289 5057 AD
2334 5007 2709 5089 consmmu
2748 5008 3177 5059 FACULTATIS
3230 4999 3298 5056 35

817 5106 964 5157 NON
1003 5107 1239 5157 DEBET
1281 5105 1498 5154 PRmo
1543 5105 1784 5155 TOTAM
1825 5106 2294 5156 FACULTATEM
2336 5106 2767 5157 CONVOCARE.

539 5237 766 5306 Placet
779 5291 797 5324 ,
866 5239 1042 5327 quod
1098 5212 1382 5305 decanus
1435 5236 1762 5304 facultatis
1817 5262 1938 5326 pro
1987 5248 2284 5325 tempore
2334 5240 2622 5305 existens
2679 5262 2875 5328 super
2912 5241 3212 5327 ingressu

395 5331 654 5405 alicuius
691 5340 780 5407 ad
821 5338 1159 5406 consilium
1199 5338 1526 5407 facultatis
1567 5360 1697 5404 non
1741 5349 2053 5407 convocet
2100 5347 2307 5406 totam
2362 5338 2736 5406 facultatum
2752 5389 2770 5424 ,
2838 5342 2967 5407 nisi
3030 5343 3211 5429 prius

2759 5446 2881 5513 28*
