<?xml version="1.0" encoding="UTF-8"?>
<!DOCTYPE html PUBLIC "-//W3C//DTD XHTML 1.0 Transitional//EN"
    "http://www.w3.org/TR/xhtml1/DTD/xhtml1-transitional.dtd">
<html xmlns="http://www.w3.org/1999/xhtml" xml:lang="en" lang="en">
 <head>
  <title>
</title>
<meta http-equiv="Content-Type" content="text/html;charset=utf-8" />
  <meta name='ocr-system' content='tesseract 3.04.00' />
  <meta name='ocr-capabilities' content='ocr_page ocr_carea ocr_par ocr_line ocrx_word'/>
</head>
<body>
  <div class='ocr_page' id='page_1' title='image "./diestatutenbche02leipgoog_0494.png"; bbox 0 0 4038 6358; ppageno 0'>
   <div class='ocr_carea' id='block_1_1' title="bbox 771 617 2618 690">
    <p class='ocr_par' dir='ltr' id='par_1_1' title="bbox 771 617 2618 690">
     <span class='ocr_line' id='line_1_1' title="bbox 771 617 2618 690; baseline -0.003 -11"><span class='ocrx_word' id='word_1_1' title='bbox 771 625 894 690; x_wconf 85' lang='lat'><strong>478</strong></span> <span class='ocrx_word' id='word_1_2' title='bbox 1739 620 1839 672; x_wconf 85' lang='lat' dir='ltr'><strong>Die</strong></span> <span class='ocrx_word' id='word_1_3' title='bbox 1880 617 2320 685; x_wconf 82' lang='lat' dir='ltr'><strong>philosophische</strong></span> <span class='ocrx_word' id='word_1_4' title='bbox 2360 620 2618 673; x_wconf 64' lang='lat' dir='ltr'><strong>Facuitfit.</strong></span> 
     </span>
    </p>
   </div>
   <div class='ocr_carea' id='block_1_2' title="bbox 931 810 3443 969">
    <p class='ocr_par' dir='ltr' id='par_1_2' title="bbox 931 810 3443 969">
     <span class='ocr_line' id='line_1_2' title="bbox 931 810 3443 872; baseline -0.002 -2"><span class='ocrx_word' id='word_1_5' title='bbox 931 810 1020 872; x_wconf 90' lang='lat'><strong>18.</strong></span> <span class='ocrx_word' id='word_1_6' title='bbox 1077 821 1537 871; x_wconf 66' lang='lat' dir='ltr'><strong>mmmmm</strong></span> <span class='ocrx_word' id='word_1_7' title='bbox 1578 820 2223 870; x_wconf 69' lang='lat' dir='ltr'><strong>mmsramonnn</strong></span> <span class='ocrx_word' id='word_1_8' title='bbox 2265 819 2594 869; x_wconf 67' lang='lat' dir='ltr'><strong>1⁸21?an</strong></span> <span class='ocrx_word' id='word_1_9' title='bbox 2632 817 3197 868; x_wconf 59' lang='lat' dir='ltr'><strong>nrsrmrssctoms</strong></span> <span class='ocrx_word' id='word_1_10' title='bbox 3238 818 3333 866; x_wconf 70' lang='grc' dir='ltr'><strong>εἰ·</strong></span> <span class='ocrx_word' id='word_1_11' title='bbox 3372 817 3443 866; x_wconf 77' lang='lat' dir='ltr'><strong>m</strong></span> 
     </span>
     <span class='ocr_line' id='line_1_3' title="bbox 1446 915 2948 969; baseline -0.001 0"><span class='ocrx_word' id='word_1_12' title='bbox 1446 920 1844 969; x_wconf 68' lang='grc' dir='ltr'><strong>ΑΡΕΒΤῙΟΝΕ</strong></span> <span class='ocrx_word' id='word_1_13' title='bbox 1889 915 2360 969; x_wconf 64' lang='lat' dir='ltr'><strong>‘renuimus</strong></span> <span class='ocrx_word' id='word_1_14' title='bbox 2403 918 2948 968; x_wconf 71' lang='lat' dir='ltr'><strong>Pnoronmmuu.</strong></span> 
     </span>
    </p>
   </div>
   <div class='ocr_carea' id='block_1_3' title="bbox 686 1051 3614 1736">
    <p class='ocr_par' dir='ltr' id='par_1_3' title="bbox 934 1051 3614 1139">
     <span class='ocr_line' id='line_1_4' title="bbox 934 1051 3614 1139; baseline -0.001 -22"><span class='ocrx_word' id='word_1_15' title='bbox 934 1052 1121 1139; x_wconf 89' lang='lat' dir='ltr'><strong>„Ego</strong></span> <span class='ocrx_word' id='word_1_16' title='bbox 1177 1052 1271 1117; x_wconf 91' lang='lat' dir='ltr'><strong>.N.</strong></span> <span class='ocrx_word' id='word_1_17' title='bbox 1322 1053 1499 1134; x_wconf 88' lang='lat' dir='ltr'><strong>iuro,</strong></span> <span class='ocrx_word' id='word_1_18' title='bbox 1584 1051 1756 1137; x_wconf 91' lang='lat' dir='ltr'><strong>quod</strong></span> <span class='ocrx_word' id='word_1_19' title='bbox 1812 1074 1932 1117; x_wconf 89' lang='lat' dir='ltr'><strong>nec</strong></span> <span class='ocrx_word' id='word_1_20' title='bbox 1989 1053 2254 1117; x_wconf 87' lang='lat' dir='ltr'><strong>accione</strong></span> <span class='ocrx_word' id='word_1_21' title='bbox 2313 1074 2434 1117; x_wconf 90' lang='lat' dir='ltr'><strong>nec</strong></span> <span class='ocrx_word' id='word_1_22' title='bbox 2481 1051 2769 1134; x_wconf 80' lang='lat' dir='ltr'><strong>ulcione,</strong></span> <span class='ocrx_word' id='word_1_23' title='bbox 2854 1072 2974 1114; x_wconf 92' lang='lat' dir='ltr'><strong>nec</strong></span> <span class='ocrx_word' id='word_1_24' title='bbox 3022 1071 3142 1138; x_wconf 87' lang='lat' dir='ltr'><strong>per</strong></span> <span class='ocrx_word' id='word_1_25' title='bbox 3181 1072 3287 1114; x_wconf 91' lang='lat' dir='ltr'><strong>me</strong></span> <span class='ocrx_word' id='word_1_26' title='bbox 3328 1071 3451 1114; x_wconf 90' lang='lat' dir='ltr'><strong>nec</strong></span> <span class='ocrx_word' id='word_1_27' title='bbox 3490 1072 3614 1137; x_wconf 87' lang='lat' dir='ltr'><strong>per</strong></span> 
     </span>
    </p>

    <p class='ocr_par' dir='ltr' id='par_1_4' title="bbox 769 1148 3609 1239">
     <span class='ocr_line' id='line_1_5' title="bbox 769 1148 3609 1239; baseline -0.001 -22"><span class='ocrx_word' id='word_1_28' title='bbox 769 1152 983 1236; x_wconf 84' lang='lat' dir='ltr'><strong>alium,</strong></span> <span class='ocrx_word' id='word_1_29' title='bbox 1027 1151 1272 1217; x_wconf 81' lang='lat' dir='ltr'>directe</span> <span class='ocrx_word' id='word_1_30' title='bbox 1313 1152 1419 1217; x_wconf 91' lang='lat' dir='ltr'><strong>vel</strong></span> <span class='ocrx_word' id='word_1_31' title='bbox 1462 1151 1794 1233; x_wconf 83' lang='lat' dir='ltr'><strong>indirecte,</strong></span> <span class='ocrx_word' id='word_1_32' title='bbox 1837 1150 2043 1217; x_wconf 90' lang='lat' dir='ltr'><strong>verbo</strong></span> <span class='ocrx_word' id='word_1_33' title='bbox 2081 1151 2184 1217; x_wconf 90' lang='lat' dir='ltr'><strong>vel</strong></span> <span class='ocrx_word' id='word_1_34' title='bbox 2225 1152 2398 1217; x_wconf 90' lang='lat' dir='ltr'><strong>facto</strong></span> <span class='ocrx_word' id='word_1_35' title='bbox 2440 1150 2546 1217; x_wconf 90' lang='lat' dir='ltr'><strong>vel</strong></span> <span class='ocrx_word' id='word_1_36' title='bbox 2587 1151 2816 1239; x_wconf 86' lang='lat' dir='ltr'><strong>quovis</strong></span> <span class='ocrx_word' id='word_1_37' title='bbox 2858 1150 2991 1216; x_wconf 89' lang='lat' dir='ltr'><strong>alio</strong></span> <span class='ocrx_word' id='word_1_38' title='bbox 3024 1148 3219 1214; x_wconf 90' lang='lat' dir='ltr'><strong>modo</strong></span> <span class='ocrx_word' id='word_1_39' title='bbox 3259 1148 3458 1216; x_wconf 87' lang='lat' dir='ltr'><strong>velim</strong></span> <span class='ocrx_word' id='word_1_40' title='bbox 3502 1171 3609 1214; x_wconf 88' lang='lat' dir='ltr'><strong>me</strong></span> 
     </span>
    </p>

    <p class='ocr_par' dir='ltr' id='par_1_5' title="bbox 686 1249 3603 1337">
     <span class='ocr_line' id='line_1_6' title="bbox 686 1249 3603 1337; baseline -0.001 -21"><span class='ocrx_word' id='word_1_41' title='bbox 686 1262 720 1316; x_wconf 85' lang='lat'>5</span> <span class='ocrx_word' id='word_1_42' title='bbox 768 1250 1100 1316; x_wconf 88' lang='lat' dir='ltr'><strong>vindicare</strong></span> <span class='ocrx_word' id='word_1_43' title='bbox 1118 1300 1137 1333; x_wconf 97' lang='lat'><strong>,</strong></span> <span class='ocrx_word' id='word_1_44' title='bbox 1221 1253 1275 1316; x_wconf 88' lang='lat' dir='ltr'><strong>si</strong></span> <span class='ocrx_word' id='word_1_45' title='bbox 1346 1249 1432 1315; x_wconf 93' lang='lat' dir='ltr'><strong>ad</strong></span> <span class='ocrx_word' id='word_1_46' title='bbox 1493 1260 1887 1337; x_wconf 87' lang='lat' dir='ltr'><strong>temptamen</strong></span> <span class='ocrx_word' id='word_1_47' title='bbox 1929 1273 2061 1316; x_wconf 90' lang='lat' dir='ltr'><strong>non</strong></span> <span class='ocrx_word' id='word_1_48' title='bbox 2104 1251 2412 1316; x_wconf 88' lang='lat' dir='ltr'><strong>admittar</strong></span> <span class='ocrx_word' id='word_1_49' title='bbox 2454 1249 2560 1317; x_wconf 89' lang='lat' dir='ltr'><strong>vel</strong></span> <span class='ocrx_word' id='word_1_50' title='bbox 2598 1252 2804 1316; x_wconf 84' lang='lat' dir='ltr'><strong>eciam</strong></span> <span class='ocrx_word' id='word_1_51' title='bbox 2847 1258 2997 1337; x_wconf 91' lang='lat' dir='ltr'><strong>post</strong></span> <span class='ocrx_word' id='word_1_52' title='bbox 3035 1259 3437 1336; x_wconf 85' lang='lat' dir='ltr'><strong>temptamen</strong></span> <span class='ocrx_word' id='word_1_53' title='bbox 3481 1250 3603 1313; x_wconf 86' lang='lat' dir='ltr'><strong>rei-</strong></span> 
     </span>
    </p>

    <p class='ocr_par' dir='ltr' id='par_1_6' title="bbox 772 1348 3605 1439">
     <span class='ocr_line' id='line_1_7' title="bbox 772 1348 3605 1439; baseline -0.001 -24"><span class='ocrx_word' id='word_1_54' title='bbox 772 1352 927 1433; x_wconf 86' lang='lat' dir='ltr'><strong>ciar,</strong></span> <span class='ocrx_word' id='word_1_55' title='bbox 986 1350 1105 1415; x_wconf 86' lang='lat' dir='ltr'><strong>sub</strong></span> <span class='ocrx_word' id='word_1_56' title='bbox 1151 1373 1359 1437; x_wconf 88' lang='lat' dir='ltr'><strong>poena</strong></span> <span class='ocrx_word' id='word_1_57' title='bbox 1399 1353 1698 1437; x_wconf 88' lang='lat' dir='ltr'><strong>periurii,</strong></span> <span class='ocrx_word' id='word_1_58' title='bbox 1765 1349 1942 1439; x_wconf 90' lang='lat' dir='ltr'><strong>quod</strong></span> <span class='ocrx_word' id='word_1_59' title='bbox 1982 1351 2455 1415; x_wconf 87' lang='lat' dir='ltr'><strong>contrafaciens</strong></span> <span class='ocrx_word' id='word_1_60' title='bbox 2494 1351 2639 1437; x_wconf 91' lang='lat' dir='ltr'><strong>ipso</strong></span> <span class='ocrx_word' id='word_1_61' title='bbox 2677 1348 2849 1415; x_wconf 85' lang='lat' dir='ltr'><strong>facto</strong></span> <span class='ocrx_word' id='word_1_62' title='bbox 2896 1350 3187 1427; x_wconf 86' lang='lat' dir='ltr'><strong>incurro,</strong></span> <span class='ocrx_word' id='word_1_63' title='bbox 3250 1358 3315 1413; x_wconf 90' lang='lat' dir='ltr'><strong>et</strong></span> <span class='ocrx_word' id='word_1_64' title='bbox 3354 1359 3605 1413; x_wconf 89' lang='lat' dir='ltr'><strong>centum</strong></span> 
     </span>
    </p>

    <p class='ocr_par' dir='ltr' id='par_1_7' title="bbox 770 1446 3604 1536">
     <span class='ocr_line' id='line_1_8' title="bbox 770 1446 3604 1536; baseline -0.001 -22"><span class='ocrx_word' id='word_1_65' title='bbox 770 1449 1175 1532; x_wconf 88' lang='lat' dir='ltr'><strong>florenorum,</strong></span> <span class='ocrx_word' id='word_1_66' title='bbox 1217 1472 1487 1536; x_wconf 88' lang='lat' dir='ltr'><strong>quorum</strong></span> <span class='ocrx_word' id='word_1_67' title='bbox 1528 1449 1841 1515; x_wconf 82' lang='lat' dir='ltr'><strong>medietas</strong></span> <span class='ocrx_word' id='word_1_68' title='bbox 1887 1448 2079 1514; x_wconf 90' lang='lat' dir='ltr'><strong>cedat</strong></span> <span class='ocrx_word' id='word_1_69' title='bbox 2116 1448 2231 1532; x_wconf 89' lang='lat' dir='ltr'><strong>illi,</strong></span> <span class='ocrx_word' id='word_1_70' title='bbox 2275 1471 2465 1536; x_wconf 88' lang='lat' dir='ltr'><strong>quem</strong></span> <span class='ocrx_word' id='word_1_71' title='bbox 2512 1451 2606 1513; x_wconf 91' lang='lat' dir='ltr'><strong>sic</strong></span> <span class='ocrx_word' id='word_1_72' title='bbox 2652 1447 2927 1530; x_wconf 80' lang='lat' dir='ltr'><strong>offendo,</strong></span> <span class='ocrx_word' id='word_1_73' title='bbox 2985 1447 3116 1513; x_wconf 89' lang='lat' dir='ltr'><strong>alia</strong></span> <span class='ocrx_word' id='word_1_74' title='bbox 3170 1469 3328 1513; x_wconf 79' lang='lat' dir='ltr'><strong>vero</strong></span> <span class='ocrx_word' id='word_1_75' title='bbox 3372 1446 3604 1512; x_wconf 87' lang='lat' dir='ltr'><strong>medie-</strong></span> 
     </span>
    </p>

    <p class='ocr_par' dir='ltr' id='par_1_8' title="bbox 768 1545 3599 1736">
     <span class='ocr_line' id='line_1_9' title="bbox 770 1545 3599 1633; baseline -0.001 -21"><span class='ocrx_word' id='word_1_76' title='bbox 770 1557 871 1613; x_wconf 87' lang='lat' dir='ltr'><strong>tas</strong></span> <span class='ocrx_word' id='word_1_77' title='bbox 916 1548 1107 1612; x_wconf 91' lang='lat' dir='ltr'><strong>cedat</strong></span> <span class='ocrx_word' id='word_1_78' title='bbox 1147 1548 1455 1613; x_wconf 81' lang='lat' dir='ltr'><strong>facultati.</strong></span> <span class='ocrx_word' id='word_1_79' title='bbox 1539 1549 1652 1614; x_wconf 88' lang='lat' dir='ltr'><strong>Sic</strong></span> <span class='ocrx_word' id='word_1_80' title='bbox 1698 1572 1802 1614; x_wconf 92' lang='lat' dir='ltr'><strong>me</strong></span> <span class='ocrx_word' id='word_1_81' title='bbox 1838 1549 1996 1614; x_wconf 90' lang='lat' dir='ltr'><strong>deus</strong></span> <span class='ocrx_word' id='word_1_82' title='bbox 2040 1547 2309 1612; x_wconf 86' lang='lat' dir='ltr'><strong>adiuvet</strong></span> <span class='ocrx_word' id='word_1_83' title='bbox 2349 1557 2412 1612; x_wconf 92' lang='lat' dir='ltr'><strong>et</strong></span> <span class='ocrx_word' id='word_1_84' title='bbox 2453 1557 2679 1613; x_wconf 85' lang='lat' dir='ltr'><strong>sancta</strong></span> <span class='ocrx_word' id='word_1_85' title='bbox 2721 1545 3125 1633; x_wconf 87' lang='lat' dir='ltr'><strong>evangelia.“</strong></span> <span class='ocrx_word' id='word_1_86' title='bbox 3210 1545 3399 1612; x_wconf 88' lang='lat' dir='ltr'><strong>Idem</strong></span> <span class='ocrx_word' id='word_1_87' title='bbox 3440 1547 3599 1611; x_wconf 86' lang='lat' dir='ltr'><strong>iura·</strong></span> 
     </span>
     <span class='ocr_line' id='line_1_10' title="bbox 768 1646 3476 1736; baseline -0.001 -24"><span class='ocrx_word' id='word_1_88' title='bbox 768 1657 1051 1712; x_wconf 87' lang='lat' dir='ltr'><strong>mentum</strong></span> <span class='ocrx_word' id='word_1_89' title='bbox 1099 1646 1526 1734; x_wconf 86' lang='lat' dir='ltr'><strong>praestabunt</strong></span> <span class='ocrx_word' id='word_1_90' title='bbox 1568 1658 1858 1735; x_wconf 87' lang='lat' dir='ltr'><strong>tempore</strong></span> <span class='ocrx_word' id='word_1_91' title='bbox 1898 1647 2254 1736; x_wconf 81' lang='lat' dir='ltr'><strong>apertionis</strong></span> <span class='ocrx_word' id='word_1_92' title='bbox 2295 1647 2736 1734; x_wconf 81' lang='lat' dir='ltr'><strong>temptaminis</strong></span> <span class='ocrx_word' id='word_1_93' title='bbox 2780 1655 2845 1712; x_wconf 91' lang='lat' dir='ltr'><strong>et</strong></span> <span class='ocrx_word' id='word_1_94' title='bbox 2886 1647 3091 1712; x_wconf 88' lang='lat' dir='ltr'><strong>eciam</strong></span> <span class='ocrx_word' id='word_1_95' title='bbox 3134 1647 3476 1711; x_wconf 78' lang='lat' dir='ltr'><strong>examinis.</strong></span> 
     </span>
    </p>
   </div>
   <div class='ocr_carea' id='block_1_4' title="bbox 691 1817 3378 1882">
    <p class='ocr_par' dir='ltr' id='par_1_9' title="bbox 691 1817 3378 1882">
     <span class='ocr_line' id='line_1_11' title="bbox 691 1817 3378 1882; baseline 0 -5"><span class='ocrx_word' id='word_1_96' title='bbox 691 1822 756 1878; x_wconf 82' lang='lat'><strong>10</strong></span> <span class='ocrx_word' id='word_1_97' title='bbox 1011 1817 1106 1882; x_wconf 82' lang='lat'><strong>19.</strong></span> <span class='ocrx_word' id='word_1_98' title='bbox 1149 1831 1242 1879; x_wconf 84' lang='lat' dir='ltr'><strong>DE</strong></span> <span class='ocrx_word' id='word_1_99' title='bbox 1287 1831 1517 1880; x_wconf 82' lang='lat' dir='ltr'><strong>POENA</strong></span> <span class='ocrx_word' id='word_1_100' title='bbox 1557 1830 2102 1879; x_wconf 73' lang='lat' dir='ltr'>MOLESTANCIUM</span> <span class='ocrx_word' id='word_1_101' title='bbox 2142 1828 2677 1878; x_wconf 79' lang='lat' dir='ltr'>EXAMINATORES</span> <span class='ocrx_word' id='word_1_102' title='bbox 2721 1829 2849 1876; x_wconf 77' lang='lat' dir='ltr'><strong>SEU</strong></span> <span class='ocrx_word' id='word_1_103' title='bbox 2888 1827 3378 1877; x_wconf 75' lang='lat' dir='ltr'><strong>mPEDITORES.</strong></span> 
     </span>
    </p>
   </div>
   <div class='ocr_carea' id='block_1_5' title="bbox 689 1921 3608 3240">
    <p class='ocr_par' dir='ltr' id='par_1_10' title="bbox 689 1921 3608 3142">
     <span class='ocr_line' id='line_1_12' title="bbox 2830 1921 2845 1948; baseline 0 0"><span class='ocrx_word' id='word_1_104' title='bbox 2830 1921 2845 1948; x_wconf 82' lang='grc' dir='ltr'>Ι</span> 
     </span>
     <span class='ocr_line' id='line_1_13' title="bbox 936 1959 3604 2050; baseline -0 -23"><span class='ocrx_word' id='word_1_105' title='bbox 936 1962 1166 2029; x_wconf 88' lang='lat' dir='ltr'><strong>Nullus</strong></span> <span class='ocrx_word' id='word_1_106' title='bbox 1211 1964 1467 2029; x_wconf 89' lang='lat' dir='ltr'><strong>actione</strong></span> <span class='ocrx_word' id='word_1_107' title='bbox 1505 1960 1610 2027; x_wconf 89' lang='lat' dir='ltr'><strong>vel</strong></span> <span class='ocrx_word' id='word_1_108' title='bbox 1651 1961 1911 2044; x_wconf 87' lang='lat' dir='ltr'><strong>ultione,</strong></span> <span class='ocrx_word' id='word_1_109' title='bbox 1952 1985 2072 2050; x_wconf 89' lang='lat' dir='ltr'><strong>per</strong></span> <span class='ocrx_word' id='word_1_110' title='bbox 2118 1985 2187 2028; x_wconf 91' lang='lat' dir='ltr'><strong>se</strong></span> <span class='ocrx_word' id='word_1_111' title='bbox 2227 1960 2332 2026; x_wconf 91' lang='lat' dir='ltr'><strong>vel</strong></span> <span class='ocrx_word' id='word_1_112' title='bbox 2374 1983 2495 2048; x_wconf 87' lang='lat' dir='ltr'><strong>per</strong></span> <span class='ocrx_word' id='word_1_113' title='bbox 2536 1959 2764 2043; x_wconf 84' lang='lat' dir='ltr'><strong>alium,</strong></span> <span class='ocrx_word' id='word_1_114' title='bbox 2820 1959 3066 2026; x_wconf 75' lang='lat' dir='ltr'><strong>directe</strong></span> <span class='ocrx_word' id='word_1_115' title='bbox 3121 1959 3228 2026; x_wconf 92' lang='lat' dir='ltr'><strong>vel</strong></span> <span class='ocrx_word' id='word_1_116' title='bbox 3271 1960 3604 2044; x_wconf 74' lang='lat' dir='ltr'><strong>indirecte,</strong></span> 
     </span>
     <span class='ocr_line' id='line_1_14' title="bbox 774 2058 3607 2149; baseline -0 -23"><span class='ocrx_word' id='word_1_117' title='bbox 774 2060 976 2126; x_wconf 87' lang='lat' dir='ltr'><strong>verbo</strong></span> <span class='ocrx_word' id='word_1_118' title='bbox 1018 2062 1122 2128; x_wconf 87' lang='lat' dir='ltr'><strong>vel</strong></span> <span class='ocrx_word' id='word_1_119' title='bbox 1163 2063 1333 2128; x_wconf 88' lang='lat' dir='ltr'><strong>facto</strong></span> <span class='ocrx_word' id='word_1_120' title='bbox 1378 2062 1481 2128; x_wconf 89' lang='lat' dir='ltr'><strong>vel</strong></span> <span class='ocrx_word' id='word_1_121' title='bbox 1525 2083 1906 2149; x_wconf 89' lang='lat' dir='ltr'><strong>quocunque</strong></span> <span class='ocrx_word' id='word_1_122' title='bbox 1951 2062 2081 2128; x_wconf 88' lang='lat' dir='ltr'><strong>alio</strong></span> <span class='ocrx_word' id='word_1_123' title='bbox 2125 2061 2318 2128; x_wconf 88' lang='lat' dir='ltr'><strong>modo</strong></span> <span class='ocrx_word' id='word_1_124' title='bbox 2357 2063 2630 2147; x_wconf 85' lang='lat' dir='ltr'><strong>impetat</strong></span> <span class='ocrx_word' id='word_1_125' title='bbox 2679 2059 2783 2125; x_wconf 88' lang='lat' dir='ltr'><strong>vel</strong></span> <span class='ocrx_word' id='word_1_126' title='bbox 2841 2058 3139 2126; x_wconf 78' lang='lat' dir='ltr'><strong>molestet</strong></span> <span class='ocrx_word' id='word_1_127' title='bbox 3193 2060 3474 2149; x_wconf 78' lang='lat' dir='ltr'><strong>aliquem</strong></span> <span class='ocrx_word' id='word_1_128' title='bbox 3530 2060 3607 2125; x_wconf 89' lang='lat' dir='ltr'><strong>de</strong></span> 
     </span>
     <span class='ocr_line' id='line_1_15' title="bbox 772 2158 3605 2247; baseline -0 -21"><span class='ocrx_word' id='word_1_129' title='bbox 772 2163 1103 2247; x_wconf 80' lang='lat' dir='ltr'><strong>magistris</strong></span> <span class='ocrx_word' id='word_1_130' title='bbox 1143 2160 1250 2226; x_wconf 90' lang='lat' dir='ltr'><strong>vel</strong></span> <span class='ocrx_word' id='word_1_131' title='bbox 1292 2160 1845 2227; x_wconf 80' lang='lat' dir='ltr'><strong>examinatoribus</strong></span> <span class='ocrx_word' id='word_1_132' title='bbox 1888 2184 2010 2247; x_wconf 88' lang='lat' dir='ltr'><strong>pro</strong></span> <span class='ocrx_word' id='word_1_133' title='bbox 2051 2184 2147 2243; x_wconf 89' lang='lat' dir='ltr'><strong>eo,</strong></span> <span class='ocrx_word' id='word_1_134' title='bbox 2192 2159 2363 2247; x_wconf 88' lang='lat' dir='ltr'><strong>quod</strong></span> <span class='ocrx_word' id='word_1_135' title='bbox 2405 2159 2683 2244; x_wconf 80' lang='lat' dir='ltr'><strong>aliquem</strong></span> <span class='ocrx_word' id='word_1_136' title='bbox 2724 2158 2807 2223; x_wconf 88' lang='lat' dir='ltr'><strong>de</strong></span> <span class='ocrx_word' id='word_1_137' title='bbox 2850 2161 2986 2225; x_wconf 90' lang='lat' dir='ltr'><strong>suis</strong></span> <span class='ocrx_word' id='word_1_138' title='bbox 3027 2160 3113 2225; x_wconf 88' lang='lat' dir='ltr'><strong>ad</strong></span> <span class='ocrx_word' id='word_1_139' title='bbox 3149 2160 3435 2246; x_wconf 83' lang='lat' dir='ltr'><strong>gradum</strong></span> <span class='ocrx_word' id='word_1_140' title='bbox 3476 2182 3605 2225; x_wconf 82' lang='lat' dir='ltr'><strong>ma·</strong></span> 
     </span>
     <span class='ocr_line' id='line_1_16' title="bbox 773 2256 3606 2344; baseline 0 -19"><span class='ocrx_word' id='word_1_141' title='bbox 773 2261 1026 2344; x_wconf 86' lang='lat' dir='ltr'><strong>gisterii</strong></span> <span class='ocrx_word' id='word_1_142' title='bbox 1066 2260 1171 2324; x_wconf 90' lang='lat' dir='ltr'><strong>vel</strong></span> <span class='ocrx_word' id='word_1_143' title='bbox 1213 2282 1488 2325; x_wconf 85' lang='lat' dir='ltr'><strong>examen</strong></span> <span class='ocrx_word' id='word_1_144' title='bbox 1531 2282 1616 2324; x_wconf 87' lang='lat' dir='ltr'><strong>ex</strong></span> <span class='ocrx_word' id='word_1_145' title='bbox 1658 2282 1859 2325; x_wconf 90' lang='lat' dir='ltr'><strong>causa</strong></span> <span class='ocrx_word' id='word_1_146' title='bbox 1900 2258 2283 2325; x_wconf 89' lang='lat' dir='ltr'><strong>racionabili</strong></span> <span class='ocrx_word' id='word_1_147' title='bbox 2324 2281 2454 2324; x_wconf 92' lang='lat' dir='ltr'><strong>non</strong></span> <span class='ocrx_word' id='word_1_148' title='bbox 2512 2256 2808 2341; x_wconf 83' lang='lat' dir='ltr'><strong>admisit,</strong></span> <span class='ocrx_word' id='word_1_149' title='bbox 2893 2257 3000 2323; x_wconf 89' lang='lat' dir='ltr'><strong>vel</strong></span> <span class='ocrx_word' id='word_1_150' title='bbox 3062 2261 3269 2325; x_wconf 87' lang='lat' dir='ltr'><strong>eciam</strong></span> <span class='ocrx_word' id='word_1_151' title='bbox 3335 2260 3606 2325; x_wconf 87' lang='lat' dir='ltr'><strong>eundem</strong></span> 
     </span>
     <span class='ocr_line' id='line_1_17' title="bbox 692 2307 3606 2446; baseline -0 -22"><span class='ocrx_word' id='word_1_152' title='bbox 692 2369 752 2424; x_wconf 82' lang='lat'><strong>15</strong></span> <span class='ocrx_word' id='word_1_153' title='bbox 772 2361 956 2424; x_wconf 87' lang='lat' dir='ltr'><strong>iuxta</strong></span> <span class='ocrx_word' id='word_1_154' title='bbox 998 2360 1468 2425; x_wconf 80' lang='lat' dir='ltr'><strong>conscienciam</strong></span> <span class='ocrx_word' id='word_1_155' title='bbox 1511 2381 1698 2424; x_wconf 89' lang='lat' dir='ltr'><strong>suam</strong></span> <span class='ocrx_word' id='word_1_156' title='bbox 1740 2368 1805 2424; x_wconf 89' lang='lat' dir='ltr'><strong>et</strong></span> <span class='ocrx_word' id='word_1_157' title='bbox 1846 2361 2279 2424; x_wconf 85' lang='lat' dir='ltr'><strong>iuramentum</strong></span> <span class='ocrx_word' id='word_1_158' title='bbox 2321 2356 2664 2444; x_wconf 85' lang='lat' dir='ltr'><strong>impedivit</strong></span> <span class='ocrx_word' id='word_1_159' title='bbox 2716 2307 2820 2422; x_wconf 83' lang='lat' dir='ltr'><strong>vel</strong></span> <span class='ocrx_word' id='word_1_160' title='bbox 2876 2367 3209 2446; x_wconf 88' lang='lat' dir='ltr'><strong>tamqnam</strong></span> <span class='ocrx_word' id='word_1_161' title='bbox 3266 2358 3606 2444; x_wconf 84' lang='lat' dir='ltr'><strong>indignum</strong></span> 
     </span>
     <span class='ocr_line' id='line_1_18' title="bbox 771 2438 3605 2545; baseline -0 -21"><span class='ocrx_word' id='word_1_162' title='bbox 771 2460 1015 2524; x_wconf 85' lang='lat' dir='ltr'><strong>reiecit.</strong></span> <span class='ocrx_word' id='word_1_163' title='bbox 1100 2459 1515 2527; x_wconf 77' lang='lat' dir='ltr'><strong>Contrarium</strong></span> <span class='ocrx_word' id='word_1_164' title='bbox 1557 2459 1802 2523; x_wconf 85' lang='lat' dir='ltr'><strong>faciens</strong></span> <span class='ocrx_word' id='word_1_165' title='bbox 1844 2438 2013 2524; x_wconf 83' lang='lat' dir='ltr'><strong>ultra</strong></span> <span class='ocrx_word' id='word_1_166' title='bbox 2057 2468 2309 2523; x_wconf 88' lang='lat' dir='ltr'><strong>reatum</strong></span> <span class='ocrx_word' id='word_1_167' title='bbox 2349 2458 2636 2545; x_wconf 89' lang='lat' dir='ltr'><strong>periurii,</strong></span> <span class='ocrx_word' id='word_1_168' title='bbox 2694 2456 2869 2544; x_wconf 90' lang='lat' dir='ltr'><strong>quod</strong></span> <span class='ocrx_word' id='word_1_169' title='bbox 2909 2458 3056 2545; x_wconf 89' lang='lat' dir='ltr'><strong>ipso</strong></span> <span class='ocrx_word' id='word_1_170' title='bbox 3098 2459 3272 2523; x_wconf 86' lang='lat' dir='ltr'><strong>facto</strong></span> <span class='ocrx_word' id='word_1_171' title='bbox 3316 2460 3605 2541; x_wconf 76' lang='lat' dir='ltr'><strong>incurrit,</strong></span> 
     </span>
     <span class='ocr_line' id='line_1_19' title="bbox 773 2555 3607 2644; baseline -0.001 -21"><span class='ocrx_word' id='word_1_172' title='bbox 773 2568 838 2623; x_wconf 92' lang='lat' dir='ltr'><strong>et</strong></span> <span class='ocrx_word' id='word_1_173' title='bbox 879 2569 1134 2623; x_wconf 88' lang='lat' dir='ltr'><strong>centum</strong></span> <span class='ocrx_word' id='word_1_174' title='bbox 1177 2557 1570 2624; x_wconf 88' lang='lat' dir='ltr'><strong>florenorum</strong></span> <span class='ocrx_word' id='word_1_175' title='bbox 1612 2579 1908 2644; x_wconf 88' lang='lat' dir='ltr'><strong>poenam,</strong></span> <span class='ocrx_word' id='word_1_176' title='bbox 1966 2579 2245 2643; x_wconf 91' lang='lat' dir='ltr'><strong>quorum</strong></span> <span class='ocrx_word' id='word_1_177' title='bbox 2286 2555 2599 2621; x_wconf 86' lang='lat' dir='ltr'><strong>medietas</strong></span> <span class='ocrx_word' id='word_1_178' title='bbox 2654 2556 2846 2621; x_wconf 89' lang='lat' dir='ltr'><strong>cedat</strong></span> <span class='ocrx_word' id='word_1_179' title='bbox 2897 2556 2991 2621; x_wconf 88' lang='lat' dir='ltr'><strong>illi</strong></span> <span class='ocrx_word' id='word_1_180' title='bbox 3049 2556 3154 2622; x_wconf 85' lang='lat' dir='ltr'><strong>vel</strong></span> <span class='ocrx_word' id='word_1_181' title='bbox 3194 2556 3357 2640; x_wconf 89' lang='lat' dir='ltr'><strong>illis,</strong></span> <span class='ocrx_word' id='word_1_182' title='bbox 3422 2579 3607 2644; x_wconf 88' lang='lat' dir='ltr'><strong>quem</strong></span> 
     </span>
     <span class='ocr_line' id='line_1_20' title="bbox 778 2654 3607 2744; baseline -0.001 -20"><span class='ocrx_word' id='word_1_183' title='bbox 778 2658 884 2724; x_wconf 91' lang='lat' dir='ltr'><strong>vel</strong></span> <span class='ocrx_word' id='word_1_184' title='bbox 927 2679 1091 2744; x_wconf 90' lang='lat' dir='ltr'><strong>quos</strong></span> <span class='ocrx_word' id='word_1_185' title='bbox 1135 2658 1230 2723; x_wconf 91' lang='lat' dir='ltr'><strong>sic</strong></span> <span class='ocrx_word' id='word_1_186' title='bbox 1274 2658 1527 2744; x_wconf 91' lang='lat' dir='ltr'><strong>impetit</strong></span> <span class='ocrx_word' id='word_1_187' title='bbox 1569 2667 1682 2721; x_wconf 86' lang='lat' dir='ltr'><strong>aut</strong></span> <span class='ocrx_word' id='word_1_188' title='bbox 1723 2655 2044 2738; x_wconf 89' lang='lat' dir='ltr'><strong>molestat,</strong></span> <span class='ocrx_word' id='word_1_189' title='bbox 2087 2655 2219 2721; x_wconf 89' lang='lat' dir='ltr'><strong>alia</strong></span> <span class='ocrx_word' id='word_1_190' title='bbox 2262 2654 2573 2720; x_wconf 85' lang='lat' dir='ltr'><strong>medietas</strong></span> <span class='ocrx_word' id='word_1_191' title='bbox 2619 2654 2812 2720; x_wconf 86' lang='lat' dir='ltr'><strong>cedat</strong></span> <span class='ocrx_word' id='word_1_192' title='bbox 2847 2656 3161 2739; x_wconf 81' lang='lat' dir='ltr'><strong>facultati,</strong></span> <span class='ocrx_word' id='word_1_193' title='bbox 3214 2658 3424 2721; x_wconf 86' lang='lat' dir='ltr'><strong>eciam</strong></span> <span class='ocrx_word' id='word_1_194' title='bbox 3447 2679 3607 2743; x_wconf 84' lang='lat' dir='ltr'><strong>,per-</strong></span> 
     </span>
     <span class='ocr_line' id='line_1_21' title="bbox 774 2754 3605 2873; baseline -0.001 -50"><span class='ocrx_word' id='word_1_195' title='bbox 774 2766 979 2873; x_wconf 39' lang='lat' dir='ltr'><strong>petue.</strong></span> <span class='ocrx_word' id='word_1_196' title='bbox 1022 2779 1063 2821; x_wconf 89' lang='lat' dir='ltr'><strong>a</strong></span> <span class='ocrx_word' id='word_1_197' title='bbox 1117 2755 1426 2821; x_wconf 87' lang='lat' dir='ltr'><strong>facultate</strong></span> <span class='ocrx_word' id='word_1_198' title='bbox 1483 2757 1732 2820; x_wconf 90' lang='lat' dir='ltr'><strong>arcium</strong></span> <span class='ocrx_word' id='word_1_199' title='bbox 1774 2757 1859 2820; x_wconf 91' lang='lat' dir='ltr'><strong>sit</strong></span> <span class='ocrx_word' id='word_1_200' title='bbox 1902 2754 2225 2821; x_wconf 87' lang='lat' dir='ltr'><strong>exclusus.</strong></span> <span class='ocrx_word' id='word_1_201' title='bbox 2312 2755 2596 2821; x_wconf 84' lang='lat' dir='ltr'><strong>Tenetur</strong></span> <span class='ocrx_word' id='word_1_202' title='bbox 2637 2756 2843 2819; x_wconf 84' lang='lat' dir='ltr'><strong>eciam</strong></span> <span class='ocrx_word' id='word_1_203' title='bbox 2885 2755 3161 2822; x_wconf 78' lang='lat' dir='ltr'><strong>facultas</strong></span> <span class='ocrx_word' id='word_1_204' title='bbox 3202 2756 3299 2821; x_wconf 89' lang='lat' dir='ltr'><strong>illi</strong></span> <span class='ocrx_word' id='word_1_205' title='bbox 3330 2754 3438 2822; x_wconf 86' lang='lat' dir='ltr'><strong>vel</strong></span> <span class='ocrx_word' id='word_1_206' title='bbox 3464 2755 3605 2838; x_wconf 88' lang='lat' dir='ltr'><strong>illis,</strong></span> 
     </span>
     <span class='ocr_line' id='line_1_22' title="bbox 689 2833 3607 2946; baseline -0.001 -23"><span class='ocrx_word' id='word_1_207' title='bbox 689 2868 758 2923; x_wconf 88' lang='grc'><strong>20</strong></span> <span class='ocrx_word' id='word_1_208' title='bbox 776 2858 889 2946; x_wconf 90' lang='lat' dir='ltr'><strong>qui</strong></span> <span class='ocrx_word' id='word_1_209' title='bbox 929 2857 1024 2921; x_wconf 90' lang='lat' dir='ltr'><strong>sic</strong></span> <span class='ocrx_word' id='word_1_210' title='bbox 1065 2856 1399 2942; x_wconf 87' lang='lat' dir='ltr'><strong>impetitur</strong></span> <span class='ocrx_word' id='word_1_211' title='bbox 1442 2865 1553 2919; x_wconf 89' lang='lat' dir='ltr'><strong>aut</strong></span> <span class='ocrx_word' id='word_1_212' title='bbox 1594 2857 2008 2942; x_wconf 89' lang='lat' dir='ltr'><strong>impetuntur,</strong></span> <span class='ocrx_word' id='word_1_213' title='bbox 2053 2854 2431 2920; x_wconf 86' lang='lat' dir='ltr'><strong>molestatur</strong></span> <span class='ocrx_word' id='word_1_214' title='bbox 2474 2863 2588 2919; x_wconf 89' lang='lat' dir='ltr'><strong>aut</strong></span> <span class='ocrx_word' id='word_1_215' title='bbox 2629 2833 3084 2938; x_wconf 85' lang='lat' dir='ltr'><strong>molestantur,</strong></span> <span class='ocrx_word' id='word_1_216' title='bbox 3144 2855 3412 2920; x_wconf 86' lang='lat' dir='ltr'><strong>realiter</strong></span> <span class='ocrx_word' id='word_1_217' title='bbox 3466 2877 3607 2919; x_wconf 87' lang='lat' dir='ltr'><strong>cum</strong></span> 
     </span>
     <span class='ocr_line' id='line_1_23' title="bbox 775 2952 3608 3042; baseline -0.001 -21"><span class='ocrx_word' id='word_1_218' title='bbox 775 2956 1006 3022; x_wconf 86' lang='lat' dir='ltr'><strong>effectu</strong></span> <span class='ocrx_word' id='word_1_219' title='bbox 1049 2956 1384 3035; x_wconf 85' lang='lat' dir='ltr'><strong>assistere,</strong></span> <span class='ocrx_word' id='word_1_220' title='bbox 1449 2963 1547 3036; x_wconf 91' lang='lat' dir='ltr'><strong>et,</strong></span> <span class='ocrx_word' id='word_1_221' title='bbox 1615 2955 1671 3018; x_wconf 91' lang='lat' dir='ltr'><strong>si</strong></span> <span class='ocrx_word' id='word_1_222' title='bbox 1715 2976 1878 3040; x_wconf 91' lang='lat' dir='ltr'><strong>opus</strong></span> <span class='ocrx_word' id='word_1_223' title='bbox 1921 2955 2151 3034; x_wconf 85' lang='lat' dir='ltr'><strong>fuerit,</strong></span> <span class='ocrx_word' id='word_1_224' title='bbox 2195 2955 2400 3017; x_wconf 85' lang='lat' dir='ltr'><strong>eciam</strong></span> <span class='ocrx_word' id='word_1_225' title='bbox 2446 2952 2567 3018; x_wconf 92' lang='lat' dir='ltr'><strong>sub</strong></span> <span class='ocrx_word' id='word_1_226' title='bbox 2607 2955 2915 3038; x_wconf 88' lang='lat' dir='ltr'><strong>expensis</strong></span> <span class='ocrx_word' id='word_1_227' title='bbox 2953 2952 3279 3020; x_wconf 83' lang='lat' dir='ltr'><strong>facultatis</strong></span> <span class='ocrx_word' id='word_1_228' title='bbox 3321 2956 3608 3042; x_wconf 81' lang='lat' dir='ltr'><strong>propriis</strong></span> 
     </span>
     <span class='ocr_line' id='line_1_24' title="bbox 774 3049 3607 3142; baseline -0.001 -22"><span class='ocrx_word' id='word_1_229' title='bbox 774 3054 1048 3122; x_wconf 88' lang='lat' dir='ltr'><strong>eundem</strong></span> <span class='ocrx_word' id='word_1_230' title='bbox 1083 3051 1185 3118; x_wconf 90' lang='lat' dir='ltr'><strong>vel</strong></span> <span class='ocrx_word' id='word_1_231' title='bbox 1225 3051 1505 3134; x_wconf 88' lang='lat' dir='ltr'><strong>eosdem,</strong></span> <span class='ocrx_word' id='word_1_232' title='bbox 1549 3053 1755 3117; x_wconf 89' lang='lat' dir='ltr'><strong>eciam</strong></span> <span class='ocrx_word' id='word_1_233' title='bbox 1802 3075 1845 3117; x_wconf 92' lang='lat' dir='ltr'><strong>a</strong></span> <span class='ocrx_word' id='word_1_234' title='bbox 1884 3051 2393 3138; x_wconf 89' lang='lat' dir='ltr'><strong>quibuscunque,</strong></span> <span class='ocrx_word' id='word_1_235' title='bbox 2437 3052 2588 3117; x_wconf 89' lang='lat' dir='ltr'><strong>totis</strong></span> <span class='ocrx_word' id='word_1_236' title='bbox 2627 3049 2879 3117; x_wconf 88' lang='lat' dir='ltr'><strong>viribus</strong></span> <span class='ocrx_word' id='word_1_237' title='bbox 2906 3052 3246 3121; x_wconf 78' lang='lat' dir='ltr'><strong>defensare</strong></span> <span class='ocrx_word' id='word_1_238' title='bbox 3282 3066 3366 3138; x_wconf 91' lang='lat' dir='ltr'><strong>et,</strong></span> <span class='ocrx_word' id='word_1_239' title='bbox 3413 3077 3607 3142; x_wconf 88' lang='lat' dir='ltr'><strong>quan·</strong></span> 
     </span>
    </p>

    <p class='ocr_par' dir='ltr' id='par_1_11' title="bbox 772 3149 2877 3240">
     <span class='ocr_line' id='line_1_25' title="bbox 772 3149 2877 3240; baseline -0.002 -20"><span class='ocrx_word' id='word_1_240' title='bbox 772 3164 908 3220; x_wconf 91' lang='lat' dir='ltr'><strong>tum</strong></span> <span class='ocrx_word' id='word_1_241' title='bbox 949 3155 1018 3219; x_wconf 90' lang='lat' dir='ltr'><strong>in</strong></span> <span class='ocrx_word' id='word_1_242' title='bbox 1058 3154 1182 3218; x_wconf 90' lang='lat' dir='ltr'><strong>ea¹</strong></span> <span class='ocrx_word' id='word_1_243' title='bbox 1220 3150 1433 3235; x_wconf 87' lang='lat' dir='ltr'><strong>fuerit,</strong></span> <span class='ocrx_word' id='word_1_244' title='bbox 1470 3173 1848 3219; x_wconf 85' lang='lat' dir='ltr'><strong>assecurare</strong></span> <span class='ocrx_word' id='word_1_245' title='bbox 1885 3172 2138 3218; x_wconf 88' lang='lat' dir='ltr'><strong>necnon</strong></span> <span class='ocrx_word' id='word_1_246' title='bbox 2176 3150 2462 3218; x_wconf 82' lang='lat' dir='ltr'><strong>totaliter</strong></span> <span class='ocrx_word' id='word_1_247' title='bbox 2506 3149 2877 3240; x_wconf 87' lang='lat' dir='ltr'><strong>exbrigare.</strong></span> 
     </span>
    </p>
   </div>
   <div class='ocr_carea' id='block_1_6' title="bbox 855 3359 3531 3517">
    <p class='ocr_par' dir='ltr' id='par_1_12' title="bbox 855 3359 3531 3517">
     <span class='ocr_line' id='line_1_26' title="bbox 855 3359 3531 3431; baseline -0.001 -9"><span class='ocrx_word' id='word_1_248' title='bbox 855 3359 953 3422; x_wconf 97' lang='grc'><strong>20</strong></span> <span class='ocrx_word' id='word_1_249' title='bbox 996 3369 1190 3431; x_wconf 75' lang='lat' dir='ltr'><strong>quon</strong></span> <span class='ocrx_word' id='word_1_250' title='bbox 1230 3368 1302 3417; x_wconf 79' lang='lat' dir='ltr'><strong>m</strong></span> <span class='ocrx_word' id='word_1_251' title='bbox 1343 3367 1656 3417; x_wconf 70' lang='lat' dir='ltr'><strong>snm</strong></span> <span class='ocrx_word' id='word_1_252' title='bbox 1695 3368 1964 3417; x_wconf 69' lang='lat' dir='ltr'><strong>nonum</strong></span> <span class='ocrx_word' id='word_1_253' title='bbox 1987 3368 2317 3418; x_wconf 66' lang='lat' dir='ltr'><strong>mersam</strong></span> <span class='ocrx_word' id='word_1_254' title='bbox 2362 3368 2737 3417; x_wconf 65' lang='lat' dir='ltr'><strong>&#39;tammus</strong></span> <span class='ocrx_word' id='word_1_255' title='bbox 2779 3369 3141 3418; x_wconf 62' lang='lat' dir='ltr'><strong>arvitam</strong></span> <span class='ocrx_word' id='word_1_256' title='bbox 3182 3370 3531 3420; x_wconf 66' lang='lat' dir='ltr'><strong>uxonssns</strong></span> 
     </span>
     <span class='ocr_line' id='line_1_27' title="bbox 1848 3451 2560 3517; baseline 0 -1"><span class='ocrx_word' id='word_1_257' title='bbox 1848 3468 2512 3517; x_wconf 72' lang='lat' dir='ltr'><strong>molsrmnonuu.</strong></span> <span class='ocrx_word' id='word_1_258' title='bbox 2535 3451 2560 3492; x_wconf 85' lang='lat'><strong>²</strong></span> 
     </span>
    </p>
   </div>
   <div class='ocr_carea' id='block_1_7' title="bbox 689 3599 3609 3985">
    <p class='ocr_par' dir='ltr' id='par_1_13' title="bbox 689 3599 3609 3985">
     <span class='ocr_line' id='line_1_28' title="bbox 689 3599 3609 3687; baseline 0 -19"><span class='ocrx_word' id='word_1_259' title='bbox 689 3612 756 3668; x_wconf 88' lang='grc'><strong>25</strong></span> <span class='ocrx_word' id='word_1_260' title='bbox 939 3599 1228 3681; x_wconf 79' lang='lat' dir='ltr'><strong>Quilibet</strong></span> <span class='ocrx_word' id='word_1_261' title='bbox 1268 3602 1723 3687; x_wconf 86' lang='lat' dir='ltr'><strong>magistrorum</strong></span> <span class='ocrx_word' id='word_1_262' title='bbox 1764 3599 1843 3665; x_wconf 91' lang='lat' dir='ltr'><strong>de</strong></span> <span class='ocrx_word' id='word_1_263' title='bbox 1889 3600 2157 3665; x_wconf 87' lang='lat' dir='ltr'><strong>consilio</strong></span> <span class='ocrx_word' id='word_1_264' title='bbox 2214 3600 2576 3684; x_wconf 86' lang='lat' dir='ltr'><strong>facultatis,</strong></span> <span class='ocrx_word' id='word_1_265' title='bbox 2645 3622 2760 3687; x_wconf 91' lang='lat' dir='ltr'><strong>per</strong></span> <span class='ocrx_word' id='word_1_266' title='bbox 2819 3599 3128 3667; x_wconf 87' lang='lat' dir='ltr'><strong>decanum</strong></span> <span class='ocrx_word' id='word_1_267' title='bbox 3186 3605 3254 3668; x_wconf 89' lang='lat' dir='ltr'><strong>in</strong></span> <span class='ocrx_word' id='word_1_268' title='bbox 3314 3605 3609 3669; x_wconf 87' lang='lat' dir='ltr'><strong>examine</strong></span> 
     </span>
     <span class='ocr_line' id='line_1_29' title="bbox 774 3697 3606 3789; baseline 0.001 -23"><span class='ocrx_word' id='word_1_269' title='bbox 774 3722 1025 3767; x_wconf 89' lang='lat' dir='ltr'><strong>morum</strong></span> <span class='ocrx_word' id='word_1_270' title='bbox 1066 3700 1433 3786; x_wconf 85' lang='lat' dir='ltr'><strong>requisitus,</strong></span> <span class='ocrx_word' id='word_1_271' title='bbox 1475 3710 1727 3764; x_wconf 88' lang='lat' dir='ltr'><strong>tenetur</strong></span> <span class='ocrx_word' id='word_1_272' title='bbox 1768 3698 2060 3765; x_wconf 86' lang='lat' dir='ltr'><strong>revelare</strong></span> <span class='ocrx_word' id='word_1_273' title='bbox 2103 3722 2407 3765; x_wconf 89' lang='lat' dir='ltr'><strong>excessus</strong></span> <span class='ocrx_word' id='word_1_274' title='bbox 2449 3697 2767 3766; x_wconf 90' lang='lat' dir='ltr'><strong>notabiles</strong></span> <span class='ocrx_word' id='word_1_275' title='bbox 2813 3709 2877 3764; x_wconf 87' lang='lat' dir='ltr'><strong>et</strong></span> <span class='ocrx_word' id='word_1_276' title='bbox 2915 3700 3418 3769; x_wconf 87' lang='lat' dir='ltr'><strong>insufficiencias</strong></span> <span class='ocrx_word' id='word_1_277' title='bbox 3461 3725 3606 3789; x_wconf 90' lang='lat' dir='ltr'><strong>pro-</strong></span> 
     </span>
     <span class='ocr_line' id='line_1_30' title="bbox 776 3798 3607 3885; baseline -0 -19"><span class='ocrx_word' id='word_1_278' title='bbox 776 3799 1236 3866; x_wconf 87' lang='lat' dir='ltr'><strong>movendorum</strong></span> <span class='ocrx_word' id='word_1_279' title='bbox 1279 3808 1344 3863; x_wconf 88' lang='lat' dir='ltr'><strong>et</strong></span> <span class='ocrx_word' id='word_1_280' title='bbox 1380 3799 1730 3885; x_wconf 90' lang='lat' dir='ltr'><strong>praecipue</strong></span> <span class='ocrx_word' id='word_1_281' title='bbox 1775 3798 2400 3884; x_wconf 83' lang='lat' dir='ltr'><strong>magistrandorum,</strong></span> <span class='ocrx_word' id='word_1_282' title='bbox 2466 3801 2519 3864; x_wconf 92' lang='lat' dir='ltr'><strong>si</strong></span> <span class='ocrx_word' id='word_1_283' title='bbox 2565 3798 2690 3863; x_wconf 88' lang='lat' dir='ltr'><strong>sibi</strong></span> <span class='ocrx_word' id='word_1_284' title='bbox 2732 3808 3064 3884; x_wconf 88' lang='lat' dir='ltr'><strong>constent,</strong></span> <span class='ocrx_word' id='word_1_285' title='bbox 3119 3800 3239 3867; x_wconf 89' lang='lat' dir='ltr'><strong>sub</strong></span> <span class='ocrx_word' id='word_1_286' title='bbox 3281 3823 3399 3866; x_wconf 90' lang='lat' dir='ltr'><strong>suo</strong></span> <span class='ocrx_word' id='word_1_287' title='bbox 3441 3804 3607 3866; x_wconf 86' lang='lat' dir='ltr'><strong>iura-</strong></span> 
     </span>
     <span class='ocr_line' id='line_1_31' title="bbox 777 3897 2821 3985; baseline -0.001 -20"><span class='ocrx_word' id='word_1_288' title='bbox 777 3909 1010 3983; x_wconf 90' lang='lat' dir='ltr'><strong>mento,</strong></span> <span class='ocrx_word' id='word_1_289' title='bbox 1055 3920 1220 3985; x_wconf 91' lang='lat' dir='ltr'><strong>quae</strong></span> <span class='ocrx_word' id='word_1_290' title='bbox 1262 3899 1330 3963; x_wconf 92' lang='lat' dir='ltr'><strong>in</strong></span> <span class='ocrx_word' id='word_1_291' title='bbox 1367 3898 1810 3963; x_wconf 87' lang='lat' dir='ltr'><strong>confusionem</strong></span> <span class='ocrx_word' id='word_1_292' title='bbox 1847 3897 2178 3964; x_wconf 87' lang='lat' dir='ltr'><strong>facultatis</strong></span> <span class='ocrx_word' id='word_1_293' title='bbox 2224 3920 2496 3985; x_wconf 83' lang='lat' dir='ltr'><strong>vergere</strong></span> <span class='ocrx_word' id='word_1_294' title='bbox 2534 3906 2821 3984; x_wconf 88' lang='lat' dir='ltr'><strong>possent.</strong></span> 
     </span>
    </p>
   </div>
   <div class='ocr_carea' id='block_1_8' title="bbox 1647 4063 2737 4149">
    <p class='ocr_par' dir='ltr' id='par_1_14' title="bbox 1647 4063 2737 4149">
     <span class='ocr_line' id='line_1_32' title="bbox 1647 4063 2737 4149; baseline 0 -20"><span class='ocrx_word' id='word_1_295' title='bbox 1647 4068 1747 4129; x_wconf 86' lang='lat'><strong>21.</strong></span> <span class='ocrx_word' id='word_1_296' title='bbox 1801 4063 2029 4149; x_wconf 88' lang='lat' dir='ltr'><strong>Lege</strong></span> <span class='ocrx_word' id='word_1_297' title='bbox 2050 4075 2183 4129; x_wconf 92' lang='lat' dir='ltr'><strong>tur</strong></span> <span class='ocrx_word' id='word_1_298' title='bbox 2238 4065 2686 4149; x_wconf 87' lang='lat' dir='ltr'><strong>magistris.</strong></span> <span class='ocrx_word' id='word_1_299' title='bbox 2712 4065 2737 4107; x_wconf 78' lang='lat'>³</span> 
     </span>
    </p>
   </div>
   <div class='ocr_carea' id='block_1_9' title="bbox 691 4195 3613 4463">
    <p class='ocr_par' dir='ltr' id='par_1_15' title="bbox 691 4195 3613 4463">
     <span class='ocr_line' id='line_1_33' title="bbox 691 4195 3608 4282; baseline -0.001 -16"><span class='ocrx_word' id='word_1_300' title='bbox 691 4211 761 4266; x_wconf 88' lang='grc'><strong>30</strong></span> <span class='ocrx_word' id='word_1_301' title='bbox 936 4197 1026 4262; x_wconf 80' lang='lat' dir='ltr'><strong>Et</strong></span> <span class='ocrx_word' id='word_1_302' title='bbox 1077 4199 1145 4261; x_wconf 89' lang='lat' dir='ltr'><strong>in</strong></span> <span class='ocrx_word' id='word_1_303' title='bbox 1188 4195 1416 4262; x_wconf 87' lang='lat' dir='ltr'><strong>eodem</strong></span> <span class='ocrx_word' id='word_1_304' title='bbox 1461 4196 1757 4261; x_wconf 83' lang='lat' dir='ltr'><strong>examine</strong></span> <span class='ocrx_word' id='word_1_305' title='bbox 1812 4217 2063 4261; x_wconf 86' lang='lat' dir='ltr'><strong>morum</strong></span> <span class='ocrx_word' id='word_1_306' title='bbox 2118 4195 2387 4282; x_wconf 86' lang='lat' dir='ltr'><strong>quilibet</strong></span> <span class='ocrx_word' id='word_1_307' title='bbox 2448 4197 2763 4282; x_wconf 89' lang='lat' dir='ltr'><strong>magister</strong></span> <span class='ocrx_word' id='word_1_308' title='bbox 2830 4195 2911 4260; x_wconf 91' lang='lat' dir='ltr'><strong>de</strong></span> <span class='ocrx_word' id='word_1_309' title='bbox 2963 4195 3232 4262; x_wconf 87' lang='lat' dir='ltr'><strong>consilio</strong></span> <span class='ocrx_word' id='word_1_310' title='bbox 3285 4196 3608 4263; x_wconf 86' lang='lat' dir='ltr'><strong>facultatis</strong></span> 
     </span>
     <span class='ocr_line' id='line_1_34' title="bbox 777 4294 3613 4386; baseline 0 -24"><span class='ocrx_word' id='word_1_311' title='bbox 777 4300 1113 4386; x_wconf 88' lang='lat' dir='ltr'><strong>promittat</strong></span> <span class='ocrx_word' id='word_1_312' title='bbox 1155 4296 1240 4361; x_wconf 93' lang='lat' dir='ltr'><strong>ad</strong></span> <span class='ocrx_word' id='word_1_313' title='bbox 1282 4318 1510 4359; x_wconf 88' lang='lat' dir='ltr'><strong>manus</strong></span> <span class='ocrx_word' id='word_1_314' title='bbox 1553 4294 1784 4359; x_wconf 89' lang='lat' dir='ltr'><strong>decani</strong></span> <span class='ocrx_word' id='word_1_315' title='bbox 1827 4294 1909 4360; x_wconf 88' lang='lat' dir='ltr'><strong>de</strong></span> <span class='ocrx_word' id='word_1_316' title='bbox 1955 4294 2228 4361; x_wconf 87' lang='lat' dir='ltr'><strong>celando</strong></span> <span class='ocrx_word' id='word_1_317' title='bbox 2275 4294 2395 4361; x_wconf 91' lang='lat' dir='ltr'><strong>sub</strong></span> <span class='ocrx_word' id='word_1_318' title='bbox 2468 4294 2685 4360; x_wconf 90' lang='lat' dir='ltr'><strong>debito</strong></span> <span class='ocrx_word' id='word_1_319' title='bbox 2743 4297 3039 4382; x_wconf 89' lang='lat' dir='ltr'><strong>praestiti</strong></span> <span class='ocrx_word' id='word_1_320' title='bbox 3103 4296 3483 4382; x_wconf 87' lang='lat' dir='ltr'><strong>iuramenti,</strong></span> <span class='ocrx_word' id='word_1_321' title='bbox 3549 4307 3613 4362; x_wconf 83' lang='lat' dir='ltr'><strong>et</strong></span> 
     </span>
     <span class='ocr_line' id='line_1_35' title="bbox 776 4393 1721 4463; baseline -0.005 0"><span class='ocrx_word' id='word_1_322' title='bbox 776 4397 1057 4463; x_wconf 86' lang='lat' dir='ltr'><strong>decanus</strong></span> <span class='ocrx_word' id='word_1_323' title='bbox 1103 4396 1340 4462; x_wconf 89' lang='lat' dir='ltr'><strong>seniori</strong></span> <span class='ocrx_word' id='word_1_324' title='bbox 1378 4393 1721 4459; x_wconf 86' lang='lat' dir='ltr'><strong>facultatis.</strong></span> 
     </span>
    </p>
   </div>
   <div class='ocr_carea' id='block_1_10' title="bbox 779 4558 3608 4748">
    <p class='ocr_par' dir='ltr' id='par_1_16' title="bbox 779 4558 3608 4748">
     <span class='ocr_line' id='line_1_36' title="bbox 779 4558 3608 4650; baseline 0 -23"><span class='ocrx_word' id='word_1_325' title='bbox 779 4560 899 4650; x_wconf 93' lang='lat' dir='ltr'><strong>[Bl.</strong></span> <span class='ocrx_word' id='word_1_326' title='bbox 941 4559 1082 4649; x_wconf 73' lang='lat'><strong>26¹³]</strong></span> <span class='ocrx_word' id='word_1_327' title='bbox 1138 4567 1238 4631; x_wconf 85' lang='lat'><strong>22.</strong></span> <span class='ocrx_word' id='word_1_328' title='bbox 1283 4559 1797 4646; x_wconf 86' lang='lat' dir='ltr'><strong>Subscripta</strong></span> <span class='ocrx_word' id='word_1_329' title='bbox 1835 4558 2010 4645; x_wconf 85' lang='lat' dir='ltr'><strong>legi</strong></span> <span class='ocrx_word' id='word_1_330' title='bbox 2055 4559 2355 4625; x_wconf 85' lang='lat' dir='ltr'><strong>debent</strong></span> <span class='ocrx_word' id='word_1_331' title='bbox 2390 4558 2872 4626; x_wconf 79' lang='lat' dir='ltr'><strong>licentiatis</strong></span> <span class='ocrx_word' id='word_1_332' title='bbox 2909 4563 2988 4625; x_wconf 87' lang='lat' dir='ltr'><strong>in</strong></span> <span class='ocrx_word' id='word_1_333' title='bbox 3028 4559 3360 4627; x_wconf 86' lang='lat' dir='ltr'><strong>artibus</strong></span> <span class='ocrx_word' id='word_1_334' title='bbox 3401 4571 3608 4627; x_wconf 84' lang='lat' dir='ltr'><strong>tem-</strong></span> 
     </span>
     <span class='ocr_line' id='line_1_37' title="bbox 1057 4657 3321 4748; baseline -0 -22"><span class='ocrx_word' id='word_1_335' title='bbox 1057 4683 1264 4748; x_wconf 87' lang='lat' dir='ltr'><strong>pore</strong></span> <span class='ocrx_word' id='word_1_336' title='bbox 1304 4658 1659 4747; x_wconf 87' lang='lat' dir='ltr'><strong>petendi</strong></span> <span class='ocrx_word' id='word_1_337' title='bbox 1696 4658 2081 4724; x_wconf 86' lang='lat' dir='ltr'><strong>favorem</strong></span> <span class='ocrx_word' id='word_1_338' title='bbox 2125 4657 2620 4746; x_wconf 84' lang='lat' dir='ltr'><strong>incipiendi,</strong></span> <span class='ocrx_word' id='word_1_339' title='bbox 2666 4680 2869 4746; x_wconf 88' lang='lat' dir='ltr'><strong>quae</strong></span> <span class='ocrx_word' id='word_1_340' title='bbox 2909 4659 3321 4725; x_wconf 87' lang='lat' dir='ltr'><strong>iurabunt.</strong></span> 
     </span>
    </p>
   </div>
   <div class='ocr_carea' id='block_1_11' title="bbox 691 4789 3606 4980">
    <p class='ocr_par' dir='ltr' id='par_1_17' title="bbox 691 4789 3606 4980">
     <span class='ocr_line' id='line_1_38' title="bbox 691 4789 3605 4881; baseline -0.001 -19"><span class='ocrx_word' id='word_1_341' title='bbox 691 4806 758 4862; x_wconf 86' lang='lat'><strong>35</strong></span> <span class='ocrx_word' id='word_1_342' title='bbox 943 4794 1131 4881; x_wconf 83' lang='lat' dir='ltr'><strong>„Ego</strong></span> <span class='ocrx_word' id='word_1_343' title='bbox 1181 4793 1278 4858; x_wconf 89' lang='lat' dir='ltr'><strong>.N.</strong></span> <span class='ocrx_word' id='word_1_344' title='bbox 1323 4793 1467 4857; x_wconf 88' lang='lat' dir='ltr'><strong>iuro</strong></span> <span class='ocrx_word' id='word_1_345' title='bbox 1513 4791 1759 4857; x_wconf 88' lang='lat' dir='ltr'><strong>decano</strong></span> <span class='ocrx_word' id='word_1_346' title='bbox 1804 4800 1868 4856; x_wconf 91' lang='lat' dir='ltr'><strong>et</strong></span> <span class='ocrx_word' id='word_1_347' title='bbox 1907 4793 2143 4857; x_wconf 89' lang='lat' dir='ltr'><strong>vestris</strong></span> <span class='ocrx_word' id='word_1_348' title='bbox 2191 4789 2669 4857; x_wconf 91' lang='lat' dir='ltr'><strong>successoribus</strong></span> <span class='ocrx_word' id='word_1_349' title='bbox 2714 4794 3151 4858; x_wconf 82' lang='lat' dir='ltr'><strong>reverenciam</strong></span> <span class='ocrx_word' id='word_1_350' title='bbox 3205 4802 3268 4859; x_wconf 89' lang='lat' dir='ltr'><strong>et</strong></span> <span class='ocrx_word' id='word_1_351' title='bbox 3307 4792 3605 4859; x_wconf 88' lang='lat' dir='ltr'><strong>obedien-</strong></span> 
     </span>
     <span class='ocr_line' id='line_1_39' title="bbox 776 4891 3606 4980; baseline 0 -21"><span class='ocrx_word' id='word_1_352' title='bbox 776 4897 947 4959; x_wconf 90' lang='lat' dir='ltr'><strong>ciam</strong></span> <span class='ocrx_word' id='word_1_353' title='bbox 988 4896 1057 4958; x_wconf 88' lang='lat' dir='ltr'><strong>in</strong></span> <span class='ocrx_word' id='word_1_354' title='bbox 1097 4893 1294 4958; x_wconf 87' lang='lat' dir='ltr'><strong>licitis</strong></span> <span class='ocrx_word' id='word_1_355' title='bbox 1337 4902 1401 4957; x_wconf 89' lang='lat' dir='ltr'><strong>et</strong></span> <span class='ocrx_word' id='word_1_356' title='bbox 1440 4891 1759 4974; x_wconf 89' lang='lat' dir='ltr'><strong>honestis,</strong></span> <span class='ocrx_word' id='word_1_357' title='bbox 1846 4901 1910 4956; x_wconf 91' lang='lat' dir='ltr'><strong>et</strong></span> <span class='ocrx_word' id='word_1_358' title='bbox 1981 4913 2246 4957; x_wconf 88' lang='lat' dir='ltr'><strong>servare</strong></span> <span class='ocrx_word' id='word_1_359' title='bbox 2315 4901 2557 4958; x_wconf 87' lang='lat' dir='ltr'><strong>statuta</strong></span> <span class='ocrx_word' id='word_1_360' title='bbox 2609 4901 2673 4957; x_wconf 91' lang='lat' dir='ltr'><strong>et</strong></span> <span class='ocrx_word' id='word_1_361' title='bbox 2730 4891 3071 4958; x_wconf 87' lang='lat' dir='ltr'><strong>statuenda</strong></span> <span class='ocrx_word' id='word_1_362' title='bbox 3124 4914 3245 4980; x_wconf 89' lang='lat' dir='ltr'><strong>pro</strong></span> <span class='ocrx_word' id='word_1_363' title='bbox 3307 4915 3502 4980; x_wconf 89' lang='lat' dir='ltr'><strong>posse</strong></span> <span class='ocrx_word' id='word_1_364' title='bbox 3545 4904 3606 4959; x_wconf 87' lang='lat' dir='ltr'><strong>et</strong></span> 
     </span>
    </p>
   </div>
   <div class='ocr_carea' id='block_1_12' title="bbox 942 5121 3517 5367">
    <p class='ocr_par' dir='ltr' id='par_1_18' title="bbox 942 5121 3517 5367">
     <span class='ocr_line' id='line_1_40' title="bbox 942 5121 1669 5184; baseline -0.008 0"><span class='ocrx_word' id='word_1_365' title='bbox 942 5133 964 5183; x_wconf 91' lang='lat'><strong>1</strong></span> <span class='ocrx_word' id='word_1_366' title='bbox 1004 5124 1376 5184; x_wconf 80' lang='lat' dir='ltr'><strong>Geschrieben</strong></span> <span class='ocrx_word' id='word_1_367' title='bbox 1409 5121 1559 5179; x_wconf 83' lang='lat' dir='ltr'><strong>steht</strong></span> <span class='ocrx_word' id='word_1_368' title='bbox 1590 5140 1669 5178; x_wconf 80' lang='lat' dir='ltr'><strong>eo.</strong></span> 
     </span>
     <span class='ocr_line' id='line_1_41' title="bbox 948 5206 2505 5265; baseline -0.002 0"><span class='ocrx_word' id='word_1_369' title='bbox 948 5216 978 5265; x_wconf 87' lang='grc'><strong>2</strong></span> <span class='ocrx_word' id='word_1_370' title='bbox 1014 5210 1122 5264; x_wconf 86' lang='grc' dir='ltr'>Εἰιι</span> <span class='ocrx_word' id='word_1_371' title='bbox 1156 5208 1327 5264; x_wconf 87' lang='lat' dir='ltr'><strong>Theil</strong></span> <span class='ocrx_word' id='word_1_372' title='bbox 1359 5207 1537 5262; x_wconf 81' lang='lat' dir='ltr'><strong>dieser</strong></span> <span class='ocrx_word' id='word_1_373' title='bbox 1571 5206 1958 5263; x_wconf 84' lang='lat' dir='ltr'><strong>Ueberschrift</strong></span> <span class='ocrx_word' id='word_1_374' title='bbox 1992 5206 2140 5262; x_wconf 82' lang='lat' dir='ltr'><strong>steht</strong></span> <span class='ocrx_word' id='word_1_375' title='bbox 2172 5206 2276 5262; x_wconf 86' lang='lat' dir='ltr'><strong>auf</strong></span> <span class='ocrx_word' id='word_1_376' title='bbox 2306 5208 2505 5265; x_wconf 82' lang='lat' dir='ltr'><strong>Rasur.</strong></span> 
     </span>
     <span class='ocr_line' id='line_1_42' title="bbox 951 5291 3517 5367; baseline 0 -17"><span class='ocrx_word' id='word_1_377' title='bbox 951 5300 982 5350; x_wconf 86' lang='lat'><strong>3</strong></span> <span class='ocrx_word' id='word_1_378' title='bbox 1017 5292 1329 5367; x_wconf 78' lang='lat' dir='ltr'><strong>Eigentlich</strong></span> <span class='ocrx_word' id='word_1_379' title='bbox 1368 5310 1474 5347; x_wconf 87' lang='lat' dir='ltr'><strong>nur</strong></span> <span class='ocrx_word' id='word_1_380' title='bbox 1508 5292 1630 5347; x_wconf 87' lang='lat' dir='ltr'><strong>eine</strong></span> <span class='ocrx_word' id='word_1_381' title='bbox 1663 5291 1996 5363; x_wconf 79' lang='lat' dir='ltr'><strong>Randnotiz,</strong></span> <span class='ocrx_word' id='word_1_382' title='bbox 2031 5291 2177 5349; x_wconf 86' lang='lat' dir='ltr'><strong>doch</strong></span> <span class='ocrx_word' id='word_1_383' title='bbox 2212 5292 2385 5350; x_wconf 82' lang='lat' dir='ltr'><strong>sehon</strong></span> <span class='ocrx_word' id='word_1_384' title='bbox 2423 5309 2547 5348; x_wconf 82' lang='lat' dir='ltr'><strong>vom</strong></span> <span class='ocrx_word' id='word_1_385' title='bbox 2580 5297 2762 5350; x_wconf 81' lang='lat' dir='ltr'><strong>ersten</strong></span> <span class='ocrx_word' id='word_1_386' title='bbox 2794 5292 3131 5350; x_wconf 81' lang='lat' dir='ltr'><strong>Bubricator</strong></span> <span class='ocrx_word' id='word_1_387' title='bbox 3164 5292 3517 5351; x_wconf 67' lang='lat' dir='ltr'><strong>hermhrend.</strong></span> 
     </span>
    </p>
   </div>
   <div class='ocr_carea' id='block_1_13' title="bbox 3982 5514 3983 6057">
    <p class='ocr_par' dir='ltr' id='par_1_19' title="bbox 3982 5514 3983 6057">
     <span class='ocr_line' id='line_1_43' title="bbox 3982 5514 3983 6057; baseline 0 0"><span class='ocrx_word' id='word_1_388' title='bbox 3982 5514 3983 6057; x_wconf 95' lang='lat' dir='ltr'><strong> </strong></span> 
     </span>
    </p>
   </div>
  </div>
 </body>
</html>
