4038 6358
893 596 1015 665 512
1879 595 1978 650 Die
2013 589 2454 664 philosophi-che
2493 591 2751 651 Facultat.

897 783 1151 846 cionum
1192 782 1580 847 conveniant
1622 780 1706 845 ad
1739 779 2133 846 audiendum
2161 779 2289 867 legi
2316 779 2645 847 facultatis
2678 783 2927 846 arcium
2952 790 3211 865 statuta,
3238 791 3477 850 statum
3510 803 3697 848 eorum

891 892 956 946 et
995 879 1258 946 modum
1299 879 1661 969 complendi
1706 882 2191 963 concernencia‚
2252 904 2333 946 ne
2390 891 2737 969 praetextu
2792 881 3209 965 ignoranciae
3249 881 3699 947 excusationem

888 980 1148 1046 valeant
1189 978 1489 1066 allegare.
1574 978 1709 1044 Sub
1752 1000 1965 1065 poena
2008 1003 2138 1045 non
2179 981 2592 1046 admissionis
2635 989 2927 1066 tempore
2970 1002 3107 1045 suo.
3172 979 3425 1045 Datum
3467 978 3566 1045 die
3602 981 3698 1046 de·

891 1083 1061 1144 cima
1101 1082 1340 1145 mensis
1378 1078 1763 1145 Novembris
1807 1078 2158 1144 decanatus
2203 1079 2323 1145 sub
2366 1079 2600 1166 sigillo·

806 1256 839 1310 5
1511 1250 1570 1310 2.
1611 1263 1850 1311 roam
1889 1262 2027 1310 PRo
2071 1264 2408 1312 m‘rnorru
2454 1261 3117 1311 mols‘rmnonun.

1071 1379 1380 1444 Notificat
1445 1377 2015 1443 vicecancellarius
2080 1378 2408 1443 facultatis
2479 1379 2726 1442 arcium
2794 1377 3094 1443 omnibus
3162 1388 3227 1443 et
3290 1376 3552 1464 singulis
3603 1400 3709 1464 pro

892 1478 1103 1564 gradu
1147 1479 1506 1564 magisterii
1547 1479 1615 1542 in
1654 1476 1904 1542 artibus
1926 1479 2232 1565 temptari
2262 1499 2340 1541 ac
2368 1478 2731 1542 examinari
2753 1476 3138 1559 volentibus,
3185 1487 3507 1565 quatenus
3540 1474 3714 1540 hodie

892 1579 1051 1643 hora
1093 1596 1192 1642 ΧΠ
1232 1587 1383 1645 ante
1427 1576 1685 1642 stubam
1725 1576 2054 1659 facultatis
2098 1576 2486 1641 conveniant
2529 1586 2593 1641 et
2636 1598 2705 1641 se
2745 1576 3063 1641 intitulari
3108 1576 3390 1659 faciant3
3446 1575 3711 1659 alioquin

894 1701 1013 1766 pro
1053 1678 1175 1742 hac
1215 1679 1356 1743 vice
1399 1699 1527 1770 non
1569 1676 2005 1744 admittentur.
2094 1675 2340 1740 Datum
2384 1699 2554 1742 anno
2599 1675 2845 1740 domini
2886 1685 3004 1741 etc.
3047 1697 3163 1739 suo
3204 1674 3326 1742 sub
3371 1673 3586 1761 sigillo.

808 1854 874 1910 10
930 1850 987 1912 3.
1038 1860 1196 1907 ΡΑΒῙ
1237 1859 1437 1907 MODO
1478 1859 1747 1907 POTEST
1790 1858 2100 1906 FORMARI
2153 1857 2390 1906 FORMA
2433 1859 2570 1907 PRO
2610 1859 2947 1908 INTROITU
2990 1856 3713 1922 BAccALARIANDORUx‚

1786 1958 1915 2006 SED
1961 1955 2109 2005 NON
2149 1957 2278 2005 EST
2322 1957 2541 2006 1101)OE
2584 1959 2655 2006 IN
2696 1958 2845 2007 USU.

1058 2072 1331 2138 Mandat
1371 2049 1654 2139 decanus
1696 2070 2027 2137 facultatis
2071 2076 2320 2137 arcium
2359 2074 2663 2140 omnibus
2706 2086 2770 2140 et
2811 2073 3081 2161 singulis
3137 2096 3259 2162 pro
3317 2071 3529 2159 gradu
3577 2070 3713 2135 bac-

893 2174 1243 2240 calariatus
1293 2174 1361 2237 in
1416 2171 1664 2237 artibus
1723 2171 2090 2236 examinari
2144 2172 2509 2238 volentibus
2524 2223 2543 2256 ‚
2630 2183 2946 2259 quatenus
3009 2172 3202 2240 hodie
3254 2172 3418 2239 hora
3476 2189 3571 2236 ΧΗ
3586 2220 3603 2253 ,
3650 2179 3715 2235 ut

893 2296 1093 2362 supra
1136 2284 1254 2338 etc.
1339 2271 1586 2337 Datum
1635 2293 1804 2336 anno
1847 2279 1967 2333 etc.
2010 2268 2363 2337 decanatus
2406 2273 2524 2339 sub
2564 2272 2792 2361 sigillo.

806 2449 868 2506 15
1487 2445 1543 2504 4.
1585 2454 1825 2502 romu
1869 2453 2197 2503 TEMPORE
2242 2457 2661 2506 'rm'rloms
2702 2413 3109 2510 meNDA.

1056 2570 1331 2637 Mandat
1370 2569 1699 2660 facultatis
1745 2572 1994 2635 arcium
2037 2568 2320 2636 decanus
2364 2572 2663 2638 omnibus
2721 2582 2784 2637 et
2838 2572 3110 2659 singulis
3151 2573 3219 2637 in
3263 2572 3515 2638 artibus
3560 2596 3712 2638 com·

886 2670 1234 2758 plentibus,
1273 2680 1593 2755 quatenus
1637 2669 1828 2736 hodie
1871 2669 2034 2735 hora
2077 2668 2461 2736 duodecima
2504 2694 2729 2738 coram
2762 2672 3177 2737 taxatoribus
3219 2672 3305 2737 ad
3333 2672 3713 2737 satisfacien-

892 2771 1044 2836 dum
1101 2793 1220 2856 pro
1273 2768 1688 2852 lectionibus,
1773 2769 2115 2834 exerciciis
2172 2792 2251 2834 ac
2308 2770 2855 2859 resumptionibus
2910 2771 3237 2837 facultatis
3288 2784 3713 2859 compareant,

888 2869 1009 2936 sub
1072 2892 1283 2958 poena
1336 2892 1466 2934 non
1524 2869 2024 2956 computationis
2089 2878 2380 2956 tempore
2447 2893 2562 2936 suo
2625 2882 2690 2936 et
2749 2872 3191 2959 inscriptionis
3242 2871 3330 2938 ad
3382 2874 3713 2959 registrum

801 2978 870 3034 20
889 2969 1364 3058 complentium.
1445 2969 1692 3034 Datum
1734 2967 2089 3033 decanatus
2134 2968 2253 3034 sub
2299 2968 2533 3055 sigillo.

1050 3141 1106 3202 5.
1148 3151 1385 3202 FORMA
1426 3152 1564 3201 PRO
1607 3151 2070 3201 LECTIONIBUS
2112 3153 2459 3203 LEGENDIS
2503 3152 2831 3203 TEMPORE
2877 3152 3393 3205 CANIOULARIUM
3432 3155 3570 3204 PER

2056 3252 2545 3303 BACCALARIOS.

1053 3368 1375 3435 Hortatur
1417 3367 1548 3447 (vel
1593 3365 1896 3451 mandat)
1936 3366 2262 3433 facultatis
2304 3369 2550 3434 arcium
2593 3369 2876 3434 decanus
2907 3370 3203 3436 omnibus
3236 3380 3299 3435 et
3331 3371 3604 3459 singulis
3626 3394 3715 3436 ar-

885 3469 1060 3534 cium
1099 3468 1487 3534 baccalariis
1530 3465 1898 3530 volentibus
1942 3468 2009 3530 in
2055 3465 2281 3532 diebus
2326 3467 2805 3533 canicularibus
2842 3468 3151 3534 lectiones
3184 3469 3327 3536 loco
3359 3471 3715 3558 completio·

804 3573 991 3633 25nis
1031 3568 1279 3654 legere,
1370 3577 1681 3654 quatenus
1739 3588 1885 3630 cras
1942 3568 2105 3630 hora
2160 3584 2236 3632 11
2288 3567 2392 3632 vel
2437 3586 2536 3633 ΧΠ
2577 3567 2663 3632 ad
2707 3568 3019 3655 placitum
3057 3571 3123 3633 in
3169 3569 3361 3635 stuba
3401 3568 3716 3635 facultatis

884 3670 1274 3733 conveniant
1319 3665 1404 3732 ad
1445 3665 1891 3752 recipiendum
1931 3663 2226 3747 lectoria,
2273 3666 2392 3731 sub
2436 3690 2650 3754 poena
2688 3669 3044 3734 carenciae.
3112 3668 3364 3734 Datum
3404 3692 3574 3735 anno
3617 3670 3715 3734 do·

887 3769 1046 3833 mini
1089 3773 1265 3851 1499,
1307 3765 1414 3830 die
1455 3781 1606 3830 xlm
1645 3767 1885 3830 mensis
1922 3762 2091 3848 Iulii,
2136 3764 2486 3831 decanatus
2532 3766 2651 3833 sub
2697 3766 2929 3853 sigillo·

1650 4006 1707 4068 6.
1749 4017 1991 4065 roam
2034 4017 2309 4066 smmm
2351 4017 2488 4066 rao
2534 4017 2977 4068 mcls‘rsmo.

1061 4133 1401 4220 Signetum
1443 4154 1564 4220 pro
1607 4132 1702 4197 .N.
1748 4131 1830 4196 de
1876 4132 2293 4221 Gottingenn,
2333 4134 2402 4198 in
2444 4134 2695 4200 artibus
2736 4135 3091 4200 licenciam.

801 4312 871 4369 30
1377 4305 1435 4365 7.
1479 4315 1719 4364 roam
1763 4316 2040 4365 slonml
2080 4316 2218 4366 rao
2262 4317 2852 4366 BAccALAmANms
2892 4317 3226 4366 Anmsffls.

1053 4434 1390 4520 Signetum
1446 4455 1565 4520 pro
1620 4433 1713 4501 .N.
1769 4432 1850 4497 de
1904 4432 2191 4521 Leiptzk
2242 4455 2364 4520 pro
2409 4431 2851 4498 baccalariatu
2894 4432 3027 4513 (vel
3070 4432 3607 4514 baccalariando)
3658 4436 3714 4499 in

879 4535 1148 4602 artibus.

885 4710 945 4773 8·
996 4717 1239 4767 EORUM
1292 4714 1766 4765 INTIMACIONIS
1817 4715 1955 4765 PRO
2006 4716 2231 4766 BURSA
2272 4716 2514 4765 DANDA
2554 4714 2730 4764 Pos'r
2773 4714 3234 4765 MUTACIONEM
3272 4718 3716 4768 AESTIVALEH.

1050 4849 1365 4935 „Mandat
1406 4848 1691 4914 decanus
1731 4848 2059 4915 facultatis
2101 4850 2371 4931 arcium,
2415 4848 2589 4936 quod
2630 4848 2825 4913 hodie
2866 4859 2931 4915 et
2973 4847 3270 4916 decetero
3315 4850 3505 4917 detur
3527 4852 3714 4917 bursa

800 4962 868 5018 35
888 4951 1051 5017 hora
1094 4950 1348 5015 decima
1389 4958 1453 5013 et
1499 4948 1863 5036 disputetur
1901 4948 2067 5014 hora
2107 4949 2341 5015 nona.“
2412 4948 2532 5013 Vel
2566 4949 2678 5033 sic,
2725 4951 2864 5014 sine
2891 4949 3093 5015 verbo
3128 4949 3425 5016 mandat:
3469 4951 3713 5035 „Hodie

889 5060 953 5117 et
993 5049 1391 5137 peramplius
1434 5047 1874 5134 disputabitur
1917 5049 2078 5113 hora
2125 5071 2326 5132 nona,
2375 5058 2438 5111 et
2476 5046 2593 5112 fiat
2635 5047 2980 5136 prandium
3033 5047 3195 5114 hora
3252 5049 3537 5135 decima,
3595 5051 3711 5117 die-

890 5150 1010 5215 bus
1055 5172 1209 5215 vero
1251 5147 1708 5214 ieiunabilibus
1751 5148 1912 5214 hora
1956 5148 2355 5213 undecima.“
2436 5147 2525 5213 Et
2565 5147 2844 5214 addatur
2894 5151 3215 5234 signetum
3260 5148 3633 5218 decanatus.
