4038 6358
793 588 908 651 124
1709 591 1818 639 Des
1863 591 2136 642 Iohannes
2170 592 2327 643 Fabri
2360 592 2426 640 de
2462 591 2690 641 Werdea

788 769 1225 836 consimilibus
1269 769 1692 858 beneplacitis
1732 771 2036 838 favorose
2077 795 2576 860 recompensare
2608 773 2918 860 cupimus.
2997 773 3076 838 In
3109 795 3381 863 quorum
3419 775 3635 839 omni-

784 893 893 934 um
935 879 999 935 et
1041 870 1442 957 singulorum
1486 873 1988 957 praemissorum
2031 873 2259 956 fidem,
2315 873 2514 939 robur
2569 894 2649 938 ac
2705 872 2973 940 evidens
3017 874 3458 940 testimonium
3501 884 3625 940 etc.

785 979 858 1036 ut
905 994 1123 1058 supra.

932 1159 1030 1223 83.
1098 1173 1335 1221 FORMA
1378 1172 1759 1221 GENERALIS
1799 1174 1888 1221 ET
1933 1173 2449 1225 COMMUNISSIMA
2493 1174 3007 1224 COMPLETIOMS
3045 1176 3182 1225 PRO
3225 1175 3464 1225 GRADU

735 1264 768 1319 5
1677 1273 2240 1323 BACCALARIATUS
2283 1275 2357 1323 m
2395 1275 2712 1324 ARTIBUS.

949 1388 1290 1454 Universis
1332 1397 1396 1453 et
1433 1388 1720 1474 singulis,
1764 1392 2204 1477 praesentium
2243 1392 2542 1457 notitiam
2583 1389 2922 1475 habituris,
2962 1414 3080 1458 nos
3115 1393 3213 1457 .N.
3246 1391 3329 1457 de
3356 1391 3477 1474 .N.‚
3523 1415 3622 1457 ar-

786 1490 946 1553 tium
983 1490 1316 1574 magister,
1358 1488 1683 1554 facultatis
1725 1490 2076 1556 earundem
2117 1491 2354 1556 artium
2379 1490 2588 1556 almae
2612 1491 3054 1557 universitatis
3079 1492 3278 1558 studii
3300 1492 3623 1579 Lipczen-

790 1590 879 1653 sis
919 1587 1477 1675 Merseburgensis
1523 1588 1799 1654 diocesis
1844 1589 2147 1674 decanuS,
2190 1600 2414 1659 tenore
2456 1593 2897 1677 praesentium
2920 1590 3182 1678 publice
3210 1592 3619 1679 recognosci-

785 1710 925 1753 mus
979 1688 1385 1774 profitentes,
1439 1687 1788 1754 discretum
1831 1690 1926 1754 .N.
1970 1690 2052 1755 de
2093 1691 2187 1756 .N.
2234 1691 2302 1755 in
2359 1689 2672 1756 iamdicta
2736 1692 3161 1758 universitate
3207 1691 3625 1761 laudabiliter

704 1797 766 1852 10
787 1811 855 1852 se
907 1789 1189 1871 rexisse,
1240 1789 1600 1874 magistris,
1661 1789 2035 1855 doctoribus
2093 1791 2451 1878 ceterisque
2507 1791 2859 1878 suppositis
2917 1814 3038 1880 pro
3090 1801 3262 1858 statu
3305 1802 3370 1857 et
3417 1790 3618 1879 quali-

784 1898 918 1953 tate
963 1890 1096 1953 suis
1143 1889 1444 1954 decenter
1488 1899 1938 1957 conversatum
1978 1892 2214 1973 fuisse,
2266 1889 2578 1956 lectiones
2637 1899 2700 1955 et
2750 1892 3064 1957 exercitia
3105 1891 3396 1980 aliosque
3439 1901 3622 1957 actus

787 1989 1203 2054 scholasticos
1220 2039 1238 2071 ,
1295 1988 1573 2074 gradum
1633 1988 2112 2055 baccalariatus
2173 1992 2239 2055 in
2282 1989 2531 2055 artibus
2571 2000 3057 2075 concernentes,
3112 1990 3460 2079 diligenter
3514 2014 3620 2055 au·

783 2088 1016 2154 diendo
1060 2088 1499 2176 complevisse.
1586 2088 1804 2170 Quare
1844 2089 2118 2155 eundem
2162 2090 2261 2154 .N.
2301 2091 2528 2156 merito
2586 2089 2890 2156 duximus
2937 2090 3613 2172 recommendandum‚

782 2212 930 2254 cum
972 2211 1047 2254 eo
1092 2190 1400 2255 attentius
1444 2198 1750 2275 rogantes
1765 2237 1783 2270 ,
1840 2198 2155 2275 quatenus
2198 2191 2641 2277 unusquisque
2653 2238 2672 2271 ,
2732 2189 2819 2255 ad
2863 2213 3054 2277 quem
3097 2193 3473 2278 praesentia
3514 2190 3623 2255 de-

705 2299 764 2354 15
781 2290 1104 2372 venerint,
1154 2299 1416 2354 nostrae
1466 2288 1794 2354 facultatis
1851 2288 2218 2354 antedictae
2272 2290 2512 2355 intuitu
2567 2301 3151 2377 praememoratum
3210 2292 3309 2356 .N.
3363 2311 3621 2379 promo·

778 2388 1093 2472 tionibus,
1148 2388 1488 2481 favoribus·
1538 2398 1603 2454 et
1655 2388 1944 2455 ,consiliis
2006 2387 2290 2475 dirigere
2346 2391 2606 2476 suisque
2662 2389 2892 2473 rebus,
2953 2391 3168 2457 causis
3213 2400 3277 2456 et
3317 2391 3623 2477 negotiis,

782 2490 945 2555 actis
1003 2487 1108 2554 vel
1163 2488 1463 2575 agendis,
1518 2490 1827 2555 assistere
1882 2488 2217 2574 dignetur,
2269 2511 2388 2554 nos
2453 2512 2571 2577 per
2623 2489 2746 2555 hoc
2787 2489 2872 2555 ad
2916 2490 3277 2556 consimilia
3314 2488 3621 2576 benepla-

782 2590 911 2654 cita
955 2587 1477 2675 constringendo.
1559 2589 1637 2653 In
1684 2585 1853 2676 [38⁸]
1898 2592 2082 2654 cuius
2125 2589 2219 2653 rei
2268 2587 2462 2653 fidem
2505 2611 2584 2655 ac
2621 2588 2948 2656 efficacius
2975 2590 3420 2656 testimonium
3443 2600 3621 2655 ante·

780 2688 993 2755 dictae
1048 2698 1308 2755 nostrae
1367 2686 1692 2753 facultatis
1748 2688 2030 2775 sigillum
2071 2689 2522 2776 praesentibus
2565 2689 3108 2756 testimonialibus
3149 2691 3383 2756 litteris
3427 2686 3615 2756 duxi·

698 2797 926 2854 201nus
970 2787 1470 2876 appendendum
1510 2797 1573 2853 et
1614 2789 2064 2876 appendimus.
2147 2787 2364 2854 Datae
2411 2811 2581 2855 anno
2625 2797 2745 2854 etc.

1113 2910 1183 2969 Si
1238 2928 1379 2969 vero
1434 2909 1652 2986 aliquis
1700 2911 1961 2985 ,qv-adum
2018 2909 2467 2968 baccalariatus
2510 2909 2574 2968 in
2617 2909 2849 2968 artibus
2891 2912 3145 2986 adeptus
3183 2910 3294 2985 sit,
3352 2912 3622 2971 addatur

1117 3009 1181 3067 in
1213 3008 1608 3085 praescripta
1629 2991 1856 3084 forma*
1889 3016 2029 3067 ante
2071 3008 2308 3068 verbum
2355 3005 2575 3087 Quare
2615 3019 2721 3070 etc.
2769 3011 2917 3069 haec
2960 3012 3270 3069 clausula:

779 3120 1205 3210 Eundemque
1261 3120 1348 3187 ad
1405 3120 1779 3188 huiusmodi
1836 3120 2116 3208 gradum
2164 3122 2642 3190 baccalariatus
2701 3124 2770 3190 in
2827 3122 3077 3190 artibus
3132 3124 3428 3211 rigoroso
3471 3146 3621 3190 exa·

779 3224 953 3288 mine
995 3224 1355 3310 praemisso
1402 3221 1482 3286 de
1523 3223 1810 3287 unanimi
1857 3244 2177 3288 consensu
2220 3222 2652 3313 concordique
2696 3223 2938 3292 iudicio
2976 3226 3440 3311 magistrorum
3468 3246 3618 3289 exa·

694 3332 760 3387 25
778 3324 1168 3503 thinatorum
1207 3332 1538 3410 tamquam
1578 3320 1877 3388 idoneum
1920 3336 1984 3388 et
2025 3322 2449 3389 sufficientem
2487 3324 2843 3390 admissum
2881 3333 3377 3412 promotumque
3399 3325 3619 3390 fixisse.

847 3445 1005 3488 uare
1048 3432 1164 3489 etc.
1206 3433 1277 3488 ut
1320 3444 1540 3509 supra.

923 3627 1018 3693 84.
1084 3642 1244 3690 Abu
1285 3641 1523 3690 roam
1563 3627 1969 3690 SPEclALIO'B
2011 3643 2466 3694 mma-mou
2509 3642 3022 3692 compnnnoms
3059 3642 3197 3691 PRo
3242 3642 3479 3692 eunt]

1679 3739 2240 3792 BAccALARIArus
2279 3743 2351 3790 m
2394 3741 2714 3790 Anrmns.

941 3847 1282 3923 Universis
1337 3867 1402 3922 et
1442 3858 1713 3945 singulis
1759 3869 2024 3924 sanctae
2061 3861 2288 3924 matris
2306 3879 2313 3886 ·
2332 3860 2646 3926 ecclesiae
2687 3858 2872 3942 filiis,
2929 3867 3304 3946 praesentes
3359 3858 3614 3925 litteras

693 3958 1037 4039 30visuris,
1079 3957 1345 4024 lecturis
1391 3957 1496 4023 vel
1539 3957 1881 4041 audituris,
1923 3980 2041 4023 nos
2088 3959 2181 4024 .N.
2211 3959 2292 4025 de
2319 3960 2437 4042 .N.,
2482 3961 2717 4024 artium
2759 3960 3091 4046 magister,
3132 3956 3466 4024 facultatis
3508 3980 3609 4023 ea·

777 4056 1049 4123 rundem
1106 4059 1342 4123 artium
1395 4057 1602 4124 almae
1644 4059 2086 4128 universitatis
2130 4058 2327 4124 studii
2370 4059 2748 4147 Lipczensis
2792 4056 3355 4145 Merseburgensis
3397 4056 3608 4124 dioce-

779 4159 868 4224 sis
911 4158 1211 4240 decanus,
1258 4159 1578 4244 ceterique
1604 4158 1904 4244 magistri
1943 4160 2011 4222 in
2053 4157 2228 4223 dicta
2263 4158 2570 4224 facultate
2618 4168 2766 4224 actu
2807 4167 3105 4245 regentes
3149 4178 3293 4222 cum
3335 4157 3617 4223 subscri·

779 4267 1038 4343 ptorum
1077 4258 1311 4323 notitia
1353 4258 1672 4324 sinceram
1713 4259 1783 4322 in
1824 4256 2086 4323 domino
2131 4257 2527 4324 charitatem.
2608 4257 2783 4324 Sane
2831 4279 2978 4323 cum
3026 4256 3344 4322 discretus
3392 4258 3494 4322 .N.
3538 4257 3616 4322 de

782 4358 876 4422 .N.
915 4360 984 4422 in
1033 4358 1331 4444 praefata
1378 4359 1800 4423 universitate
1853 4355 2256 4445 aliquamdiu
2297 4357 2615 4424 bonarum
2663 4359 2899 4423 artium
2942 4356 3305 4444 disciplinis
3351 4379 3620 4444 operam

695 4469 763 4525 35
784 4458 1176 4546 impenderit
1220 4457 1594 4544 diligentem
1637 4467 1702 4523 et
1743 4457 2049 4523 lectiones
2093 4480 2171 4523 ac
2215 4460 2528 4523 exercitia
2573 4479 2922 4546 omnesque
2967 4454 3070 4544 [38
3085 4453 3137 4543 b]
3187 4455 3349 4523 alios
3392 4466 3457 4523 et
3499 4458 3622 4521 sin·

780 4557 966 4645 gulos
990 4566 1196 4640 actus,
1240 4557 1517 4643 gradum
1559 4557 2036 4623 baccalariatus
2078 4559 2147 4622 in
2188 4557 2439 4624 artibus
2467 4570 2948 4640 concernentes,
2983 4555 3333 4621 secundum
3359 4567 3621 4622 nostrae

777 4657 1107 4724 facultatis
1170 4666 1412 4722 statuta
1465 4667 1527 4722 et
1571 4657 2062 4724 consuetudines
2107 4656 2451 4745 diligenter
2495 4660 2622 4740 (uti
2658 4657 2991 4745 fidedigno
3032 4659 3402 4746 accepimus
3444 4659 3617 4722 testi·

784 4754 1029 4844 monio)
1076 4755 1516 4845 compleverit,
1733 4846 1742 4850 -
2852 4827 2859 4832 ‚

947 4860 1018 4919 Si
1057 4871 1144 4921 est
1177 4869 1508 4940 promotus,
1553 4863 1824 4924 addatur
1866 4862 2011 4920 haec
2055 4863 2359 4920 clausula.-
2422 4856 2814 4923 antedictum
2856 4878 3111 4945 quoque
3154 4854 3437 4943 gradum
3476 4855 3624 4920 bac-

700 4968 768 5023 40
786 4957 1131 5023 calariatus
1179 4960 1247 5023 in
1292 4955 1561 5040 artibus,
1607 4959 1962 5045 praemisso
2008 4958 2307 5044 rigoroso
2352 4959 2679 5040 examine,
2739 4959 2807 5022 in
2866 4978 2992 5044 quo
3035 4955 3307 5021 idoneus
3352 4965 3416 5021 et
3456 4955 3625 5021 suffi-

789 5059 965 5122 ciens
1011 5067 1376 5145 compertus
1414 5067 1542 5141 est,
1585 5058 1781 5145 digne
1823 5056 2097 5144 adeptus
2137 5057 2351 5140 fuerit,

950 5159 1125 5222 vitae
1170 5157 1446 5243 denique
1488 5181 1567 5223 ac
1606 5179 1859 5222 morum
1903 5154 2219 5223 laudabili
2272 5156 2763 5222 conversatione
2807 5156 3160 5245 plurimum
3205 5155 3608 5222 commenda-

785 5255 982 5322 bilem
1026 5278 1167 5322 sese
1208 5255 1584 5341 reddiderit,
1626 5255 1913 5322 volentes
1957 5257 2238 5343 praefati
2279 5257 2375 5342 ‚N
2414 5255 2671 5323 labores
2714 5256 3133 5323 scholasticos
3173 5265 3238 5321 et
3278 5257 3452 5321 vitae
3487 5278 3615 5322 me·
