4038 6358
1323 658 1428 694 von
1468 644 1685 706 Herzog
1717 642 1907 694 Morus
1945 644 2205 708 bestatigt.
3095 650 3175 713 77

305 823 476 912 pali,
519 825 628 891 ita
669 835 743 891 ut
783 826 1092 913 deinceps
1134 824 1478 908 servanda,
1522 824 1966 913 exsequenda,
2019 824 2417 912 praestanda
2455 848 2577 892 nec
2626 850 2757 893 non
2800 825 3047 915 (novis,
3102 840 3174 896 ut

303 924 396 1008 fit,
443 925 731 991 casibus
761 925 1270 1012 emergentibus)
1292 926 1558 1012 insuper
1602 923 1922 1011 augenda,
1967 923 2374 1010 corrigenda,
2418 925 2837 1012 explananda
2879 928 2961 993 de
3002 952 3172 995 com·

306 1025 490 1090 muni
535 1027 840 1091 omnium
881 1036 946 1092 et
985 1027 1275 1091 unanimi
1317 1024 1558 1090 iudicio
1610 1033 1674 1089 et
1732 1026 2083 1106 sententia,
2145 1026 2213 1089 in
2262 1023 2494 1112 quibus
2556 1028 2801 1093 cunctis
2859 1051 3172 1093 summam

306 1123 736 1210 diligentiam
794 1147 872 1191 ac
920 1124 1116 1190 fidem
1174 1123 1605 1190 adhibendam
1662 1123 1788 1189 sibi
1830 1125 2073 1189 scirent
2144 1147 2261 1211 pro
2319 1146 2395 1189 eo
2455 1135 2648 1212 atque
2702 1125 2822 1192 deo
2873 1129 3175 1215 primum,

306 1225 434 1310 ipsi
481 1222 739 1289 deinde
789 1224 1140 1313 principali
1180 1225 1629 1311 expectacioni
1671 1224 2116 1290 satisfacturos
2160 1247 2229 1289 se
2275 1235 2626 1310 sperarent.
2708 1226 2920 1291 Huius
2963 1236 3172 1291 autem
3192 1237 3225 1291 5

311 1322 774 1391 ordinacionis
816 1336 882 1391 et
922 1334 1304 1425 statutorum
1343 1324 1667 1412 expositio
1706 1326 2013 1412 sequitur,
2054 1334 2277 1411 estque
2318 1323 2496 1390 haec.

1635 1526 1867 1590 Caput
1916 1527 1959 1579 1.

331 1675 426 1722 Dr.
472 1674 816 1725 RECTORE
859 1675 1380 1726 UNIVBRSITATIS
1425 1674 1934 1724 SCHOLASTICAE
1975 1675 2212 1735 DEQUE
2252 1674 2370 1741 118,
2416 1675 2536 1736 QUI
2576 1674 2935 1724 RECTORES
2974 1675 3159 1724 FIERI

1675 1775 2005 1824 Posstm'r.

476 1890 657 1958 Cum
700 1892 839 1957 sine
880 1900 1198 1978 potestate
1236 1890 1648 1979 praesidente
1688 1912 1766 1956 ac
1806 1889 2079 1955 ducente
2119 1888 2460 1956 multitudo
2502 1891 2619 1955 vix
2652 1913 2937 1980 unquam
2969 1893 3257 1957 virtu-10

311 1993 396 2056 tis
437 1993 628 2056 viam
671 1991 927 2078 ingredi
971 2014 1053 2057 ac
1090 1994 1307 2079 potius
1329 1990 1492 2057 nihil
1524 1992 1784 2057 omnino
1808 2000 2000 2069 recte,
2041 1999 2377 2077 tamquam
2401 2013 2638 2079 corpus
2666 1990 2912 2079 absque
2942 1993 3174 2078 capite,

311 2093 533 2156 facere
579 2091 828 2176 soleat,
885 2090 1034 2157 ideo
1073 2091 1157 2157 ab
1202 2093 1465 2180 antiquo
1508 2114 1764 2179 semper
1807 2090 2227 2157 observatum
2271 2099 2337 2154 et
2379 2089 2723 2175 diligenter
2764 2101 3178 2178 praeceptum

313 2193 430 2256 fuit
459 2202 526 2256 et
549 2193 570 2233 ¹
618 2191 814 2256 nobis
859 2199 1008 2256 ante
1049 2193 1267 2255 omnia
1308 2190 1821 2257 constituendum
1866 2213 2008 2256 esse
2049 2193 2265 2256 visum
2308 2199 2424 2274 est,
2466 2201 2537 2254 ut
2564 2213 2727 2255 unus
2767 2188 3176 2256 administra-

311 2293 472 2356 tioni
534 2292 988 2357 universitatis
1013 2292 1038 2332 ²
1097 2290 1520 2357 scholasticae
1563 2300 1774 2356 rector
1827 2290 2318 2378 praeficeretur,
2384 2290 2442 2354 is
2484 2290 2588 2355 vir
2630 2298 2693 2354 et
2735 2289 2859 2355 hac
2912 2291 3178 2376 ratione,

315 2402 384 2456 ut
428 2390 751 2478 deinceps
795 2400 1169 2478 exponetur.
3195 2400 3258 2456 15

479 2490 738 2557 Rector
777 2491 1217 2556 universitatis
1261 2489 1705 2574 scholasticae,
1749 2492 1932 2556 cuius
1975 2491 2394 2577 magistratus
2439 2489 2769 2555 semestris
2797 2489 2938 2571 erit,
2983 2489 3175 2576 elige-

320 2600 420 2655 tur
459 2591 567 2655 vir
611 2589 825 2656 bonus
841 2640 860 2675 ,
919 2589 1205 2678 prudens
1222 2639 1239 2672 ,
1282 2590 1543 2676 pietatis
1586 2613 1832 2674 amans,
1875 2591 2015 2655 vita
2056 2611 2434 2676 morumque
2475 2588 2810 2654 honestate
2857 2610 3173 2654 commen-

324 2689 531 2773 datus,
579 2688 892 2776 legitimis
933 2691 1311 2777 progenitus
1351 2691 1629 2778 nuptiis,
1689 2714 1882 2757 unum
1926 2692 2186 2757 omnino
2229 2688 2417 2754 huius
2460 2687 2751 2774 corporis
2794 2689 3174 2755 universita-

325 2790 406 2853 tis
445 2800 720 2855 nostrae
760 2790 1189 2856 scholasticae
1229 2789 1610 2874 membrum,
1653 2791 1763 2878 qui
1807 2789 2067 2876 quidem
2106 2812 2314 2875 neque
2357 2789 2520 2854 civis
2560 2787 2924 2873 Lipsiensis
2965 2811 3172 2874 neque

329 2890 532 2954 minor
574 2898 742 2954 natu
783 2891 969 2955 annis
1010 2890 1244 2976 viginti
1282 2891 1582 2978 quinque.
1663 2889 1739 2953 In
1781 2912 1908 2977 quo
1948 2899 2168 2955 tamen
2207 2888 2333 2955 hoc
2387 2887 2667 2976 placuit,
2726 2894 2825 2970 ut,
2885 2889 2940 2952 si
2998 2887 3162 2953 forte
3180 2897 3250 2953 20

331 2987 520 3054 alicui
566 2988 745 3073 duci,
791 2989 1039 3071 comiti,
1082 2988 1339 3074 baroni,
1398 2991 1509 3077 qui
1548 2987 1910 3054 studiorum
1948 2990 2164 3075 gratia
2205 2990 2330 3054 huc
2375 3010 2445 3052 se
2489 2986 2894 3070 contulisset,
2940 2988 3174 3053 minori

334 3090 510 3154 annis
552 3090 798 3175 viginti
844 3090 1154 3176 quinque,
1218 3088 1324 3154 hic
1377 3090 1826 3175 magistratus,
1883 3088 1988 3153 vel
2030 3090 2238 3175 ipsius
2287 3088 2549 3153 honoris
2592 3086 2698 3151 vel
2739 3085 3035 3152 utilitatis
3079 3089 3176 3150 rei

335 3188 762 3255 scholasticae
806 3212 1021 3273 causa,
1061 3189 1403 3256 mandatus
1449 3191 1533 3255 sit
1575 3189 1777 3280 (quod
1818 3189 1960 3255 fieri
1999 3198 2213 3277 potest
2254 3198 2319 3254 et
2355 3188 2535 3272 licet)
2549 3237 2568 3272 ,
2613 3198 2753 3254 tum
2793 3189 2997 3274 igitur
3037 3186 3173 3274 pla-

338 3290 462 3354 cuit
499 3288 777 3376 adiungi
820 3288 1100 3377 aliquem
1140 3290 1353 3356 virum
1394 3288 1610 3373 talem,
1652 3288 1908 3378 qualem
1948 3311 2153 3377 supra
2170 3287 2652 3375 descripsimus,
2699 3289 2808 3377 qui
2842 3296 3173 3374 tamquam

336 3410 447 3474 pro
468 3400 732 3456 rectore
758 3390 1166 3455 universitati
1192 3388 1618 3455 scholasticae
1661 3390 1908 3475 praesit
1951 3398 2015 3454 et
2060 3412 2180 3455 sua
2203 3387 2547 3477 prudentia
2570 3397 2763 3476 atque
2788 3386 3167 3452 assiduitate
3186 3393 3253 3450 25

339 3490 545 3554 omnia
586 3488 927 3575 gubernet.
1009 3487 1204 3570 Quod
1242 3489 1300 3553 si
1337 3489 1504 3554 forte
1548 3491 1835 3577 suspicio
1875 3490 1990 3572 sit,
2048 3511 2222 3572 eum,
2283 3490 2395 3577 qui
2446 3489 2516 3553 in
2573 3497 2890 3553 rectorem
2929 3486 3171 3552 electus

338 3587 538 3673 fuerit,
580 3588 694 3655 vel
734 3611 864 3654 non
906 3611 1049 3656 esse
1083 3590 1156 3654 in
1194 3611 1462 3655 numero
1505 3588 1908 3655 subditorum
1954 3599 2218 3655 nostrae
2260 3589 2700 3654 universitatis
2727 3585 3171 3669 scholasticae,

341 3687 438 3753 vel
476 3690 680 3755 etiam
721 3687 802 3754 de
841 3697 1052 3754 aetate
1099 3690 1155 3754 si
1198 3690 1641 3755 controversia
1680 3691 1822 3774 erit,
1866 3712 2075 3777 neque
2118 3698 2335 3753 tamen
2375 3689 2732 3777 quisquam,
2776 3688 2885 3775 qui
2905 3686 3172 3752 obiiciat

346 3797 449 3856 aut
487 3788 573 3855 ad
619 3788 1034 3876 probandum
1075 3811 1146 3854 se
1188 3789 1448 3874 offerat,
1491 3790 1752 3873 existet,
1817 3801 1951 3855 tum
1995 3789 2217 3854 statim
2258 3786 2422 3852 haec
2464 3786 2960 3875 explicabuntur
3000 3796 3065 3852 et
3104 3787 3173 3852 in

348 3886 548 3954 dubiis
587 3888 1008 3954 affirmationi
1049 3887 1154 3953 vel
1193 3889 1386 3953 etiam
1427 3888 1864 3972 iuriiurando,
1908 3890 1965 3954 si
2008 3911 2170 3975 opus
2214 3909 2357 3953 esse
2401 3886 2733 3970 videatur,
2778 3886 2964 3952 electi
3006 3885 3168 3951 fides
3186 3895 3256 3952 30

346 3985 716 4072 habebitur,
699 4012 716 4027 ·
759 3990 860 4054 sin
902 3990 1024 4054 erit
1067 3990 1176 4077 qui
1218 3988 1483 4054 obiiciat
1524 3999 1635 4056 aut
1671 3988 1759 4055 ad
1801 3987 2212 4105 probandum
2252 4010 2321 4053 se
2360 3987 2608 4069 offerat,
2651 3984 3029 4051 admittatur
3069 4007 3173 4051 ac-

350 4089 602 4171 cusatio,
651 4087 733 4153 de
775 4111 905 4177 qua
945 4098 1158 4154 rector
1199 4097 1264 4154 et
1305 4088 1654 4156 consiliarii
1695 4090 1903 4177 ipsius
1947 4096 2356 4205 cognoscent,
2400 4087 2457 4152 si
2497 4085 2634 4152 fieti
2679 4087 2914 4173 poterit
2955 4087 3171 4151 statim

349 4187 434 4251 sic
465 4190 806 4254 convocati
847 4188 934 4254 ad
975 4186 1374 4272 electionem,
1418 4198 1491 4254 ut
1531 4209 1613 4253 ne
1659 4187 1998 4254 discedant
2035 4191 2163 4254 nisi
2203 4209 2275 4254 re
2318 4185 2665 4274 explicata.
2730 4182 2921 4265 Quod
2965 4186 3020 4251 si
3059 4185 3171 4252 ob-

353 4285 650 4354 iectorum
688 4309 885 4354 unum
940 4297 1054 4354 aut
1107 4287 1297 4375 plura
1348 4300 1484 4353 tum
1536 4288 1814 4375 probata
1861 4290 2128 4373 fuerint,
2187 4271 2354 4353 alius
2405 4305 2560 4351 mox
2609 4293 2822 4349 rector
2873 4283 3168 4372 eligatur.

353 4384 416 4450 Si
451 4397 664 4453 autem
706 4385 828 4453 hoc
869 4388 1112 4453 factum
1153 4411 1284 4454 non
1323 4388 1547 4472 fuerit,
1613 4398 1748 4454 tum
1789 4398 2005 4455 rector
2058 4388 2295 4477 prioris
2352 4386 2682 4452 semestris
2730 4383 2836 4449 vel
2880 4385 3023 4474 ipse
3064 4385 3168 4451 vel
3184 4396 3252 4452 35

355 4504 457 4570 per
492 4488 816 4556 notarium
857 4497 970 4552 aut
1007 4488 1374 4553 ministrum
1416 4483 1747 4575 publicum
1790 4511 1936 4554 eum
1950 4537 1968 4571 ,
2023 4489 2134 4575 qui
2184 4486 2520 4569 obiecerit,
2576 4484 2662 4550 ad
2716 4484 3166 4572 probationem

355 4585 644 4653 mandato
701 4609 816 4652 suo
871 4585 1245 4674 compellat,
1310 4597 1373 4652 et
1414 4591 1630 4654 statim
1671 4598 1783 4655 aut
1822 4588 1931 4654 illo
1975 4588 2204 4654 saltem
2246 4586 2352 4652 die
2394 4586 2722 4652 accusatio
2766 4607 2883 4673 per
2927 4588 3171 4673 scripta

355 4688 586 4751 notario
642 4685 939 4752 tradatur
995 4696 1060 4752 et
1108 4687 1283 4752 intra
1347 4686 1486 4752 dies
1540 4689 1872 4775 proximos
1928 4687 2154 4754 decem
2207 4697 2271 4753 et
2328 4695 2602 4775 quatuor
2658 4708 2878 4751 coram
2920 4695 3172 4751 rectore

357 4785 571 4869 prioris
631 4788 957 4851 semestris
1015 4796 1079 4852 et
1136 4786 1519 4852 consiliariis
1573 4788 1782 4875 ipsius
1826 4810 2026 4854 causa
2067 4786 2423 4854 decidatur.
2498 4787 2658 4852 Post
2699 4784 2875 4874 quod
2915 4794 3169 4873 tempus

357 4882 569 4951 nullius
621 4886 969 4973 recipietur
1032 4885 1328 4953 obiectio.
1432 4886 1561 4968 Qui
1604 4897 1831 4954 contra
1880 4888 2155 4953 fecerint
2215 4887 2451 4974 quique
2505 4889 2574 4952 in
2620 4885 2959 4972 probando
3013 4909 3165 4975 quo-
3183 4896 3253 4953 40

358 5002 584 5073 cunque
626 4985 819 5051 modo
859 4985 1228 5070 defecerint,
1268 4986 1387 5052 hos
1428 4985 1723 5052 volumus
1767 4989 2086 5075 tantisper
2129 4988 2302 5052 omni
2344 4986 2834 5074 privilegiorum
2874 4987 3014 5052 iure
3036 4987 3165 5073 pri-

361 5092 520 5148 vatos
563 5107 727 5167 esse,
774 5084 924 5151 dum
966 5086 1399 5173 persolverint
1435 5086 1593 5152 fisco
1635 5086 1913 5153 florenos
1958 5110 2094 5170 sex,
2139 5109 2306 5175 quae
2348 5084 2587 5151 mulcta
2617 5085 2777 5150 nulli
2804 5088 3169 5151 remittetur

558 5326 572 5372 1
620 5316 994 5375 Geschrieben
1027 5316 1176 5374 steht
1209 5326 1283 5373 at.
1502 5323 1534 5374 2
1566 5317 1940 5375 Geschrieben
1975 5318 2124 5374 steht
2155 5318 2455 5374 waiva-cae.

2902 5421 2915 5454 l
