4038 6358
1137 642 1313 693 Vicrte
1350 641 1888 703 Statutenredaction‚
1926 656 2032 692 von
2075 641 2420 694 1499—1522.
2805 598 2810 601 ·
2865 628 2870 633 ’
3076 649 3198 709 445

523 862 605 924 6.
672 876 792 937 qm
828 874 1111 924 DEBEN'I'
1154 866 1319 922 ESSE
1362 874 1764 923 PARTICIPES
1806 872 2416 922 EMOLIMENTORUM
2456 874 2884 939 FAGULTATIS
2926 877 3000 925 m

919 973 1579 1023 DISPENSATIONIBUS
1622 976 1714 1022 ET
1758 974 1934 1022 ALIIS
1977 972 2648 1023 CONVOCATIONIBUS.

476 1088 823 1174 Placuit,
877 1088 1052 1179 quod
1094 1090 1362 1177 quilibet
1405 1091 1861 1177 magistrorum
1877 1137 1896 1171 ‚
1937 1088 2163 1154 volens
2204 1087 2492 1175 gaudere
2535 1090 2960 1156 emolimentis
2999 1092 3201 1157 facul·

262 1188 463 1253 tatis
524 1191 619 1255 in
678 1188 1291 1276 dispensationibus!
1313 1199 1377 1255 et
1414 1188 1561 1254 aliis
1604 1188 1933 1253 facultatis
1990 1189 2560 1256 convocationibus
2603 1212 2682 1255 ac
2723 1190 2964 1256 habere
3003 1191 3200 1257 facul-

267 1296 527 1352 tatem
590 1287 1035 1377 promovendi
1076 1288 1363 1377 aliquos,
1406 1287 1602 1354 debet
1655 1309 1799 1353 esse
1852 1295 2266 1375 acturegens,
2325 1290 2477 1376 quia
2526 1312 2655 1354 non
2709 1288 3018 1356 laborans
3072 1314 3199 1357 non
3251 1304 3284 1357 5

279 1386 531 1452 debet
586 1387 1021 1473 manducare,
1064 1387 1541 1453 valitudinariis
1585 1396 1650 1452 et
1690 1388 1963 1453 infirmis
2006 1386 2349 1454 dumtaxat
2387 1388 2684 1475 demptis.

327 1593 397 1653 ’7.
469 1605 835 1655 ΒΕΟΔΝῙῙΒ
881 1605 1210 1653 TEMPORE
1253 1604 1823 1653 DISPENSATIONIS
1875 1605 2270 1666 REQUOEERE
2313 1605 2547 1653 DEBET
2589 1604 2820 1653 OMNES
2861 1606 3163 1657 OONVEN-

642 1704 867 1754 TORES
915 1705 1135 1754 SUPER
1171 1705 1353 1770 18'1'0,
1394 1704 1487 1751 AN
1532 1704 1640 1753 SUI
1682 1704 2034 1754 BURSALES
2075 1704 2213 1753 PRO
2255 1704 2443 1753 mmo
2483 1704 2942 1753 PROMOVENDI

915 1804 1265 1853 FECERINT
1306 1803 1653 1852 FACIENDA
1695 1805 1786 1851 ET
1831 1804 2218 1853 SOLVERm'r
2264 1803 2648 1852 SOLVENDA.

496 1920 841 1996 Decanus
859 1929 1161 2037 ‘tempore
1193 1919 1699 2008 dispensationis
1741 1919 2329 2006 promovendorum
2372 1918 2586 1986 debet
2604 1920 2936 2006 requirere
2977 1931 3287 1988 omnes10

302 2030 813 2103 conventores,
854 2020 925 2087 in
962 2030 1029 2085 et
1073 2028 1261 2085 extra
1304 2018 1645 2085 consilium
1684 2018 2013 2085 facultatis
2077 2020 2456 2103 existentes,
2501 2030 2571 2085 ut
2610 2019 2831 2085 dicant
2873 2017 2992 2084 sub
3035 2018 3206 2087 bona

302 2118 461 2185 fide
514 2130 603 2185 et
650 2122 781 2185 suis
825 2121 1242 2186 conscienciis
1255 2168 1274 2203 ‚
1318 2142 1403 2184 an
1443 2140 1662 2184 omnes
1707 2118 1785 2184 de
1840 2141 1957 2184 sua
1997 2118 2201 2184 bursa
2243 2120 2375 2183 iam
2418 2119 2870 2206 promovendi,
2915 2118 3204 2206 disputa·

316 2218 671 2285 cionibus
744 2220 1044 2285 serotinis
1118 2218 1459 2306 diligenter
1528 2220 1934 2285 interfuerint
1999 2216 2392 2305 disputando
2413 2267 2433 2302 ‚
2503 2219 2834 2305 arguendo
2855 2268 2874 2303 ,
2942 2241 3206 2307 respon-

320 2316 609 2403 dendO,
628 2321 649 2362 ¹
692 2316 753 2405 [8
765 2315 819 2406 ²]
864 2327 929 2383 et
970 2317 1355 2383 latinitatem
1399 2316 1655 2405 aliaque
1697 2320 1838 2383 iura
1874 2316 2168 2382 bursalia
2208 2320 2563 2401 tenuerint3
2615 2319 2772 2383 item
2813 2328 3055 2404 puncta
3097 2342 3212 2385 seu

330 2440 625 2505 poenas
646 2468 666 2502 ,
708 2441 869 2504 quas
915 2416 1331 2484 incurrebant
1372 2429 1642 2504 propter
1699 2439 1921 2482 eorum
1979 2416 2416 2503 negligencias
2438 2466 2457 2500 ‚
2501 2416 2826 2483 solverint.
2911 2418 3002 2483 Et
3051 2427 3208 2484 tunc
3229 2430 3289 2485 15

328 2517 731 2583 secundum
800 2528 1190 2584 statutorum
1255 2516 1756 2603 disposicionem
1812 2518 2266 2582 execucionem
2316 2517 2385 2580 in
2440 2515 2542 2582 his
2598 2518 2976 2603 praemissis
3041 2517 3212 2585 idem

332 2616 663 2681 decanus
705 2617 919 2683 facere
948 2626 1245 2683 teneatur
1288 2615 1407 2681 sub
1448 2640 1564 2681 suo
1607 2618 1987 2699 iuramentO,
2028 2614 2200 2703 quod
2241 2616 2564 2703 praestitit
2603 2614 2912 2683 facultati.
2993 2617 3212 2684 Debet

336 2718 583 2781 eciam
628 2715 1108 2803 promovendus
1152 2726 1443 2803 tempore
1490 2715 1995 2803 dispensationis
2045 2738 2239 2803 super
2293 2715 2394 2781 his
2446 2714 2756 2781 exhibere
2817 2715 3062 2783 decano
3113 2740 3210 2783 re-

349 2817 820 2903 cognitionem
862 2817 966 2881 sui
1008 2816 1417 2883 conventoris
1457 2817 1642 2881 iuxta
1688 2825 1994 2881 statutum
2038 2816 2318 2903 desuper
2359 2815 2658 2882 editum.²

1264 3050 1377 3115 VI.
1433 3066 1925 3117 cernuum
1968 3064 2319 3116 snx'rtm.
3231 3061 3300 3119 20

344 3199 473 3267 De
532 3201 693 3286 his,
748 3221 949 3288 quae
1001 3211 1500 3267 concernunt
1550 3201 1914 3266 examina
1966 3202 2684 3287 promovendorum
2738 3205 2818 3270 in
2871 3205 3216 3290 artibus,

1207 3316 1587 3384 decanum
1646 3325 1720 3382 et
1769 3317 2380 3386 examinatores.

729 3491 783 3550 1.
837 3501 1121 3562 QUANDO
1158 3501 1441 3550 DEBEN'I'
1486 3500 1819 3549 INCHOABI
1858 3501 2169 3549 EXAMINA
2211 3501 2858 3552 PROMOVENDORUM.

538 3635 621 3700 In
661 3632 895 3720 hyeme
934 3634 1096 3699 fiant
1135 3632 1263 3699 duo
1305 3629 1639 3716 examina,
1682 3655 1879 3698 unum
1930 3632 2523 3719 magistrandorum
2573 3643 2865 3722 tempore
2918 3643 3218 3701 consueto

368 3734 559 3800 circa
619 3733 855 3798 festum
914 3734 1327 3799 innocentum
1382 3739 1469 3811 (d.
1534 3737 1631 3802 28.
1689 3737 2078 3815 December),
2153 3731 2504 3798 secundum
2568 3732 3217 3800 baccalariandorum
3233 3741 3300 3798 25

370 3834 563 3899 circa
622 3833 1014 3898 dominicam
1054 3832 1409 3900 Invocavit.
1506 3832 1583 3897 In
1629 3841 1875 3898 aestate
1920 3831 2215 3898 similiter
2255 3832 2382 3898 duo
2425 3833 2731 3900 examina
2772 3833 3216 3900 baccalarian-

371 3931 611 3998 dorum
676 3931 837 3997 fiant
853 3981 873 4016 ‚
938 3938 1223 4019 primum
1284 3932 1654 3999 immediate
1717 3941 1870 4019 post
1924 3933 2164 3998 festum
2219 3932 2634 4000 Pentecostes
2649 3983 2668 4018 ,
2733 3933 3008 4000 alterum
3067 3941 3217 4020 post

370 4031 615 4097 festum
660 4031 1085 4098 exaltacionis
1150 4034 1359 4098 crucis
1420 4039 1509 4111 (d.
1556 4038 1651 4098 14.
1693 4029 2095 4120 September),
2151 4032 2280 4098 nisi
2333 4032 2666 4100 obstarent
2715 4044 2896 4100 certa
2944 4030 3216 4120 impedi-

374 4139 603 4196 menta
638 4131 1085 4199 racionabilia.

373 4335 431 4398 2.
490 4349 617 4399 11131
654 4349 939 4399 DEBENT
981 4349 1169 4398 FIERI
1206 4349 1518 4399 mmmm
1559 4350 1651 4397 ET
1696 4347 2101 4396 GENERALES
2143 4347 2716 4398 CONVOCACIONES
2769 4348 2858 4398 Ac
2917 4338 3306 4399 plurmum

1409 4448 1712 4498 PUBLICA
1749 4447 2198 4498 FACULTATIS.

548 4565 879 4633 Examina
947 4564 1527 4652 promovendorum
1590 4566 1658 4630 in
1720 4564 1971 4630 artibus
2029 4563 2265 4629 debent
2321 4561 2464 4628 fieri
2521 4564 2590 4628 in
2657 4562 2928 4650 collegio
2985 4564 3219 4629 maiori

382 4663 451 4727 in
494 4663 689 4729 stuba
728 4663 1093 4744 facultatis,
1136 4673 1200 4728 et
1252 4687 1373 4752 pro
1428 4667 1553 4730 isto
1612 4663 1954 4751 collegium
2016 4663 2226 4728 maius
2292 4662 2374 4728 de
2434 4662 2720 4751 quolibet
2783 4661 3222 4750 promovendo

382 4763 450 4828 in
493 4761 745 4830 artibus
786 4761 1055 4829 habebit
1096 4762 1257 4828 duos
1300 4786 1565 4850 grossos
1606 4785 1844 4846 novos,
1888 4769 1953 4826 et
2004 4763 2165 4828 istos
2221 4760 2506 4828 decanus
2557 4773 2848 4851 tempore
2903 4761 3222 4828 examinis

386 4861 648 4948 colliget
710 4884 751 4927 a
811 4862 1274 4950 promovendis
1331 4875 1395 4930 et
1451 4865 1824 4951 praeposito
1896 4860 2160 4948 collegii
2215 4863 2482 4928 maioris
2550 4862 2971 4928 effectualiter
3037 4883 3222 4948 prae-
3237 4869 3305 4926 35

388 4960 687 5029 sentabit.
804 4960 883 5026 In
947 4961 1173 5028 eodem
1234 4964 1443 5030 eciam
1514 4962 1787 5050 collegio
1854 4961 2089 5026 maiori
2150 4959 2267 5025 fiat
2325 4960 2674 5048 prandium
2733 4959 3105 5026 Aristotelis
3164 4971 3228 5026 et

556 5236 581 5287 1
624 5229 737 5286 Am
774 5229 995 5284 Raude:
1034 5230 1175 5284 Vide
1208 5232 1337 5284 1520
1368 5229 1468 5282 sub
1500 5227 1701 5283 Konits
1734 5229 1909 5284 altero
1942 5228 2280 5298 maqiemm.

554 5321 585 5372 2
620 5314 731 5370 Am
764 5314 991 5370 Raude:
1032 5315 1169 5371 Vide
1201 5315 1365 5386 infra
1381 5313 1503 5386 fol.
1543 5318 1605 5370 18
1638 5314 1698 5368 in
1715 5313 1851 5383 fine.
