4038 6358
823 632 947 695 494
1819 633 1916 681 Die
1958 632 2397 698 philosophische
2430 633 2682 685 Facult‘a‘t.

924 852 1019 913 12.
1064 865 1346 924 QUANTO
1393 864 1721 912 TEMPORE
1766 866 2178 914 EXTRANEUS
2223 865 2535 914 STUDENS
2575 864 2966 913 ADVENIENS
3009 866 3194 913 ANTE
3239 864 3566 914 BACCALA·

1725 965 2010 1012 REATUM
2052 964 2167 1012 mc
2214 964 2430 1012 STARE
2473 965 2774 1012 DEBEAT.

987 1077 1214 1144 Nullus
1259 1078 1611 1145 adveniens
1653 1079 1735 1144 de
1778 1080 1906 1144 alia
1956 1080 2384 1145 universitate
2432 1079 2518 1143 ad
2572 1088 2859 1144 nostram
2914 1080 3287 1167 promoveri
3347 1078 3533 1144 debet
3583 1077 3689 1143 ad

825 1178 1100 1264 gradum
1157 1177 1651 1261 baccalariatuS,
1708 1182 1835 1244 nisi
1894 1181 2078 1266 prius
2140 1180 2389 1244 steterit
2446 1180 2513 1242 in
2565 1180 2722 1243 ista¹
2768 1181 3188 1244 universitate
3234 1202 3354 1266 per
3396 1178 3683 1243 medium

740 1288 774 1343 5
828 1302 1086 1360 annum,
1138 1288 1200 1342 et
1242 1278 1592 1343 dummodo
1637 1280 2028 1344 sufficientes
2066 1279 2557 1343 informationes
2596 1278 2822 1343 fecerit
2867 1278 2948 1343 de
2990 1277 3320 1346 auditione
3363 1277 3681 1343 librorum

825 1401 944 1464 pro
985 1378 1196 1463 gradu
1236 1380 1302 1442 in
1344 1378 1473 1442 alia
1515 1378 1954 1442 universitate.

895 1564 990 1625 13.
1035 1576 1318 1637 QUANTO
1362 1577 1689 1625 TEMPORE
1734 1577 2077 1626 ALTERrUs
2124 1576 2648 1626 UNIVERSITATIS
2691 1575 3161 1624 BACCALARIUS
3197 1577 3385 1625 ANTE
3432 1575 3609 1626 sumi

1551 1676 2031 1725 MAGISTEMUM
2073 1677 2147 1723 IN
2190 1675 2345 1726 ISTA
2385 1676 2603 1724 STARE
2647 1675 2944 1723 DEBEAT.

992 1791 1222 1868 Nullus
1287 1792 1696 1857 baccalarius
1758 1794 2022 1858 veniens
2087 1791 2168 1856 de
2233 1791 2365 1856 alia
2418 1791 2839 1856 universitate
2906 1789 3277 1879 promoveri
3339 1791 3535 1856 debet
3595 1791 3679 1857 ad

752 1901 814 1958 10
834 1890 1107 1977 gradum
1148 1892 1507 1977 magisterii
1548 1893 1615 1956 in
1657 1892 1926 1974 artibus,
1966 1893 2091 1956 nisi
2136 1893 2319 1979 prius
2363 1892 2612 1955 steterit
2652 1892 2718 1955 in
2761 1892 2891 1956 ista
2932 1893 3355 1957 universitate
3385 1890 3683 1956 adminus

829 2013 947 2077 per
979 1988 1315 2056 dimidium
1348 2014 1606 2074 annum,
1652 2001 1717 2056 et
1760 1990 2103 2058 dummodo
2146 1990 2537 2055 sufficientes
2580 1990 3068 2056 informationes
3105 1991 3337 2056 fecerit
3379 1990 3464 2056 de
3505 1989 3684 2055 audi·

831 2093 1004 2155 tione
1046 2088 1356 2155 librorum
1398 2113 1518 2177 pro
1561 2091 1938 2177 magisterio
1981 2092 2051 2155 in
2093 2089 2225 2155 alia
2263 2091 2706 2154 universitate.

933 2279 1028 2339 14.
1070 2289 1165 2337 DE
1211 2288 1798 2337 RESPONSIONIBUS
1841 2285 2475 2337 Pssouovsnnomm
2518 2289 2661 2336 TAM
2701 2287 3349 2340 meisraannonun
3393 2291 3585 2352 Qum

1857 2372 2642 2437 BAccALAamnonuu.²

752 2516 813 2572 15
996 2503 1228 2570 Nullus
1272 2504 1654 2570 admittatur
1706 2503 1792 2568 ad
1845 2513 2241 2591 temptamen
2296 2527 2415 2591 pro
2462 2502 2675 2589 gradu
2718 2505 3078 2589 magisterii
3120 2504 3191 2569 in
3234 2503 3508 2589 artibus,
3562 2505 3695 2569 nisi

839 2605 922 2670 ad
965 2605 1179 2670 minus
1227 2615 1454 2694 quater
1495 2604 1581 2669 ad
1639 2614 1857 2690 partes
1914 2602 2309 2691 principales
2361 2612 2426 2668 et
2467 2602 2567 2668 bis
2612 2602 2697 2669 ad
2754 2612 2973 2690 partes
3016 2605 3232 2669 minus
3290 2604 3694 2691 principales

834 2704 1182 2787 ordinarie,
1218 2715 1284 2769 et
1302 2703 1566 2769 totidem
1594 2701 2114 2768 extraordinarie
2136 2703 2487 2788 magistris,
2514 2724 2555 2767 a
2577 2701 2812 2789 quibus
2835 2701 2984 2768 talis
3009 2699 3113 2789 [35
3124 2700 3179 2791 b]
3204 2705 3544 2790 responsio
3566 2702 3693 2768 sibi

838 2806 1171 2889 assignata
1213 2804 1436 2886 fuerit,
1490 2801 1928 2889 responderit,
1986 2802 2082 2868 ita
2123 2800 2296 2888 quod
2339 2824 2380 2865 a
2420 2802 2740 2888 principio
2784 2823 2989 2889 usque
3032 2801 3120 2867 ad
3163 2803 3354 2867 finem
3402 2802 3691 2888 disputa·

839 2905 1039 2968 tionis
1093 2901 1336 2966 ibidem
1401 2902 1863 2989 permanserit,
1922 2901 2061 2965 sine
2122 2923 2321 2965 causa
2372 2900 2745 2966 rationabili
2797 2923 2925 2965 non
2982 2900 3363 2969 recedenda
3447 2902 3692 2967 Bacca·

752 3002 1173 3068 201ariandus
1230 3023 1387 3066 vero
1444 3000 1546 3065 bis
1608 3001 1938 3085 magistris
1998 3010 2063 3065 et
2123 3002 2358 3066 totiens
2417 2999 2808 3066 baccalariis
2867 2998 2953 3064 ad
3015 3011 3241 3086 partes
3294 3001 3691 3088 principales

837 3101 1072 3167 debeat
1113 3100 1560 3189 respondisse3
1618 3099 1701 3164 ad
1758 3111 1977 3188 partes
2025 3109 2238 3164 autem
2282 3102 2494 3165 minus
2539 3097 2937 3189 principales
2981 3108 3210 3187 quater
3251 3103 3585 3189 magistris
3630 3112 3694 3165 et

838 3212 1064 3288 quater
1119 3201 1505 3266 baccalariis
1563 3210 1815 3265 tenetur
1861 3210 1923 3265 et
1980 3199 2173 3265 debet
2216 3199 2656 3290 respondisse,
2711 3200 2873 3265 alias
2918 3199 3005 3263 ad
3062 3222 3338 3265 examen
3395 3225 3524 3266 non
3578 3201 3692 3265 ad-

836 3302 1145 3365 mittatur.
1217 3299 1309 3364 Et
1349 3300 1560 3365 idem³
1610 3299 2079 3386 respondentes
2122 3321 2161 3363 a
2204 3300 2527 3386 principio
2584 3322 2786 3386 usque
2845 3298 2933 3364 ad
2983 3298 3181 3363 finem
3234 3300 3694 3387 disputationis

836 3409 1171 3481 maneant,
1240 3400 1379 3464 sine
1431 3420 1631 3463 causa
1687 3397 2060 3463 rationabili
2123 3420 2252 3462 non
2311 3398 2706 3482 recedend03
2772 3400 2885 3485 qui
2950 3401 3008 3464 si
3074 3399 3375 3465 absentes
3437 3401 3694 3480 fixerint,

752 3498 1183 3565 25dummodo
1246 3500 1340 3563 eis
1400 3501 1694 3583 arguitur
1751 3497 1854 3562 vel
1920 3510 2372 3583 argumentum
2432 3500 2835 3584 proponitur,
2901 3502 3242 3585 responsio
3302 3498 3489 3582 talis,
3558 3499 3696 3562 sive

841 3598 1225 3687 principalis
1265 3598 1403 3663 sive
1446 3599 1656 3663 minus
1700 3596 2087 3685 principalis
2129 3596 2343 3679 suerit,
2385 3618 2515 3662 non
2557 3596 2751 3662 debet
2791 3599 3172 3685 computari.

845 3789 935 3849 15.
1001 3798 1572 3847 DISPUTATIONEM
1627 3797 2060 3846 ORDINARIAM
2114 3796 2259 3843 TAM
2308 3795 2810 3845 MAGISTRORUM
2864 3798 3057 3858 QUAM
3113 3798 3698 3847 BACCALARIORUH

923 3898 1381 3947 PROMOVENDI
1426 3896 1878 3962 DILIGENTER,
1922 3896 2052 3945 SUB
2096 3896 2242 3944 suls
2285 3896 2730 3962 IURAMENTIS,
2772 3897 3285 3958 FREQUENTARE
3328 3898 3613 3946 DEBENT

1993 3995 2085 4042 ET
2132 3995 2522 4045 TENENTUR.

759 4123 827 4179 30
1011 4111 1185 4192 Quia
1236 4114 1545 4199 perpauci
1598 4111 2025 4199 promovendi
2078 4112 2145 4175 in
2202 4110 2481 4194 artibus,
2536 4122 2608 4175 ut
2660 4134 2766 4176 res
2824 4113 2972 4199 ipsa
3026 4111 3274 4176 indicat
3328 4122 3396 4177 et
3452 4114 3694 4179 veritas

843 4221 1137 4294 testatur,
1196 4210 1702 4298 disputationem
1758 4210 2152 4276 ordinariam
2212 4222 2348 4275 tam
2405 4211 2865 4297 magistrorum
2926 4233 3121 4298 quam
3177 4210 3693 4277 baccalariorum

844 4308 1041 4398 (quae
1084 4320 1297 4376 tamen
1338 4311 1884 4375 fructuosissimus
1930 4321 2113 4374 actus
2167 4309 2587 4375 scholasticus
2644 4312 2710 4375 in
2752 4322 2974 4377 nostro
3016 4309 3227 4376 studio
3271 4314 3513 4376 artium
3557 4333 3694 4376 esse

843 4408 1229 4496 dinoscitur)
1274 4408 1748 4495 ingrediuntur,
1792 4432 1910 4474 nec
1953 4411 2080 4496 piis
2122 4409 2584 4475 monitionibus
2630 4411 2729 4494 (ut
2757 4412 3160 4498 experientia
3188 4410 3438 4496 docuit)
3478 4411 3694 4476 induci

845 4519 1087 4598 queant
1127 4519 1267 4591 etc„
1322 4509 1445 4574 hoc
1485 4508 1761 4574 facultas
1806 4511 2042 4574 artium
2090 4508 2333 4592 volens,
2386 4512 2481 4574 uti
2534 4518 2806 4593 tenetur,
2863 4509 3209 4575 emendare
3253 4520 3316 4575 et
3357 4512 3428 4575 in
3468 4510 3693 4575 melius

760 4619 828 4676 35
848 4610 1222 4692 reformare,
1276 4610 1640 4694 partimque
1693 4612 2026 4696 antiquam
2067 4608 2548 4674 observantiam
2607 4632 3035 4693 reassumens,
3095 4611 3347 4692 statuit,
3402 4610 3579 4698 quod
3628 4611 3692 4673 in

848 4720 1040 4774 antea
1080 4708 1351 4793 quilibet
1388 4707 1978 4795 promovendorum
2021 4718 2311 4796 tempore
2350 4708 2874 4795 dispensationis,
2913 4720 3049 4774 tam
3086 4732 3209 4796 pro
3252 4708 3694 4775 baccalariatu

1003 4980 1027 5029 1
1069 4975 1140 5030 D.
1177 4974 1212 5028 i.
1253 4972 1357 5028 auf
1383 4973 1483 5028 der
1518 4972 1778 5043 hiesigen.
1832 4970 1959 5041 Vgl.
1996 4971 2139 5027 oben
2177 4970 2234 5026 S.
2271 4977 2353 5040 25,
2392 4977 2412 5027 1
2454 4990 2507 5026 u.
2543 4978 2658 5041 313,
2694 4977 2775 5029 24.

1004 5064 1035 5114 2
1074 5060 1182 5114 Am
1217 5057 1414 5113 Raude
1449 5058 1757 5113 cmwzusum
1789 5057 1889 5110 sub
1923 5056 2320 5129 Koniyshoffen
2355 5057 2587 5112 inaniore.
2656 5056 2739 5110 Im
2775 5056 2951 5112 Jahre
2982 5060 3163 5124 150812,
3198 5059 3365 5111 151st
3400 5073 3517 5110 war
3536 5056 3692 5112 Nico-

847 5142 971 5197 laus
1002 5160 1054 5196 v.
1089 5142 1158 5197 K.
1209 5142 1424 5210 Decan,
1464 5145 1633 5197 l520b
1681 5140 2016 5196 Laurentius
2053 5158 2103 5195 v.
2141 5141 2210 5196 K.
2289 5140 2572 5196 Letzterer
2612 5132 2685 5195 ist
2731 5139 2871 5196 wohl
2924 5140 3180 5212 gemeint.
3254 5138 3520 5195 Offenbar
3570 5140 3695 5195 aber

851 5224 991 5280 fehlt
1021 5226 1109 5279 die
1143 5227 1400 5298 Angabe‚
1435 5243 1546 5279 was
1577 5226 1788 5280 damals
1824 5222 2172 5280 beschlosseu
2210 5225 2427 5279 worden
2463 5224 2556 5280 sei.

1006 5313 1036 5364 3
1069 5309 1198 5382 Vgl.
1234 5328 1306 5365 zu
1342 5309 1506 5381 XIII,
1544 5314 1603 5365 16
1636 5309 1735 5365 der
1769 5290 2032 5364 Statuten
2066 5326 2175 5364 von
2216 5314 2361 5367 1499.
