4038 6358
860 602 974 666 122

1813 605 1919 654 Des
1958 606 2224 656 Iohannes
2258 605 2415 655 Fabri
2450 607 2518 655 de
2552 606 2781 656 Werdea

852 806 997 850 rum
1049 782 1300 848 consilii
1354 783 1679 851 facultatis
1725 789 1960 852 artium
2003 788 2376 874 concepisse
2417 808 2495 852 ac
2534 809 2731 851 manu
2776 787 3046 873 propria
3085 786 3358 853 fidelita-
3404 790 3684 853 conscri-

853 885 1079 972 psisse.
1162 883 1239 949 In
1289 907 1558 972 quorum
1612 886 1893 952 omnium
1948 896 2011 951 et
2069 887 2470 974 singulorum
2526 886 3030 974 praemissorum
3081 886 3307 966 fidem,
3363 887 3571 954 robur
3610 910 3683 952 ac

852 983 1117 1049 evidens
1161 985 1598 1050 testimonium
1637 1008 1755 1051 nos
1802 986 2082 1051 decanus
2124 986 2533 1074 supradictus
2577 985 2859 1073 sigillum
2900 985 3256 1052 decanatus
3285 984 3390 1075 [35
3402 983 3461 1075 b]
3490 988 3688 1053 nostri

854 1083 1302 1171 praesentibus
1359 1084 1897 1151 testimonialibus
1958 1085 2192 1151 litteris
2242 1086 2549 1152 duximus
2587 1084 3087 1172 appendendum
3131 1095 3197 1152 et
3238 1086 3686 1175 appendimus.

802 1193 835 1248 5
850 1183 1070 1249 Datae
1139 1206 1308 1249 anno
1372 1182 1596 1249 salutis
1665 1185 2055 1251 christianae
2126 1185 2468 1252 millesimo
2545 1184 3183 1273 quadringentesimo
3266 1187 3687 1272 nonagesimo

852 1285 1095 1371 primo,
1143 1282 1248 1349 die
1289 1307 1444 1350 vero
1488 1284 1695 1367 Iovis,
1736 1285 2135 1372 paenultima
2170 1287 2410 1352 mensis
2455 1284 2875 1373 Septembris.

920 1456 1019 1520 80.
1079 1469 1425 1517 LITTERAE
1472 1470 2052 1537 TESTIMONIALES,
2099 1471 2292 1532 QUOD
2337 1471 2492 1531 QUIS
2532 1471 2668 1518 PER.
2710 1469 3095 1518 mmmm
3137 1469 3496 1518 connium
3538 1469 3609 1517 m

958 1569 1212 1618 STUDIO
1255 1569 1592 1617 STETERIT
1633 1571 2017 1631 IBIDEMQUE
2063 1566 2569 1619 PHILOSOPHIAE
2611 1571 2702 1618 ΕΤ
2744 1568 2991 1618 nolum
3034 1568 3596 1618 coNVERSA'rIONI

1882 1671 2163 1719 OPERAM
2204 1671 2656 1719 IMPENDERIT.

775 1796 837 1850 10
1019 1783 1258 1851 Coram
1317 1786 1636 1851 universis
1700 1797 1763 1852 et
1822 1787 2092 1874 singulis
2144 1795 2409 1853 sanctae
2440 1787 2670 1851 matris
2713 1784 3026 1851 ecclesiae
3065 1783 3246 1867 filiis,
3311 1795 3688 1872 praesentes

852 1886 1099 1951 litteras
1141 1886 1401 1968 visuris,
1445 1884 1707 1951 lecturis
1747 1886 1851 1951 vel
1873 1887 2229 1970 audituris,
2277 1910 2394 1952 nos
2426 1887 2518 1951 .N.
2563 1896 2684 1952 etc.
2727 1894 2945 1951 rector
2972 1890 3208 1950 ‘tenore
3248 1887 3689 1973 praesentium

852 1984 1112 2074 publice
1162 1986 1680 2072 recognoscimus
1738 1986 2111 2073 profitentes
2129 2036 2147 2070 ,
2203 1984 2493 2051 validum
2536 1986 2629 2053 Ν.
2676 1986 3013 2073 praefatae
3067 1992 3332 2050 nostrae
3372 1987 3686 2050 universi-

853 2087 1007 2150 tatis
1066 2087 1468 2173 suppositum
1522 2095 1585 2150 et
1641 2085 2002 2152 membrum
2055 2109 2196 2152 esse
2239 2084 2585 2151 admodum
2629 2094 2889 2171 gratum
2930 2084 3001 2149 in
3043 2084 3397 2170 eademque
3440 2086 3690 2150 univer·

854 2187 1041 2250 sitate
1093 2194 1317 2250 nostra
1371 2184 1771 2270 aliquamdiu
1820 2186 2142 2253 bonarum
2199 2185 2436 2251 artium
2494 2183 2858 2271 disciplinis
2913 2193 2979 2250 et
3026 2184 3358 2270 signanter
3400 2183 3691 2271 praecla-

775 2294 835 2350 15
856 2307 1074 2359 rorum
1116 2285 1349 2349 iurium
1389 2286 1958 2352 exercitationibus
1996 2288 2434 2374 virtutumque
2478 2307 2556 2349 ac
2595 2284 2915 2350 bonorum
2958 2306 3211 2349 morum
3248 2283 3507 2350 actibus
3548 2306 3690 2371 ope-

851 2407 993 2450 ram
1035 2382 1429 2473 impendisse
1475 2383 1867 2471 diligentem,

851 2483 1092 2549 ibidem
1120 2506 1373 2572 quoque
1402 2507 1519 2571 per
1554 2485 1899 2549 triennium
1931 2494 1995 2550 et
2013 2485 2188 2550 ultra

855 2583 1051 2650 studii
1094 2605 1173 2648 ac
1213 2585 1282 2647 in
1321 2582 1738 2675 philpsophia
1784 2583 2186 2649 exercitandi

855 2706 1054 2750 causa
1117 2686 1413 2749 continue
1483 2686 1764 2766 stetisse,
1831 2685 2185 2771 magistris,

769 2792 838 2848 20
858 2782 1267 2865 doctoribus,
1325 2783 1667 2851 licentiatis
1726 2782 1995 2871 aliisque
2054 2784 2187 2848 suis

853 2882 1208 2948 maioribus
1262 2882 1505 2947 ibidem
1554 2880 1934 2968 degentibus
1985 2881 2187 2949 hono-

852 3006 989 3048 rem
1029 2992 1091 3047 et
1121 2983 1549 3047 reverentiam
1580 2981 1833 3047 debitos
1861 2982 2186 3048 exhibuis-

856 3105 955 3164 se,
1000 3082 1220 3169 sicque
1263 3080 1553 3148 moribus
1591 3081 2080 3165 laudatissimis,

770 3293 835 3351 25

2267 2489 2381 2547 Am
2419 2488 2638 2548 Raude
2688 2507 2805 2545 von
2856 2487 2931 2545 F.
2973 2487 3414 2564 nachqetraqen
3431 2508 3453 2543 .·
3522 2483 3687 2548 insu-

2270 2608 2387 2672 per
2441 2592 2589 2672 post
2641 2593 2939 2671 tempora
2980 2581 3430 2669 completionis
3476 2582 3688 2648 lectio-

2268 2707 2443 2767 num,
2487 2684 2947 2749 exercitiorum
2988 2681 3391 2770 aliorumque
3433 2692 3687 2747 actuum

2272 2783 2834 2865 scholasticorum,
2901 2780 3383 2847 baccalariatus
3442 2790 3511 2846 et
3565 2803 3687 2845 ma-

2271 2883 2521 2970 gisterii
2568 2884 2639 2947 in
2701 2881 2950 2946 artibus
3001 2881 3247 2968 gradus
3306 2874 3686 2947 concernen-

2272 2986 2452 3065 tium,
2493 2985 2682 3049 iuxta
2723 2988 2985 3048 nostrae
3026 2981 3476 3047 universitatis
3508 3002 3685 3069 prae-

2272 3084 2484 3149 dictae
2526 3084 2723 3148 ritum
2762 3091 2827 3146 et
2854 3079 3402 3165 consuetudinem,
3446 3082 3686 3167 rigoro-

2272 3185 2362 3252 sis
2406 3181 2816 3249 examinibus
2869 3182 3323 3268 consuetisque
3369 3181 3685 3247 sollemni-

2269 3283 2513 3349 tatibus
2582 3281 3016 3370 praehabitis,
3100 3281 3358 3348 eosdem
3444 3280 3685 3368 gradus

2271 3384 2637 3450 successive
2685 3380 2907 3470 palam
2964 3391 3030 3447 et
3087 3379 3485 3448 sollemniter
3538 3403 3685 3469 pro·

2272 3483 2577 3549 motionis
2633 3482 2861 3547 laurea
2902 3480 3214 3569 adeptum
3257 3481 3461 3546 fuisse
3481 3530 3500 3563 ,
3551 3490 3684 3546 tan-

2274 3583 2546 3668 demque
2588 3592 2741 3670 post
2785 3581 3094 3670 adeptum
3131 3581 3584 3668 magisterium
3622 3581 3686 3645 in

2273 3682 2450 3748 dicta
2483 3683 2912 3749 universitate
2954 3680 3252 3767 legendo,
3297 3679 3682 3769 disputando

2272 3782 2564 3870 aliosque
2631 3790 2814 3847 actus
2870 3780 3290 3847 scholasticos
3349 3779 3683 3868 diligenter

2270 3880 2631 3949 exercendo
2690 3903 2807 3969 per
2853 3880 3186 3946 biennium
3224 3889 3289 3946 et
3329 3879 3504 3947 ultra
3544 3900 3680 3945 eon-

2267 3982 2447 4047 tinue
2491 3983 2766 4064 stetisse,
2809 3979 3100 4047 moribus
3144 3978 3426 4069 denique
3467 3978 3680 4046 lauda·

2267 4081 2535 4146 tissimis
2580 4089 2702 4148 etc.

852 4182 1028 4246 vitae
1081 4202 1335 4268 quoque
1390 4180 1637 4245 meritis
1690 4178 2176 4267 praestantibus
2238 4178 2586 4267 plurimum
2641 4176 3219 4246 commendabilem
3273 4200 3415 4244 sese
3477 4176 3679 4243 reddi·

771 4289 837 4346 35
858 4278 1062 4364 disse,
1111 4289 1183 4344 ut
1233 4279 1410 4345 haud
1458 4280 1778 4344 immerito
1831 4280 1900 4344 in
1961 4280 2399 4345 virtuosorum
2439 4300 2708 4345 numero
2753 4274 2858 4365 [36
2870 4276 2921 4366 ²]
2969 4277 3201 4344 haberi
3244 4277 3678 4365 computarive

855 4378 1104 4444 debeat.
1191 4378 1412 4460 Quare
1455 4388 2039 4466 praememoratum
2084 4378 2414 4444 dominum
2460 4378 2583 4461 .N.‚
2625 4388 2889 4444 nostrae
2933 4376 3338 4465 praelibatae
3376 4375 3677 4444 universi-

855 4481 1007 4545 tatis
1049 4478 1412 4545 membrum
1454 4488 1518 4544 et
1553 4476 1880 4542 alumnum
1920 4476 2254 4555 dilectum,
2314 4476 2610 4544 omnibus
2666 4486 2731 4543 et
2785 4477 3091 4564 singulis,
3148 4476 3237 4543 ad
3290 4493 3453 4565 'quos
3507 4496 3678 4563 prae·

857 4588 1068 4645 sentes
1106 4587 1369 4646 nostrae
1412 4579 1826 4666 pervenerint
1866 4577 2141 4660 litterae,
2179 4576 2455 4642 fideliter
2506 4576 3108 4643 recommendamus
3121 4626 3141 4661 ,
3196 4598 3389 4667 quam
3432 4573 3677 4642 sinceri·

853 4689 953 4746 ter
1004 4689 1341 4766 rogantes,
1394 4685 1707 4762 quatenus
1763 4676 1971 4742 eidem
2013 4676 2274 4743 domino
2320 4677 2432 4758 .N.,
2472 4686 2737 4743 nostrae
2784 4677 3224 4744 universitatis
3261 4677 3500 4742 intuitu
3547 4697 3674 4740 suo·

781 4791 851 4847 40
866 4801 1138 4867 rumque
1177 4779 1552 4844 meritorum
1595 4776 2162 4864 contemplatione,
2218 4777 2494 4859 favoris,
2545 4775 3063 4861 benevolentiae,
3108 4776 3361 4843 consilii
3378 4826 3396 4859 ,
3438 4796 3676 4865 promo-

852 4880 1048 4946 tionis
1092 4887 1156 4943 et
1197 4876 1427 4944 auxilii
1469 4875 1784 4941 beneficia
1826 4878 1895 4941 in
1937 4877 2073 4942 suis
2114 4875 2332 4959 rebus,
2377 4877 2591 4942 causis
2627 4885 2690 4941 et
2713 4878 3012 4963 negotiis,
3057 4877 3221 4942 actis
3257 4877 3365 4944 vel
3401 4871 3674 4964 agendis,

855 4979 1216 5044 favorosius
1259 4977 1579 5064 impertiri
1621 4976 1987 5064 dignentur,
2030 4999 2153 5042 nos
2197 4998 2315 5063 per
2355 4975 2480 5041 hoc
2523 4976 2609 5041 ad
2650 4975 3030 5059 consimilia,
3085 4977 3280 5046 immo
3322 4976 3515 5063 longe
3556 4995 3674 5039 ma·

858 5081 1000 5144 iora
1042 5077 1658 5165 complacentiarum
1699 5099 1941 5164 genera
1985 5076 2502 5163 constringendo.
2586 5076 2663 5142 In
2686 5145 2701 5153 ,
2714 5098 2990 5162 quorum
3035 5078 3322 5143 omnium
3366 5087 3431 5142 et
3476 5078 3674 5160 singu·

855 5178 1066 5245 lorum
1107 5181 1613 5264 praemissorum
1653 5176 1883 5259 fidem,
1929 5175 2134 5242 robur
2177 5199 2256 5241 ac
2298 5176 2564 5241 evidens
2605 5177 3041 5243 testimonium
3082 5185 3445 5243 rectoratus
3485 5171 3677 5240 nostri

773 5289 839 5344 ὦ
860 5277 1142 5366 sigillum
1181 5277 1634 5365 praesentibus
1680 5276 1985 5342 duximus
2031 5275 2530 5363 appendendum
2574 5285 2639 5342 et
2683 5276 3130 5364 appendimus.
3212 5277 3432 5343 Datae
3473 5285 3585 5341 etc.
