4038 6358
1088 578 1281 633 zwnite
1315 579 1844 645 Sutntenredactiom
1881 596 1989 637 von
2027 580 2378 637 1436-1465.
3034 580 3149 648 331

261 763 514 848 tibus,
561 763 668 853 qui
709 784 842 831 non
879 762 1300 831 admittantur
1340 765 1427 834 ad
1467 773 1880 856 temptamen,
1918 764 2047 833 nisi
2086 766 2301 833 sexies
2342 763 2795 857 responderint
2832 762 3162 830 ordiniare

265 876 360 930 et
415 865 670 931 tociens
710 862 1248 933 extraordinarie.

319 1036 446 1097 37.
491 1049 569 1099 12³
602 1049 800 1118 ,Quor
843 1050 1464 1102 DISPUTACIOHIBUS
1507 1051 1902 1103 ORDmARns
1943 1052 2447 1103 MAGISTRORUM
2486 1049 3005 1103 Pnouovmmus
3047 1046 3121 1097 m

1169 1150 1464 1202 ABTIBUS
1509 1153 1836 1203 TENETUB
1879 1153 2312 1205 COEPARERE.

1553 1272 1677 1336 Vgl.
1713 1286 1761 1324 a.
1798 1272 1874 1324 St.
1910 1272 1998 1332 26,
2032 1272 2081 1325 3.
2956 1316 2961 1328 .
3212 1269 3247 1325 5

475 1386 640 1452 Item
679 1382 894 1451 nullus
934 1383 1453 1451 baccalariornm
1489 1388 1739 1453 arcium
1781 1386 2161 1453 admittatur
2206 1387 2293 1453 ad
2336 1394 2730 1475 temptamen
2772 1383 3157 1471 magistran-

281 1484 565 1566 dorum,
609 1484 742 1549 nisi
781 1485 852 1549 in
892 1486 1296 1551 consciencia
1337 1509 1458 1552 sua
1500 1486 1702 1569 dicat,
1760 1486 1931 1573 quod
1969 1488 2041 1552 in
2084 1492 2164 1555 30
2204 1485 2758 1574 disputacionibus
2810 1482 3156 1550 ordinariis

283 1584 774 1668 magistrorum
815 1606 1123 1671 praesens
1167 1584 1289 1650 fuit
1328 1594 1462 1651 tam
1504 1585 1636 1670 diu,
1679 1586 1885 1653 donec
1923 1586 2220 1654 adminus
2263 1589 2547 1676 quinque
2587 1585 2883 1671 magistri
2924 1605 3151 1669 argue·

285 1682 494 1765 bant,
537 1684 594 1748 si
639 1682 866 1750 saltem
902 1693 1000 1751 tot
1037 1693 1186 1750 sunt
1224 1684 1319 1751 ibi
1359 1687 1657 1773 magistri
1700 1696 2063 1774 arguentes,
2134 1687 2318 1753 Idem
2358 1685 2738 1772 intelligitur
2774 1683 2857 1749 de
2900 1682 3157 1749 studen-

299 1782 506 1849 tibus
547 1782 636 1849 ad
677 1782 956 1867 gradum
994 1783 1474 1851 baccalariatus
1514 1787 1584 1851 in
1627 1785 1874 1852 artibus
1911 1785 2277 1852 volentibus
2318 1784 2702 1874 promoveri.
3188 1790 3253 1847 10

369 1955 478 2019 38.
521 1968 594 2016 m
635 1967 827 2029 Quor
863 1968 1485 2019 msruncmmus
1527 1970 1923 2019 onon-unns
1965 1970 2546 2020 BAccALAluomm
2583 1966 3101 2019 rnouovmmus

869 2069 964 2117 AD
1009 2068 1301 2119 amun
1340 2070 1745 2120 mexsrnnn
1786 2071 2114 2120 TENETUR
2157 2052 2626 2120 commun!

1479 2190 1600 2255 ναι.
1631 2205 1682 2244 a.
1717 2190 1793 2242 st.
1828 2190 1910 2251 26,
1943 2190 2030 2241 ει».

477 2300 644 2366 Item
711 2298 926 2367 nullus
991 2300 1512 2370 baccalariorum
1586 2304 1780 2370 debet
1840 2303 2097 2370 admitti
2161 2303 2247 2370 ad
2311 2312 2708 2394 temptamen
2768 2324 2887 2390 pro
2953 2298 3167 2387 gradu

303 2399 702 2485 magisterii,
758 2400 886 2466 nisi
938 2401 1008 2465 in
1050 2402 1455 2468 consciencia
1510 2426 1629 2470 sua
1669 2404 1872 2487 dicat,
1928 2402 2101 2492 quod
2145 2406 2327 2492 prius
2369 2405 2437 2468 in
2480 2410 2559 2472 30
2601 2398 3159 2491 disputacionibus
3184 2406 3246 2464 15

315 2498 670 2565 ordinariis
715 2498 1229 2567 baccalariorum
1273 2503 1621 2602 arguebat,
1665 2505 1722 2568 si
1761 2503 1972 2569 locum
2015 2503 2334 2591 arguendi
2373 2500 2615 2568 habere
2653 2503 2876 2588 potuit.

697 2668 798 2735 39.
839 2684 934 2733 nn
977 2684 1178 2735 nono
1215 2686 1664 2736 Amnr‘rmml
1700 2688 1795 2736 AD
1834 2684 2123 2737 nmis
2163 2687 2301 2735 vm.
2345 2685 2791 2735 mur-rw.

473 2799 642 2865 Item
681 2798 896 2865 nullus
935 2800 1026 2867 ad
1069 2822 1349 2868 examen
1389 2802 1494 2869 vel
1538 2810 1939 2889 temptamen
1983 2800 2378 2882 admittatur,
2430 2802 2560 2867 nisi
2602 2822 2821 2869 coram
2862 2800 3160 2867 omnibus

311 2899 642 2985 magistris
685 2908 981 2986 tempore
1023 2902 1508 2989 conspeccionis
1551 2922 1980 2989 personarum
2019 2902 2090 2963 in
2126 2900 2535 2965 consciencia
2580 2922 2699 2965 sua
2743 2900 2935 2981 dicat,
2978 2897 3151 2986 quod

318 2995 633 3064 lecciones
677 3020 828 3063 suas
873 3008 938 3064 et
973 3002 1314 3084 exercicia,
1361 3000 1714 3067 secundum
1758 3009 2046 3091 tenorem
2091 3000 2331 3081 statuti,
2388 3000 2633 3086 apertis
2675 2997 2960 3064 textibus
3016 3020 3163 3063 cum
3180 3004 3249 3063 m

323 3096 668 3184 diligencia
711 3096 1061 3182 audiverit,
1115 3102 1209 3166 sic
1251 3101 1424 3187 quod
1462 3111 1595 3166 tres
1635 3099 1960 3166 lecciones
2002 3097 2351 3164 inmediate
2395 3121 2464 3164 se
2508 3106 2845 3187 sequentes
2890 3096 2995 3163 vel
3035 3098 3165 3161 tria

322 3198 642 3264 exercicia
695 3197 1045 3265 inmediate
1100 3223 1170 3265 se
1227 3202 1559 3289 sequentia
1611 3223 1742 3267 non
1783 3198 2171 3287 neglexerit,
2227 3221 2349 3265 nec
2406 3208 2555 3264 ante
2608 3197 2803 3263 finem
2859 3197 3164 3264 leccionis

323 3298 424 3364 vel
481 3297 791 3364 exercicii
831 3299 970 3364 sine
1010 3320 1212 3365 causa
1260 3299 1600 3367 rationali²
1654 3301 1886 3382 exivit,
1941 3321 2063 3365 nec
2102 3321 2235 3364 una
2275 3298 2438 3364 hora
2488 3296 2650 3363 duas
2702 3295 3022 3362 lecciones
3065 3295 3169 3361 vel

327 3397 448 3464 duo
492 3397 815 3463 exercicia
853 3396 1155 3465 habuerit
1167 3449 1184 3482 ‚
1240 3408 1305 3465 et
1345 3398 1522 3488 quod
1567 3397 1917 3487 quemlibet
1957 3399 2365 3484 magistrum,
2420 3419 2461 3461 a
2498 3417 2625 3484 quo
2668 3394 3025 3462 leccionem
3067 3393 3172 3460 vel

325 3498 706 3564 exercicium
751 3496 1032 3581 audivit,
1077 3497 1196 3564 sub
1236 3497 1519 3565 leccione
1548 3497 1654 3564 vel
1694 3497 2018 3563 exercicio
2066 3494 2417 3562 secundum
2454 3503 2745 3561 tenorem
2788 3497 3011 3562 statuti
3052 3494 3161 3561 de·
3180 3501 3249 3558 25

332 3619 518 3685 super
557 3595 832 3663 confecti
873 3606 1242 3664 contentum
1282 3599 1526 3666 fecerit.

503 3767 603 3828 40.
644 3779 741 3828 nn
782 3781 1081 3847 AETATE,
1121 3781 1674 3830 men-rmum
1720 3781 1813 3829 nr
1855 3780 1951 3829 nn
1994 3779 2301 3829 uomens
2342 3777 2985 3828 Pnouovmmomm.

481 3895 646 3960 Item
696 3894 911 3962 nullus
962 3895 1342 3962 admittatur
1386 3895 1473 3962 ad
1518 3919 1797 3963 examen
1845 3920 1966 3985 pro
2009 3895 2223 3983 gradu
2262 3893 2738 3960 baccalariatus
2789 3895 2857 3958 in
2898 3891 3168 3976 artibus,

335 3995 448 4059 nisi
488 3995 775 4081 attigerit
829 4017 1070 4061 annum
1121 3995 1335 4079 XVII,
1391 4019 1512 4062 nec
1560 4019 1680 4084 pro
1738 3996 1950 4084 gradu
2002 3994 2364 4082 magisterii
2421 3994 2507 4059 ad
2562 4003 2974 4081 temptamen,
3032 3993 3162 4058 nisi

336 4095 606 4180 attigerit
650 4115 888 4159 annum
930 4099 1029 4177 21,
1079 4102 1142 4160 et
1189 4095 1270 4161 de
1320 4095 1634 4183 legittimo
1691 4096 2100 4161 matrimonio
2153 4103 2342 4158 natus
2387 4094 2471 4157 sit
2524 4101 2589 4158 et
2642 4091 2807 4158 alias
2863 4091 3149 4158 moribus
3167 4101 3237 4157 30

335 4193 844 4260 commendabilis
888 4195 1156 4278 existat,
1213 4197 1306 4260 sic
1347 4194 1517 4283 quod
1558 4196 1629 4262 in
1671 4193 1846 4262 nullo
1891 4217 2163 4261 excessu
2205 4191 2475 4259 notabili
2518 4201 2582 4257 et
2623 4193 2874 4258 notorio
2920 4192 3146 4279 depre-

332 4291 546 4357 hensus
586 4292 807 4379 fuerit,
861 4294 1037 4384 quod
1082 4294 1164 4361 de
1203 4293 1491 4382 quolibet
1541 4317 1854 4377 seorsum,
1915 4293 2163 4360 scilicet
2203 4291 2285 4358 de
2327 4300 2540 4356 aetate
2581 4300 2646 4356 et
2696 4290 3153 4380 legittimitate,

336 4401 468 4456 ante
507 4389 966 4460 admissionem
1008 4393 1096 4459 ad
1147 4416 1424 4461 examen
1473 4393 1579 4460 vel
1632 4403 2028 4481 temptamen
2079 4415 2198 4480 per
2241 4390 2560 4457 decanum
2607 4389 2971 4478 inquiratur
3016 4389 3159 4456 dili-

337 4487 572 4576 genter3‘
614 4513 773 4578 quos
817 4493 1024 4558 eciam
1052 4502 1117 4559 et
1156 4492 1523 4580 quemlibet,
1566 4494 1635 4558 in
1680 4491 1914 4578 aliquo,
1957 4502 2031 4558 ut
2074 4491 2528 4580 praemittitur,
2569 4511 2842 4554 excessu
2881 4488 3158 4556 notabili

338 4591 564 4657 notorio
607 4590 1018 4680 culpabilem,
1073 4591 1346 4682 quilibet
1399 4594 1862 4680 magistrorum
1903 4592 2114 4657 sciens
2160 4588 2265 4678 [59
2280 4589 2331 4676 b]
2379 4587 2810 4655 denuncciare
2853 4599 2917 4654 et
2954 4589 3157 4675 impe-
3175 4597 3242 4655 35

339 4689 460 4756 dire
509 4700 724 4779 potest
761 4701 828 4757 et
868 4699 1156 4775 tenetur3
1218 4713 1339 4757 nec
1393 4693 1598 4758 eciam
1647 4689 1798 4755 talis
1851 4691 1920 4755 in
1973 4700 2301 4778 posterum
2358 4687 2758 4771 admittatur,
2802 4688 2930 4752 nisi
2989 4686 3151 4753 adeo

339 4787 721 4857 laudabiliter
762 4801 827 4857 et
867 4790 1156 4856 virtuose
1197 4813 1268 4856 se
1289 4821 1292 4826 ·
1310 4793 1583 4874 rexerit,
1639 4787 1813 4880 quod
1865 4811 1948 4853 ex
1992 4798 2325 4855 transacta
2364 4789 2659 4854 virtuosa
2709 4788 2769 4852 ei
2787 4810 2861 4852 us
2904 4787 3042 4852 vita
3084 4784 3165 4851 de

487 5010 508 5062 1
542 5005 661 5062 Fiir
694 5023 1010 5080 corrupta-ore
1043 5009 1120 5066 ist
1153 5027 1264 5066 von
1298 5011 1545 5081 spaterer
1577 5007 1748 5063 Hand
1778 5005 2139 5080 geschrieben
2172 5021 2417 5076 arguere.

480 5095 510 5146 2
541 5089 680 5146 Hier
731 5089 948 5147 scheint
999 5092 1254 5148 wirklich
1306 5092 1582 5149 rationali
1629 5109 1700 5148 zu
1749 5090 1972 5160 stehen3
2028 5095 2183 5146 sonat
2236 5089 2310 5145 ist
2362 5089 2466 5144 das
2516 5086 2961 5160 gewoh'nlichere
2995 5087 3162 5144 Wort

342 5173 676 5242 ratimbn'ln‘s,
721 5175 835 5229 und
867 5172 985 5230 dies
1019 5176 1094 5234 ist
1125 5175 1300 5233 daher
1334 5177 1548 5234 iiberall
1597 5181 1812 5252 gesetzt
1825 5219 1841 5247 ‚
1882 5193 1966 5233 wo
2003 5172 2183 5240 nicht,
2222 5173 2325 5230 wie
2367 5173 2503 5244 hier,
2545 5173 2636 5228 die
2669 5171 3020 5244 Abkiirzung
3063 5189 3171 5228 nur

345 5257 432 5312 auf
452 5257 532 5314 die
567 5263 772 5315 cratere
805 5259 970 5316 Form
1009 5257 1250 5318 hinwies.
