4038 6358
774 613 895 680 428
1746 618 1847 669 Dis
1889 618 2327 683 philosophische
2362 621 2620 672 Facultat.

772 800 871 862 27.
896 792 1013 883 [Bl.
1044 801 1125 863 27
1139 793 1188 885 ⁰]
1226 817 1685 868 mammam
1715 820 2042 887 saonam,
2084 822 2219 870 rna
2247 821 2714 875 mcum-unu
2737 821 2998 873 Ancum
3025 822 3626 872 mmomnm'rnn

772 913 1138 963 cormrrtm
1203 917 1295 964 ΕΤ
1362 919 1497 967 rna
1564 920 1895 971 samona-s
1957 921 2329 971 Docroans
2394 921 2919 971 uurvnasrmms
2988 923 3446 972 ammarum
3508 923 3621 971 ET

770 1012 1254 1076 armenum,
1307 1018 1442 1065 msc
1484 1019 1629 1068 Non
1682 1022 1818 1069 rna
1870 1022 2263 1071 nmscoruu
2305 1023 2944 1073 massanum-usam
2997 1021 3465 1073 flammeam
3510 1023 3618 1071 ετ

771 1112 1288 1181 conmam‘ruu,
1328 1119 1677 1168 manum*
1708 1121 1936 1171 omns
1974 1124 2068 1172 ΕΤ
2115 1122 2392 1173 sumum
2431 1124 2758 1173 mms'rm
2800 1124 3127 1173 TEMPORE
3156 1121 3618 1172 nscsrcmms

685 1201 719 1257 5
771 1212 863 1260 An
910 1212 1281 1265 cousmnm
1318 1218 1573 1267 mons
1616 1221 2045 1272 FACULTATIS
2083 1223 2345 1273 Ancum
2384 1225 2472 1273 ac
2509 1225 2737 1274 oms
2759 1224 3156 1273 mesncwn
3193 1224 3270 1272 m
3297 1223 3615 1289 aurnum,

1325 1318 1477 1366 mm
1518 1321 1793 1370 ΡΕΤΕΝΤ
1837 1323 2211 1374 monacum
2247 1326 2631 1374 mmmmm
2670 1326 2742 1373 m
2784 1324 3060 1374 msmm.

939 1451 1144 1533 „Item
1184 1454 1348 1536 iur0‚
1390 1454 1562 1540 quod
1602 1479 1920 1543 personae
1957 1459 2063 1524 vel
2102 1460 2417 1547 personis,
2461 1469 2687 1526 contra
2742 1481 2937 1546 quam
2978 1456 3083 1522 vel
3126 1478 3293 1542 quas
3334 1454 3604 1521 facultas

771 1551 1022 1614 arcium
1065 1562 1332 1640 propter
1375 1577 1524 1619 suos
1568 1578 1875 1622 excessus
1918 1559 2333 1642 exclusionis,
2377 1559 2818 1646 suspensionis
2863 1580 2977 1623 seu
3019 1556 3151 1622 alia
3193 1556 3427 1642 quavis
3460 1576 3597 1620 con-

773 1649 971 1737 digna
1014 1674 1228 1739 poena
1265 1657 1653 1740 processerit
1715 1665 1828 1722 aut
1895 1658 2254 1745 procedere
2312 1659 2676 1744 contigerit,
2734 1656 3100 1722 nullatenus
3145 1655 3342 1723 velim
3397 1665 3600 1720 astare

699 1758 761 1815 ¹0
775 1760 885 1815 aut
931 1773 1072 1816 eam
1112 1751 1218 1818 vel
1261 1775 1371 1818 eas
1390 1804 1408 1835 ,
1495 1756 1550 1819 si
1614 1754 1770 1843 quid
1823 1767 2048 1822 contra
2104 1757 2343 1824 dictam
2377 1758 2747 1823 facultatem
2794 1757 3042 1822 arcium
3086 1764 3357 1842 propter
3396 1754 3599 1821 huius·

771 1849 949 1915 modi
987 1873 1263 1938 poenam
1309 1852 1434 1919 sibi
1474 1854 1787 1921 inflictam
1830 1865 2150 1923 attentare
2192 1857 2706 1945 praesumpserit
2745 1856 2852 1921 vel
2895 1854 3489 1944 praesumpserint,
3541 1856 3603 1919 in

776 1973 892 2016 suo
934 1953 1266 2038 proposito
1309 1955 1536 2038 quovis
1577 1955 1771 2021 modo
1814 1957 2181 2023 confortare
2221 1958 2324 2023 vel
2361 1957 2677 2022 adiuvare
2719 1978 2839 2020 nec
2884 1957 3081 2021 etiam
3139 1954 3414 2036 factum,
3481 1976 3602 2019 cer·

772 2058 906 2115 tam
947 2074 1292 2137 personam
1339 2075 1453 2118 seu
1498 2065 1709 2121 certas
1749 2078 2060 2142 personas
2106 2076 2532 2140 concernens,
2594 2056 2811 2122 facere
2852 2053 3194 2120 nacionale
3235 2062 3349 2119 aut
3391 2063 3464 2119 ut
3502 2076 3604 2118 na·

773 2149 1022 2216 cionale
1064 2149 1180 2217 fiat
1218 2152 1370 2235 (hoc
1412 2162 1528 2236 est,
1568 2155 1744 2242 quod
1781 2156 1969 2221 nacio
2018 2178 2162 2222 sese
2218 2156 2300 2223 de
2351 2155 2719 2223 huiusmodi
2772 2154 2944 2219 facto
2995 2154 3411 2231 intromittat)
3469 2175 3604 2218 con·

695 2259 756 2315 15
772 2252 1028 2332 sentire,
1071 2273 1193 2316 nec
1234 2253 1440 2317 eciam
1483 2252 1628 2319 aliis
1670 2255 1740 2318 in
1781 2255 1955 2320 idem
1998 2256 2558 2322 consencientibus
2621 2279 2739 2344 per
2780 2276 2883 2319 me
2924 2252 3031 2318 vel
3071 2251 3268 2317 alium
3287 2301 3307 2335 ,
3371 2251 3608 2317 directe

776 2350 883 2415 vel
925 2349 1239 2417 indirecte
1287 2374 1399 2417 seu
1441 2354 1672 2439 quovis
1710 2353 1837 2419 alio
1880 2354 2091 2438 modo,
2136 2356 2474 2423 consilium
2525 2355 2631 2420 vel
2686 2353 3002 2420 auxilium
3064 2360 3436 2439 praestare,
3498 2374 3612 2417 nec

784 2450 993 2515 eciam
1035 2450 1618 2517 convocacionibus
1662 2462 1776 2518 aut
1813 2455 2031 2520 verius
2075 2455 2558 2537 conventiculis,
2598 2455 2715 2521 ubi
2753 2452 2914 2519 talia
2957 2451 3187 2517 fierent
3230 2463 3344 2518 aut
3383 2462 3610 2518 tracta·

773 2558 1015 2632 rentur,
1055 2550 1537 2635 quomodolibet
1578 2552 1908 2635 interesse,
1959 2554 2078 2622 sub
2126 2577 2338 2642 poena
2393 2556 2662 2642 periurii
2704 2575 2782 2619 ac
2826 2562 3182 2640 perpetuae
3223 2552 3609 2619 exclusionis

774 2671 816 2714 a
857 2649 1124 2714 consilio
1163 2649 1490 2716 facultatis
1526 2652 1795 2733 arcium,
1838 2653 1892 2717 si
1937 2654 2297 2721 membrum
2341 2654 2628 2721 eiusdem
2668 2653 2874 2734 fuero,
2914 2660 3025 2717 aut
3068 2652 3467 2739 privacionis
3492 2652 3610 2717 loci

690 2755 758 2813 20
774 2758 837 2814 et
880 2749 1216 2815 carenciae
1258 2751 1540 2815 omnium
1583 2749 2160 2819 emolumentorum
2208 2755 2538 2841 praefatae
2575 2752 2906 2819 facultatis
2967 2752 3220 2816 arcium
3274 2772 3354 2815 ac
3412 2751 3612 2816 eciam

774 2857 1033 2913 actuum
1073 2848 1564 2936 magistralium,
1609 2852 1668 2915 si
1709 2860 1897 2918 extra
1920 2853 2258 2919 consilium
2300 2853 2712 2941 saepedictae
2735 2851 3066 2918 facultatis
3097 2850 3349 2916 arcium
3377 2850 3614 2917 fuero.“

773 3019 873 3081 28.
937 3030 1309 3082 s'rA'ru‘ruu
1363 3033 1642 3084 CONTRA
1682 3036 2096 3087 nnmronns
2137 3039 2276 3087 Aur
2328 3034 2911 3086 rusmcxronns
2956 3032 3433 3084 STATtJ'romm
3484 3033 3612 3080 vm,

777 3129 1290 3182 coucnusoatm
1353 3134 1427 3183 m
1480 3135 1706 3184 mes
1780 3135 2211 3186 FAan‘rA'ms
2279 3136 2542 3188 ancum
2603 3136 2750 3185 NON
2817 3134 2970 3184 snm
3034 3132 3609 3183 mmouanmmus

1275 3234 1508 3283 cansls
1551 3235 2088 3301 msclur'ronun,
2131 3236 2414 3287 norun
2450 3236 2638 3286 Almo
2681 3235 2836 3285 mc.
2886 3217 3097 3285 1490.¹

693 3371 760 3429 25
938 3362 1110 3444 Quia
1150 3365 1425 3431 facultas
1490 3369 1739 3434 arcium
1793 3378 2064 3456 propter
2121 3368 2526 3458 quorundam
2582 3367 3063 3450 conclusorum,
3123 3367 3192 3431 in
3258 3363 3431 3431 libro
3491 3366 3616 3430 iam

775 3464 986 3530 dictae
1024 3463 1349 3531 facultatis
1390 3490 1511 3554 pro
1554 3469 1869 3533 memoria
1911 3492 2130 3534 rerum
2181 3478 2510 3556 gestarum
2566 3490 2646 3533 ac
2697 3466 2868 3534 bono
2927 3477 3098 3532 statu
3153 3464 3451 3530 eiusdem
3491 3488 3618 3530 non

776 3565 914 3629 sine
955 3564 1458 3631 racionabilibus
1505 3569 1718 3633 causis
1764 3591 1881 3655 per
1924 3567 2205 3635 decanos
2238 3571 2466 3656 vigore
2494 3567 2825 3634 cuiusdem
2869 3566 3093 3631 statuti
3121 3565 3319 3631 iurati
3348 3566 3616 3651 inscrip-

779 3672 1011 3747 torum,
1040 3663 1454 3749 delecionem,
1486 3668 1934 3750 exscisionem,
1964 3666 2453 3751 laceracionem,
2488 3665 3030 3733 cancellacionem
3055 3673 3509 3752 certorumque
3531 3664 3619 3728 fo-

774 3762 1006 3829 liorum
1033 3763 1720 3832 conbituminacionem
1747 3776 1864 3832 etc.
1887 3769 2226 3833 retroactis
2253 3767 2650 3855 temporibus
2680 3764 3122 3852 multipliciter
3146 3764 3215 3828 in
3242 3760 3349 3851 [27
3360 3759 3414 3851 b]
3449 3763 3618 3852 quie·

694 3871 932 3947 30tata,
972 3863 1254 3948 turbata,
1283 3864 1624 3931 molestata
1652 3865 1997 3955 multisque
2022 3865 2335 3953 gravibus
2375 3889 2454 3932 ac
2484 3865 2817 3931 inutilibus
2861 3865 3167 3952 expensis
3208 3863 3621 3928 damnificata

777 3961 1153 4046 dinoscitur,
1196 3986 1275 4031 ea
1320 3974 1608 4053 propter,
1654 3976 1726 4031 ut
1766 3966 2136 4033 huiusmodi
2161 3966 2518 4032 incomodis
2543 3988 2623 4031 ac
2649 3964 2906 4030 damnis
2932 3966 3002 4029 in
3035 3964 3318 4029 futurum
3365 3985 3619 4027 succur-

776 4070 959 4127 ratur
999 4061 1354 4151 honorique
1395 4087 1472 4129 ac
1514 4065 1778 4130 utilitati
1823 4065 2036 4131 dictae
2080 4065 2405 4131 facultatis
2449 4067 2695 4131 arcium
2726 4064 3072 4130 salubriter
3103 4061 3495 4144 consulatur,
3541 4081 3620 4126 ne

776 4183 1028 4250 quoque
1069 4161 1227 4227 talia
1270 4171 1380 4228 aut
1421 4164 1784 4230 consimilia
1828 4163 2146 4249 decetero,
2191 4166 2379 4230 sicuti
2422 4168 2624 4253 prius,
2670 4165 3046 4251 contingant
3071 4173 3219 4247 etc„
3267 4161 3498 4228 statuit
3540 4183 3616 4226 ac

775 4259 1103 4326 ordinavit
1145 4260 1321 4328 dicta
1360 4262 1635 4329 facultas
1680 4266 1924 4330 arcium
1965 4264 2548 4353 praesentibusque
2589 4265 2816 4330 statuit
2858 4287 2938 4329 ac
2965 4262 3241 4345 ordinat,
3272 4260 3447 4349 quod
3486 4260 3619 4326 nul·

692 4359 872 4426 351us
942 4359 1335 4427 decanorum
1396 4362 1500 4428 vel
1561 4365 2023 4452 magistrorum
2087 4366 2157 4429 in
2229 4364 2335 4429 vel
2393 4373 2584 4430 extra
2624 4363 2965 4430 consilium
3004 4361 3333 4427 facultatis
3374 4361 3619 4426 arcium

780 4458 1086 4547 deinceps
1130 4460 1394 4549 aliquod
1438 4470 1745 4528 statutum
1787 4462 1891 4528 vel
1932 4463 2302 4529 conclusum
2320 4513 2335 4543 ,
2388 4464 2455 4528 in
2510 4461 2695 4528 libris
2756 4471 3143 4528 statutorum
3186 4469 3252 4526 et
3293 4458 3619 4525 concluso·

779 4582 924 4624 rum
967 4559 1256 4625 eiusdem
1296 4560 1620 4628 facultatis
1665 4587 1784 4651 pro
1824 4564 2138 4630 memoria
2175 4585 2396 4629 rerum
2438 4571 2770 4649 gestarum
2815 4583 2893 4627 ac
2933 4561 3104 4627 bono
3146 4570 3320 4627 statu
3347 4559 3618 4625 faculta-

780 4660 865 4723 tis
907 4661 1154 4724 arcium
1194 4662 1575 4749 inscriptum
1590 4712 1609 4746 ,
1668 4662 1884 4729 delere
1900 4713 1919 4746 ‚
1985 4662 2398 4744 exscindere,
2458 4660 2818 4727 cancellare
2837 4709 2856 4743 ,
2899 4660 3190 4726 lacerare
3230 4667 3346 4724 aut
3389 4659 3619 4747 quovis

781 4757 910 4824 alio
951 4758 1141 4825 modo
1187 4761 1432 4825 viciare
1474 4784 1606 4845 seu,
1649 4757 1722 4827 ut
1762 4762 1924 4828 haec
1966 4769 2079 4827 aut
2119 4761 2393 4827 alterum
2420 4761 2650 4826 horum
2670 4759 2805 4842 fiat,
2849 4761 3241 4847 permittere,
3287 4758 3620 4825 consulere

699 4866 767 4922 40
782 4856 885 4923 vel
929 4858 1408 4947 quomodolibet
1449 4863 1810 4927 consentire
1850 4868 2245 4949 praesumat,
2304 4860 2431 4925 nisi
2485 4869 3003 4947 praememorata
3059 4857 3333 4925 facultas
3375 4859 3620 4924 arcium

955 5128 976 5178 l
1011 5123 1275 5181 Nicolaus
1313 5124 1589 5182 Schreiter
1620 5144 1722 5182 aus
1745 5125 1994 5197 Koburg,
2017 5123 2118 5179 der
2137 5126 2266 5179 1438
2283 5135 2310 5176 b
2337 5123 2532 5178 Decan
2559 5140 2686 5192 war,
2710 5121 2866 5180 hatte
2887 5123 2995 5178 den
3019 5123 3191 5179 Liber
3221 5121 3601 5178 conclusos-mn

780 5205 1058 5279 gefalscht
1138 5209 1267 5281 Vgl.
1304 5209 1446 5267 oben
1483 5210 1542 5268 S.
1587 5214 1700 5276 114,
1735 5215 1800 5267 26
1832 5209 1911 5281 fg.
1978 5206 2151 5264 Wohl
2184 5206 2328 5263 ohne
2361 5207 2545 5278 Frage
2575 5206 2768 5263 betraf
2808 5206 2957 5264 diese
3007 5206 3327 5278 Fabehung
3358 5206 3462 5263 das
3495 5222 3603 5260 von

784 5290 900 5347 Ioh.
938 5290 1127 5361 Fabri,
1161 5294 1358 5350 Decan
1397 5299 1542 5363 1486,
1577 5294 2003 5365 Eingetragene.
2071 5291 2201 5363 Vgl.
2241 5291 2382 5346 oben
2420 5289 2476 5346 S.
2516 5295 2632 5361 121,
2666 5297 2729 5348 25
2765 5290 2844 5362 fg.
