4038 6358
1505 638 1743 689 Libellus
1773 637 2092 690 formul-ris.
3101 638 3219 705 103

332 820 510 901 lata,
571 820 768 888 feras
819 822 1107 908 fugando
1161 830 1277 888 aut
1333 819 1464 885 alia
1515 817 1744 885 illicita
1796 818 2042 886 ibidem
2098 819 2535 909 perpetrando
2580 818 2932 904 subintret,
2993 840 3115 885 neo
3155 819 3225 883 in

331 920 629 985 fossatis
683 944 802 987 seu
843 925 1047 1008 aquis,
1091 932 1157 989 et
1195 919 1564 1010 specialiter
1606 929 1760 1007 post
1798 930 2084 990 castrum
2128 919 2497 1003 fluentibus,
2540 920 2755 1006 pisces
2798 918 3078 1006 prendat
3109 927 3226 985 aut

329 1020 812 1108 piscatoribus
864 1021 1217 1089 earundem
1275 1019 1757 1109 quomodolibet
1812 1019 2053 1087 damna
2104 1043 2219 1087 seu
2271 1019 2602 1086 molestias
2660 1018 2898 1084 inferat
2910 1067 2930 1101 ,
2995 1017 3101 1084 vel
3155 1019 3227 1084 in

330 1118 600 1185 eisdem
629 1120 936 1188 balneari
960 1132 1349 1209 praesumat.
1399 1119 1533 1185 Sub
1564 1142 1775 1207 poena
1799 1121 1990 1185 unius
2019 1142 2387 1207 sexagenas
2408 1122 2636 1202 novae,
2664 1118 3074 1185 universitati
3100 1127 3219 1185 etc.

470 1292 574 1355 19.
651 1306 1050 1356 MANDATUM
1096 1305 1352 1354 DECANI
1397 1304 1531 1352 PRO
1575 1304 2102 1353 INTERESSENDO
2148 1303 2388 1352 MISSAE
2432 1304 2614 1353 ANTE
2660 1302 3094 1364 QUODLIBETI
3240 1296 3274 1351 5

1271 1403 1748 1453 INCEPTIONEM
1795 1404 2326 1452 DECANTANDAE.

506 1521 810 1588 Mandat
859 1522 1143 1588 decanus
1195 1520 1523 1589 facultatis
1576 1520 1813 1585 artium
1831 1566 1838 1575 x
1857 1517 2155 1585 omnibus
2198 1528 2263 1584 et
2310 1519 2584 1605 singulis
2628 1519 2984 1607 suppositis
3026 1516 3217 1582 buius

333 1622 578 1705 studii,
627 1623 708 1686 in
757 1622 1006 1688 artibus
1049 1622 1364 1709 promotis
1407 1627 1523 1685 aut
1566 1620 1936 1706 promoveri
1978 1617 2458 1702 affectantibus,
2502 1628 2818 1707 quatenus
2869 1640 3015 1683 cras
3057 1615 3223 1681 hora

334 1746 414 1789 n.
469 1724 548 1787 in
612 1722 903 1787 ecclesia
957 1723 1165 1787 sancti
1212 1720 1306 1786 .N.
1349 1719 1650 1784 decenter
1708 1717 2027 1784 habituati
2085 1720 2473 1784 conveniant
2534 1728 2602 1784 et
2641 1719 2889 1784 missae
2918 1713 3083 1783 inibi
3132 1712 3219 1783 ad

334 1822 612 1889 laudem
691 1831 758 1887 et
820 1821 1125 1888 honorem
1159 1880 1164 1885 .
1198 1820 1656 1906 omnipotentis
1712 1818 1816 1884 dei
1871 1817 2267 1884 sollemniter
2323 1817 2768 1885 decantandae
2819 1826 2884 1882 et
2938 1813 3218 1882 sermoni
3240 1823 3304 1879 10

337 1932 640 2010 protunc
683 1920 900 1987 fiendo
945 1923 1279 2003 intersint,
1342 1941 1460 1985 sua
1501 1927 1657 1983 vota
1698 1914 1785 1983 ad
1823 1919 2024 1985 totius
2069 1919 2429 2006 sapientiae
2469 1918 2844 2005 largitorem
2887 1923 3217 2004 porrectu-

337 2044 446 2104 ra,
506 2030 589 2085 ut
635 2020 1084 2107 quodlibetum
1099 2069 1117 2103 ,
1178 2044 1296 2108 per
1347 2016 1786 2084 venerabilem
1834 2019 2079 2100 virum,
2133 2017 2462 2083 dominum
2511 2018 2602 2086 .N.
2650 2014 3217 2102 quodlibetarium‚

337 2122 622 2186 instanti
687 2122 828 2186 iam
881 2131 1174 2208 tempore
1236 2116 1720 2206 disputandum,
1745 2128 1812 2182 et
1866 2119 2170 2204 proxima
2214 2117 2320 2182 die
2361 2118 2539 2184 Iovis
2582 2116 2746 2182 hora
2784 2140 2860 2182 ,ιι
2902 2115 3210 2181 inchoan-

339 2220 530 2302 dum,
602 2218 761 2285 utili
825 2229 1062 2287 conatu
1121 2219 1584 2304 fructuoseque
1649 2218 2119 2285 exercitatione
2182 2216 2484 2283 omnibus
2538 2216 2729 2282 huius
2788 2216 2986 2282 studii
3042 2211 3147 2303 [12
3163 2211 3214 2302 ⁸]

345 2321 724 2407 suppositis
768 2319 854 2387 ad
900 2320 1263 2407 profectum
1305 2318 1672 2383 consumari
1717 2327 1930 2403 queat,
1972 2326 2169 2403 utque
2212 2318 2357 2404 ipse
2395 2316 2570 2384 idem
2599 2316 3007 2404 omnipotens
3031 2315 3214 2397 deus,
3237 2322 3299 2379 15

342 2441 384 2484 a
440 2440 576 2505 quo
642 2442 838 2485 omne
895 2419 1117 2485 datum
1173 2419 1489 2506 optimum
1546 2425 1610 2481 et
1667 2438 1858 2483 omne
1915 2416 2157 2483 donum
2210 2417 2568 2504 perfectum
2582 2466 2602 2500 ,
2660 2418 3005 2503 unicuique
3061 2425 3218 2480 tunc

345 2520 695 2606 praesenti
749 2541 1007 2585 sensum
1068 2526 1293 2601 acuat,
1357 2517 1674 2582 rationem
1727 2516 1971 2602 dirigat
2022 2539 2102 2583 ac
2155 2516 2470 2582 illuminet
2526 2516 2955 2600 intellectum,
3019 2523 3091 2581 ut
3146 2514 3218 2579 in

346 2617 682 2683 eiusmodi
727 2617 1217 2706 philosophicae
1258 2615 1747 2704 disceptationis
1793 2614 2126 2702 palaestra
2167 2616 2536 2683 auditorum
2568 2617 2851 2701 ingenia,
2889 2614 3212 2701 negligen-

347 2718 482 2783 fiae
521 2716 638 2783 vel
687 2720 1099 2805 ignorantiae
1146 2738 1381 2804 sopore
1423 2716 1767 2803 torpentia,
1811 2716 1897 2780 ad
1938 2716 2457 2804 philosophicum
2503 2716 2865 2782 excitentur
2905 2713 3210 2797 studium,

349 2827 682 2905 quatenus
740 2820 835 2884 sic
885 2817 1327 2884 ecclesiastica
1377 2814 1754 2903 respublica
1810 2826 1876 2880 et
1926 2815 2090 2882 haec
2140 2815 2317 2880 alma
2357 2814 2698 2881 academia
2737 2838 2823 2881 ex
2861 2815 2984 2882 tali
3025 2814 3208 2880 scho-
3227 2821 3296 2878 20

350 2916 582 2982 lastico
629 2919 936 2989 tirocinio
976 2917 1151 2983 felici
1194 2915 1479 3003 gaudeat
1518 2917 1948 2997 incremento,
2010 2926 2076 2982 et
2115 2915 2267 2981 inde
2307 2938 2437 2980 non
2478 2914 2789 2981 recedant
2832 2917 2958 2982 nisi
3011 2915 3212 2979 missa

351 3025 413 3081 et
454 3039 769 3082 sermone
809 3015 1174 3083 huiusmodi
1213 3015 1432 3081 finitis.
1519 3013 1655 3081 Sub
1697 3037 1944 3102 poena:
1990 3017 2157 3082 sicut
2203 3034 2321 3081 suo
2366 3025 2660 3102 tempore
2699 3014 2924 3081 volunt
2965 3038 3008 3080 a
3033 3014 3209 3079 dicta

352 3116 671 3184 facultate
731 3117 969 3183 artium
1022 3118 1328 3205 consequi
1384 3118 1821 3203 promotiones
1879 3126 1943 3182 et
1991 3117 2286 3184 honores.
2368 3114 2616 3181 Datum
2673 3113 3026 3182 decanatus
3089 3112 3209 3179 sub

355 3217 589 3304 sigillo,
636 3240 812 3283 anno
844 3227 961 3282 etc.

453 3389 552 3452 20.
615 3402 1013 3452 munuum
1054 3401 1148 3449 ns
1190 3401 1335 3450 Non
1378 3399 1709 3484 vAeANno
1755 3400 1897 3450 cnm
1937 3400 2146 3450 Anius
2188 3399 2369 3450 rosr
2407 3399 2687 3450 Punstm
2730 3399 3095 3450 emman
3222 3389 3290 3446 25

1492 3501 1868 3549 ΡΒΑΕΤΟΒΠ
1909 3501 2066 3550 erc.

515 3615 800 3683 Mandat
851 3617 1147 3685 omnibus
1200 3625 1265 3683 et
1307 3616 1582 3702 singulis
1621 3617 2066 3683 universitatis
2108 3615 2397 3682 eiusdem
2441 3616 2823 3705 suppositis,
2884 3625 3206 3703 quatenus

356 3714 600 3781 nullum
641 3719 936 3803 ipsorum
981 3717 1348 3784 nocturnali
1389 3727 1681 3802 tempore
1733 3726 1881 3803 post
1922 3716 2184 3804 pulsum
2224 3738 2583 3805 campanae
2625 3716 2966 3803 praetorii,
3016 3725 3081 3781 et
3120 3718 3206 3781 si-

358 3826 633 3901 gnanter
694 3827 845 3903 post
895 3820 1298 3904 signaturam
1337 3817 1538 3882 horae
1580 3836 1823 3898 nonae,
1865 3816 1934 3883 in
1975 3815 2209 3903 plateis
2223 3866 2242 3900 ,
2282 3817 2447 3882 vicis
2486 3825 2601 3883 aut
2642 3813 2972 3881 suburbiis
3016 3838 3205 3905 prae-

361 3917 557 3982 sentis
620 3917 853 4004 oppidi
892 3940 1037 3982 cnm
1082 3916 1350 4005 gladiis,
1416 3914 1689 3982 cultellis
1704 3964 1723 3998 ,
1784 3911 2039 3982 balistis
2091 3927 2203 3984 aut
2255 3916 2404 3982 aliis
2453 3915 2943 4004 quibuscunque
3003 3917 3204 3982 armis
3220 3925 3290 3981 30

359 4024 629 4100 vagetur
689 4026 802 4081 aut
853 4016 1071 4084 velata
1127 4016 1295 4082 facie
1350 4038 1463 4081 seu
1515 4025 1760 4081 mutato
1818 4014 2046 4082 habitu
2087 4019 2415 4104 spacietur
2425 4066 2445 4099 ,
2504 4015 2818 4082 clamores
2860 4014 3206 4081 horribiles

365 4114 494 4179 sive
555 4125 790 4182 cantus
853 4115 1146 4182 insolitos
1191 4117 1260 4181 in
1299 4116 1545 4182 eisdem
1587 4117 1858 4198 excitet,
1926 4112 2031 4203 [12
2047 4114 2100 4204 ¹²]
2144 4139 2260 4182 seu
2301 4115 2582 4202 aliquem
2623 4115 2825 4208 verbo
2875 4116 2981 4181 vel
3032 4115 3204 4181 facto

363 4212 664 4284 offendat.
755 4215 891 4282 Sub
934 4237 1145 4303 poena
1186 4217 1380 4282 unius
1425 4215 1656 4282 floreni
1697 4214 1804 4281 vel
1847 4237 2214 4303 sexagenas
2257 4238 2465 4281 novae
2509 4224 2629 4280 etc.

1011 4388 1108 4450 21.
1181 4402 1568 4450 MANDATUM
1611 4402 1747 4450 pao
1792 4400 2152 4450 ‘ruminum
2197 4400 2554 4449 soemo.

519 4512 801 4581 Mandat
858 4515 1155 4582 omnibus
1208 4526 1274 4580 et
1328 4516 1598 4603 singulis
1641 4518 2008 4603 magistris,
2066 4515 2440 4583 doctoribus
2484 4525 2606 4582 etc.
2618 4565 2637 4600 ,
2693 4525 3009 4604 quatenus
3051 4538 3199 4582 cras
3217 4526 3284 4583 35

365 4609 642 4683 boran
690 4616 760 4679 in
822 4614 1099 4681 ecclesia
1142 4617 1350 4681 sancti
1386 4617 1480 4684 ..N
1525 4616 1827 4684 decenter
1872 4615 2194 4683 habituati
2244 4619 2634 4684 conveniant
2674 4626 2737 4682 et
2768 4617 3007 4682 missae
3039 4615 3203 4682 inibi

365 4711 444 4777 ad
491 4712 754 4780 laudem
807 4725 875 4780 et
926 4714 1235 4780 honorem
1275 4716 1733 4802 omnipotentis
1777 4715 1883 4781 dei
1926 4727 2317 4803 sanctaeque
2361 4728 2428 4782 et
2468 4715 2847 4782 individuae
2889 4717 3199 4782 trinitatis

370 4811 754 4880 sollemniter
798 4813 1242 4879 decantandae
1282 4815 1600 4898 intersint,
1636 4838 1871 4932 preces
1915 4839 2070 4882 suas
2114 4817 2201 4882 ad
2230 4817 2560 4885 dominum
2594 4816 2785 4882 deum
2815 4816 3198 4903 porrecturi,

370 4920 437 4975 ut
475 4913 985 5002 expeditionem,
1029 4936 1146 5000 per
1187 4913 1504 4979 illustrem
1548 4916 1910 5002 principem
1952 4925 2017 4980 et
2057 4915 2408 5001 dominum,
2451 4917 2785 4986 dominum
2830 4915 2924 4984 N.
2969 4915 3197 4982 ducem

374 5005 682 5079 Saxoniae
728 5023 846 5081 etc.
891 5012 1084 5078 huius
1126 5011 1336 5079 almae
1374 5015 1816 5080 universitatis
1838 5013 2250 5102 fundatorem
2275 5010 3002 5104 magnificentissimum,
3047 5038 3194 5084 con·
3214 5025 3282 5083 40

375 5114 468 5172 tra
515 5133 661 5179 suos
705 5111 1118 5179 adversarios
1168 5122 1231 5177 et
1273 5135 1494 5179 eorum
1534 5114 1603 5178 in
1644 5112 1770 5178 hac
1810 5123 1998 5200 parte
2042 5115 2388 5204 complices
2430 5120 2788 5204 inceptam,
2848 5116 3197 5184 salubriter

379 5215 437 5271 et
487 5232 794 5299 prospere
846 5211 1122 5298 dirigat,
1180 5214 1522 5301 ipsumque
1573 5213 1905 5279 dominum
1965 5214 2195 5280 ducem
2250 5226 2836 5302 praememoratum
2875 5241 3009 5284 una
3049 5240 3195 5283 cum

379 5312 501 5371 tota
537 5332 653 5376 sua
690 5310 940 5380 familia
981 5321 1047 5376 et
1080 5313 1387 5377 comitiva
1424 5311 1702 5398 illaesos,
1748 5312 1963 5380 salvos
2007 5322 2073 5380 et
2111 5314 2464 5383 incolumes
2505 5320 2834 5404 gratiosus
2859 5327 3197 5386 conservet
