4038 6358
867 620 988 686 364
1838 627 1940 678 Die
1988 628 2429 692 philosophische
2462 630 2720 687 Facultat.

873 811 938 866 et
976 803 1070 869 ita
1111 802 1378 871 ulterius
1420 827 1624 892 usque
1661 805 1748 871 ad
1789 808 2136 894 magistros
2178 820 2454 897 quatuor
2495 834 2809 879 annorum
2851 822 3121 897 tantum,
3164 817 3318 901 quia
3359 826 3508 884 tunc
3545 823 3709 890 ordo

863 901 1282 991 reincipietur
1340 927 1380 972 a
1430 905 1812 973 senioribus.
1914 906 2005 973 Et
2056 908 2391 977 audientes
2407 960 2427 995 ‚
2495 933 2580 977 ne
2627 924 3014 998 graventur,
3086 914 3243 982 dent
3296 938 3418 1005 pro
3474 920 3708 987 medie-

868 1008 1001 1068 tate
1048 1009 1077 1069 1
1121 1002 1258 1072 flor.
3009 1039 3015 1045 ·

1032 1108 1129 1169 15.
1168 1104 1353 1189 Item,
1395 1128 1478 1172 ne
1520 1128 1841 1194 pauperes
1884 1117 2257 1194 graventur,
2302 1109 2535 1198 placet,
2580 1111 2754 1199 quod
2794 1112 3399 1199 vicecancellarius,
3443 1118 3548 1205 qui
3589 1121 3711 1187 erit

773 1209 807 1266 5
864 1200 952 1266 ad
995 1225 1238 1271 annum
1280 1205 1566 1271 futurum
1606 1216 1672 1273 et
1707 1207 1778 1273 in
1818 1216 2032 1291 antea,
2076 1208 2228 1297 quia
2269 1210 2355 1275 ad
2381 1220 2790 1299 praesentem
2830 1233 2962 1279 non
3002 1222 3217 1301 potest
3260 1237 3332 1280 se
3373 1216 3710 1286 extendere

860 1324 944 1367 ex
989 1325 1190 1370 causa
1233 1305 1638 1393 supradicta,
1679 1308 1736 1372 si
1780 1306 1939 1373 velit
1991 1308 2346 1396 disputare,
2400 1332 2484 1376 ex
2526 1333 2653 1397 quo
2709 1334 2837 1379 non
2891 1321 3146 1378 tenetur
3205 1312 3440 1403 aliquis
3497 1336 3706 1383 secum

859 1409 1066 1486 stare,
1126 1403 1359 1472 debeat
1400 1405 1733 1495 disputare
1773 1407 1976 1477 libros
2018 1409 2100 1475 de
2143 1410 2363 1476 anima
2404 1430 2522 1498 per
2561 1410 2780 1477 titulos
2835 1408 3154 1478 Buridani
3193 1423 3259 1479 et
3309 1413 3523 1501 finire,
3588 1439 3710 1505 pro

857 1523 982 1588 quo
1024 1502 1263 1570 habeat
1303 1529 1344 1571 a
1386 1505 1675 1593 quolibet
1710 1508 2156 1595 magistrando
2198 1530 2396 1576 unum
2437 1509 2757 1577 florenum
2809 1513 3132 1579 rinensem
3145 1561 3163 1595 ,
3232 1522 3300 1579 et
3365 1536 3493 1580 non
3542 1515 3708 1583 ultra

861 1600 1074 1686 dabit,
1137 1604 1257 1670 sub
1319 1627 1431 1671 suo
1486 1605 1862 1674 iuramento.
1961 1606 2054 1673 Et
2107 1610 2234 1693 sic,
2291 1631 2372 1675 ne
2418 1619 2773 1697 graventur
2787 1661 2806 1694 ,
2868 1621 3136 1678 careant
3186 1611 3317 1681 alio
3376 1615 3704 1700 exercicio,

780 1710 843 1767 10
861 1702 1105 1769 scilicet
1145 1703 1227 1769 de
1269 1706 1686 1791 generatione
1725 1706 1831 1772 vel
1873 1730 2229 1795 parvorum
2268 1709 2665 1776 naturalium
2704 1709 2809 1776 vel
2855 1710 2937 1777 de
2978 1712 3177 1778 coelo.

929 1807 992 1967 ᾧ
1030 1809 1126 1870 16.
1187 1804 1351 1870 Item
1392 1804 1565 1892 quod
1634 1806 1902 1873 ulterius
1963 1806 2324 1895 disputetur
2375 1809 2818 1897 quodlibetum
2876 1811 3230 1877 secundum
3282 1811 3573 1878 nationes
3627 1813 3703 1881 de

855 1922 928 1967 ce
992 1924 1085 1969 re.

1108 2040 1546 2120 Einyeschaltet
1564 2063 1583 2101 .·
1633 2039 1788 2105 Fiat
1828 2037 1912 2105 de
1950 2038 2429 2127 quodlibetario
2472 2042 2638 2108 sicut
2670 2041 2752 2109 de
2793 2042 3041 2110 decano
3086 2065 3205 2131 per
3244 2041 3630 2113 electionem

1030 2175 1123 2239 17.
1164 2170 1328 2237 Item
1380 2173 1690 2260 magister
1733 2173 2017 2239 existens
2060 2171 2354 2260 plenarie
2400 2183 2544 2243 octo
2590 2198 2903 2242 annorum
2943 2175 3184 2242 habeat
3221 2175 3605 2262 familwtem,
3647 2180 3697 2244 si

783 2278 843 2333 15
861 2270 1138 2335 materia
1200 2273 1502 2360 requirit,
1576 2270 1863 2360 ponendi
1926 2281 2202 2360 quatuor
2276 2275 2750 2361 conclusiones3
2824 2275 2996 2345 infra
3048 2284 3263 2342 autem
3321 2275 3526 2346 solum
3575 2286 3697 2345 tres

861 2369 1321 2436 conclusiones.

1029 2476 1123 2539 18.
1165 2471 1329 2536 Item
1354 2493 1575 2538 omnes
1607 2472 1906 2559 magistri
1947 2479 2243 2537 tenentur
2285 2473 2598 2540 interesse
2640 2483 2704 2540 et
2745 2496 3008 2541 manere
3063 2497 3105 2540 a
3145 2452 3469 2563 principio
3509 2499 3692 2563 usque

855 2569 941 2635 ad
981 2569 1194 2655 finem,
1241 2580 1513 2658 excepto
1554 2572 1700 2654 isto,
1739 2570 1913 2660 quod
1940 2580 2178 2636 exeant
2219 2572 2545 2640 interdum
2579 2596 2700 2661 pro
2744 2573 3022 2660 solaci03
3067 2584 3133 2640 et
3154 2573 3452 2642 similiter
3477 2574 3694 2643 debent

854 2670 1168 2737 interesse
1211 2672 1549 2758 supposita
1591 2670 1711 2738 sub
1751 2693 1885 2738 non
1924 2673 2346 2758 promotione.

772 3113 842 3171 m
1918 3107 2206 3160 Zweiter
2265 3107 2579 3161 Entwurf.

1190 3271 1378 3324 mo
1421 3258 1667 3324 xnun0.
1727 3274 2326 3326 nnmermronss:
2372 3273 2650 3340 casus,
2689 3274 3243 3328 mnspommms.
3270 3259 3291 3301 ¹

1022 3405 1129 3473 Ad
1171 3406 1569 3473 obviandum
1611 3399 1999 3494 quibusdam
2016 3457 2035 3491 ,
2080 3430 2245 3498 quae
2286 3430 2407 3495 pro
2449 3416 2746 3495 tempore
2786 3407 3081 3474 facultati
3122 3407 3374 3474 arcium
3414 3407 3679 3474 obnoxia
3783 3483 3788 3504 .

856 3507 1262 3592 videbantur,
1304 3517 1369 3573 et
1398 3508 1748 3595 signanter,
1788 3516 1861 3573 ut
1888 3507 1971 3573 ob
1999 3517 2261 3574 nostrae
2282 3506 2725 3573 universitatis
2744 3507 2985 3573 famam
3030 3516 3094 3573 et
3112 3507 3438 3574 honorem
3466 3506 3681 3596 ydonei

860 3607 1201 3674 dumtaxat
1271 3616 1336 3673 et
1396 3604 1601 3673 abiles
1655 3609 1724 3673 in
1794 3606 2044 3674 artibus
2098 3615 2631 3695 promoveantur,
2690 3607 2951 3674 condita
3004 3616 3153 3673 sunt
3206 3616 3450 3673 statuta
3502 3608 3679 3673 infra-

776 3716 842 3773 25
859 3708 1104 3794 scripta
1155 3716 1220 3773 et
1262 3729 1381 3795 per
1420 3707 1768 3794 magistros
1812 3705 1895 3773 de
1936 3705 2204 3774 consilio
2241 3705 2566 3773 facultatis
2607 3714 2938 3795 tamquam
2979 3706 3409 3774 racionabilis
3445 3729 3679 3774 concor-

860 3806 1031 3873 diter
1077 3807 1463 3896 approbata.

1769 3930 1820 3991 1.
1871 3940 1966 3989 DE
2009 3938 2404 3990 Ennomon
2449 3937 2723 3989 neem

1023 4055 1315 4124 Primum
1329 4106 1347 4140 ,
1403 4057 1558 4147 quia
1612 4054 1957 4123 decanatui
2012 4055 2338 4122 facultatis
2398 4056 2635 4121 artium
2693 4063 3000 4143 quaestus
3047 4063 3121 4121 ut
3161 4053 3516 4142 plurimum
3552 4077 3682 4143 pro-

862 4159 1073 4242 venit,
1142 4156 1520 4245 temporalis
1581 4157 1867 4244 suspicio
1927 4155 2109 4222 volat
2164 4165 2228 4221 et
2283 4156 2716 4243 praesumitur
2770 4153 3183 4221 vehementer
3198 4203 3214 4232 ‚
3269 4153 3446 4243 quod
3500 4153 3682 4243 aliqui

775 4268 844 4325 30
863 4257 1094 4325 decani
1153 4256 1235 4323 ob
1293 4257 1573 4322 fructum
1629 4255 2013 4343 ampliorem
2071 4254 2563 4344 percipiendum
2624 4253 2967 4322 nonnullos
3035 4255 3248 4319 minus
3317 4252 3522 4320 abiles
3589 4253 3678 4320 vel

858 4358 1148 4446 ydoneos
1187 4354 1397 4423 modis
1436 4364 1502 4419 et
1543 4354 1775 4421 mediis
1830 4357 2034 4421 variis
2082 4353 2389 4421 inducere
2430 4352 2681 4441 possint
2722 4352 2807 4419 ad
2851 4376 2921 4419 se
2960 4352 3368 4419 examinibus
3412 4354 3678 4419 summit-

856 4456 1146 4540 tendum,
1196 4454 1302 4521 vel
1357 4457 1551 4521 etiam
1592 4454 1756 4522 tales
1812 4454 1974 4521 alias
2015 4455 2260 4521 intrare
2297 4453 2586 4519 volentes
2627 4452 2877 4518 laxiore
2918 4454 3136 4538 rigore
3176 4450 3476 4517 adhibito
3512 4450 3676 4517 dissi·

856 4555 1178 4622 mulanter
1235 4554 1535 4622 tolerare.
1617 4553 1901 4642 Ideoque
1958 4553 2046 4619 ad
2091 4552 2461 4621 huiusmodi
2504 4552 2940 4639 suspicionem
2982 4548 3484 4616 rescindendam
3523 4558 3584 4615 et
3616 4560 3678 4616 ut

860 4657 1115 4722 occasio
1157 4654 1499 4721 laborandi
1537 4675 1657 4742 pro
1701 4653 2021 4718 decanatu
2056 4652 2457 4742 aliquatenus
2496 4651 2950 4737 restringatur,
2997 4649 3240 4737 placuit
3276 4648 3583 4732 facultati,
3619 4659 3676 4714 ut

777 4763 844 4820 35
858 4756 927 4819 in
970 4765 1164 4821 antea
1203 4763 1496 4841 tempore
1542 4753 1873 4819 electionis
1911 4753 2069 4819 novi
2110 4751 2369 4834 decani,
2423 4751 2785 4839 praemissa
2840 4741 3030 4816 solito
3068 4771 3250 4815 more
3290 4749 3673 4816 invocatione

862 4855 1070 4920 sancti
1093 4854 1380 4941 spiritus,
1420 4852 1690 4942 quilibet
1718 4853 2180 4940 magistrorum
2207 4851 2288 4916 de
2317 4850 2584 4918 consilio
2607 4847 2935 4916 facultatis
2978 4847 3098 4915 sub
3140 4870 3258 4915 sua
3297 4848 3671 4916 consciencia

863 4951 1034 5019 hunc
1086 4951 1284 5039 eligat
1333 4953 1404 5018 in
1457 4951 1772 5019 decanum
1791 5001 1811 5036 ‚
1883 4974 2075 5039 quem
2127 4960 2403 5038 protunc
2471 4951 2657 5015 iuxta
2709 4947 3023 5037 temporis
3079 4946 3574 5035 disposicionem
3618 4956 3670 5013 et

864 5051 1153 5119 ordinem
1187 5053 1530 5119 nacionum
1574 5052 1661 5119 ad
1702 5050 2179 5140 expediendum
2207 5049 2464 5138 singula
2500 5071 2622 5138 pro
2660 5046 2904 5116 honore
2943 5055 3009 5115 et
3047 5046 3322 5113 utilitate
3375 5046 3666 5114 facultatis

918 5307 939 5358 1
980 5300 1330 5373 Vollsffindig
1358 5301 1548 5356 lauten
1580 5300 1700 5357 ihre
1733 5301 1971 5358 Numen:
2005 5298 2219 5370 Caspai·
2251 5296 2489 5370 Weigel,
2521 5253 2795 5353 Iohannes
2832 5295 3132 5368 (Murman)
3166 5294 3237 5350 de
3273 5294 3588 5367 Ratispona.
