4038 6358
833 600 955 668 558
1851 602 1954 653 Die
1987 598 2359 667 theologische
2391 596 2644 654 Facultsst.

833 784 964 848 alia
1009 784 1434 847 universitate
1476 791 1627 869 post
1668 785 2033 848 sentencias
2079 785 2330 849 steterit
2371 793 2439 847 et
2475 793 3039 870 quantumcunque
3078 804 3198 871 per
3238 781 3474 848 literas
3513 780 3705 868 prin·

833 886 1049 970 cipum
1093 903 1207 946 seu
1248 880 1412 946 alias
1456 902 1981 971 quorumcunque
2023 883 2218 948 fuerit
2254 881 2796 949 commendatus.¹

995 1087 1092 1148 29.
1148 1077 1267 1168 [Bl.
1313 1079 1453 1169 16¹³]
1515 1081 1706 1146 Anno
1764 1080 2010 1145 domini
2065 1079 2381 1146 milesimo
2444 1079 3082 1167 quadringentesimo
3145 1079 3702 1168 quinquagesimo

839 1181 1120 1247 secundo
1179 1182 1323 1268 ipso
1384 1182 1490 1246 die
1540 1181 1749 1245 sancti
1806 1179 2033 1246 Iacobi
2085 1178 2362 1267 apostoli
2419 1185 2505 1257 (d.
2550 1185 2647 1246 25.
2687 1184 2822 1242 Juli
2877 1177 3062 1266 1452)
3121 1179 3502 1244 conclusum
3564 1178 3703 1242 fuit

745 1291 777 1345 5
830 1278 1233 1345 concorditer
1276 1289 1339 1343 et
1382 1290 1691 1344 statutum
1732 1302 1850 1367 per
1892 1281 2241 1364 magistros
2284 1289 2439 1342 tunc
2483 1278 2565 1343 de
2607 1277 2871 1345 consilio
2926 1278 3256 1345 facultatis
3300 1280 3695 1356 existentes,

829 1379 999 1467 quod
1043 1380 1110 1442 in
1151 1389 1342 1443 antea
1355 1428 1373 1461 ,
1416 1389 1691 1444 vacante
1742 1378 2065 1444 decanatu
2116 1379 2183 1441 in
2238 1376 2544 1442 facultate
2600 1376 2962 1464 theologica
3017 1401 3138 1466 per
3194 1378 3539 1443 decessum
3580 1374 3697 1440 vel

831 1477 1271 1543 omnimodum
1313 1476 1545 1542 decani
1591 1478 1675 1543 ab
1718 1480 2143 1543 universitate
2182 1497 2539 1559 recessum,
2587 1477 2899 1562 magister
2938 1489 3217 1564 protunc
3256 1478 3327 1541 in
3369 1475 3693 1542 facultate

828 1579 1073 1660 senior,
1133 1578 1200 1641 in
1243 1575 1488 1663 Liptzk
1541 1577 1789 1642 habens
1848 1573 2282 1657 domicilium,
2330 1577 2399 1639 in
2449 1575 2771 1641 decanatu
2826 1575 3161 1659 succedat,
3204 1576 3332 1643 hoc
3373 1574 3692 1641 videlieet

827 1676 1038 1759 modo,
1084 1675 1260 1763 quod
1300 1677 1510 1762 primo
1555 1677 1900 1762 magistros
1945 1675 2027 1739 de
2071 1673 2338 1740 consilio
2382 1674 2712 1740 facultatis
2768 1686 3080 1741 convocet
3131 1686 3196 1739 et
3251 1676 3354 1741 ius
3409 1675 3545 1741 sibi
3596 1697 3689 1739 ex

748 1788 809 1842 10
831 1785 1069 1842 statuto
1116 1776 1478 1859 quaesitum
1521 1774 1607 1839 ad
1650 1774 1924 1839 eundem
1969 1775 2064 1838 eis
2106 1775 2419 1857 insinuet,
2464 1771 2848 1857 affectando,
2890 1785 2963 1840 ut
3000 1776 3216 1862 ipsum
3257 1797 3381 1861 pro
3426 1774 3684 1840 decano

829 1886 1162 1941 assumant
1205 1884 1268 1938 et
1309 1876 1377 1938 in
1421 1897 1568 1938 eum
1608 1874 2060 1955 consenciant,
2103 1896 2222 1938 nec
2274 1896 2405 1939 non
2447 1874 2741 1939 decetero
2785 1875 3002 1960 ipsum
3044 1897 3164 1962 pro
3206 1874 3325 1938 tali
3367 1873 3678 1957 habeant,

824 1973 999 2060 quod
1035 1984 1099 2038 et
1131 1982 1283 2037 tunc
1317 1973 1613 2058 magistri
1647 1973 1862 2037 facere
1895 1983 2264 2056 teneantur3
2309 1973 2491 2038 salvo
2532 1975 2674 2056 isto,
2720 1973 2894 2061 quod
2933 1975 3000 2037 in
3043 1976 3430 2060 praesencia
3473 1973 3675 2038 facul-

821 2076 975 2138 tatis
1017 2075 1387 2159 promittat,
1434 2072 1605 2159 quod
1661 2074 2169 2138 convocaciones
2225 2075 2682 2158 magistrorum
2733 2071 3059 2137 facultatis
3110 2093 3368 2159 semper
3418 2075 3494 2138 in
3550 2072 3673 2138 col-

820 2172 990 2258 legio
1048 2173 1279 2237 maiori
1333 2182 1394 2237 et
1430 2194 1577 2237 non
1629 2170 1785 2235 alibi
1847 2172 2050 2235 faciat
2066 2220 2083 2253 ,
2149 2171 2302 2236 dato
2356 2175 2591 2255 eciam,
2656 2170 2830 2258 quod
2886 2173 3029 2258 ipse
3084 2185 3275 2236 extra
3326 2171 3671 2258 collegium

748 2282 808 2336 15
828 2273 1039 2337 maius
1084 2294 1272 2336 suum
1313 2281 1530 2337 teneat
1581 2270 1998 2354 domicilium,
2041 2279 2107 2335 et
2143 2271 2324 2358 „quod
2363 2273 2432 2335 in
2469 2272 2660 2337 factis
2698 2271 3025 2337 facultatis
3068 2273 3404 2357 magistris
3446 2293 3521 2336 se
3564 2270 3668 2337 ob·

822 2380 1141 2456 temperet
1169 2381 1247 2435 'et
1290 2371 1663 2436 conformet.

983 2577 1077 2638 30.
1122 2565 1407 2657 [Bl.17==]
1452 2569 1614 2635 Item
1657 2568 1900 2657 placuit
1942 2571 2350 2637 concorditer
2388 2569 2631 2635 ibidem
2675 2593 2843 2636 anno
2884 2580 2948 2635 et
2994 2569 3119 2653 die,
3161 2591 3288 2657 quo
3333 2592 3561 2656 supra,
3602 2580 3668 2634 ut

822 2671 892 2734 in
934 2671 1218 2734 futurum
1263 2670 1724 2756 praesentandi
1781 2668 1865 2733 ad
1921 2692 2182 2735 cursum
2251 2670 2306 2735 si
2364 2668 2651 2734 studium
2716 2693 2903 2735 suum
2954 2674 3023 2734 in
3078 2667 3406 2755 theologia
3466 2669 3665 2733 conti·

816 2768 1076 2834 nuando
1119 2792 1322 2856 usque
1345 2768 1430 2833 ad
1451 2767 1680 2833 birreti
1724 2771 2167 2854 recepcionem
2214 2770 2645 2856 pervenerint,
2689 2770 3019 2856 pecunia,²
3061 2792 3254 2857 quam
3299 2788 3386 2833 ex
3427 2777 3666 2833 statuto

735 2878 802 2933 20
823 2868 981 2932 dare
1037 2879 1334 2932 tenentur
1394 2869 1704 2953 magistro
1767 2870 2203 2954 promoventi,
2268 2868 2391 2932 hoc
2452 2868 2640 2933 modo
2703 2867 3069 2951 dividatur,
3127 2867 3298 2953 quod
3352 2870 3667 2954 magister

820 2977 1045 3032 tenens
1074 2968 1408 3054 vesperias
1441 2975 1503 3031 et
1536 2966 1746 3031 aulam
1793 2977 1941 3031 ante
1986 2969 2202 3031 omnia
2245 2965 2485 3031 habeat
2522 2966 2931 3033 medietatem
2981 2967 3290 3050 eiusdem,
3334 2966 3469 3032 alia
3510 2990 3663 3032 vero

820 3065 1136 3131 medietas
1191 3067 1360 3130 inter
1420 3065 1581 3131 alios
1640 3067 2022 3151 magistros,
2065 3067 2135 3130 in
2192 3088 2308 3130 sua
2367 3068 2779 3153 promocione
2832 3076 3242 3152 praesentes,
3302 3066 3665 3154 aequaliter

824 3165 1173 3249 dividatur,
1215 3165 1296 3230 de
1351 3189 1480 3254 qua
1535 3167 1741 3231 eciam
1800 3167 1946 3252 ipse
2000 3185 2389 3253 promovens
2444 3164 2861 3233 nihilominus
2914 3164 3254 3254 aequalem
3311 3190 3463 3231 cum
3518 3165 3663 3231 aliis

822 3266 1063 3331 habeat
1121 3266 1513 3351 porcionem.
1597 3266 1744 3332 Hoc
1799 3275 2016 3330 tamen
2074 3275 2382 3332 statutum
2438 3290 2566 3332 non
2619 3289 2689 3330 se
2748 3265 2939 3331 debet
2995 3266 3344 3332 extendere
3388 3266 3478 3331 ad
3521 3289 3659 3331 cur·

738 3375 801 3430 25
822 3388 1001 3432 sores
1039 3365 1504 3429 sentenciarios
1544 3375 1608 3429 et
1639 3363 2015 3429 licenciatos
2054 3376 2202 3429 ante
2232 3365 2422 3430 huius
2465 3366 2691 3430 statuti
2734 3364 3088 3431 edicionem
3133 3367 3265 3431 iam
3306 3375 3658 3453 promotos.

985 3571 1082 3633 31.
1129 3564 1326 3629 Anno*
1350 3562 1593 3629 domini
1622 3570 1777 3631 1453
1806 3562 1910 3628 die
1933 3582 2054 3629 xvl
2086 3566 2326 3629 mensis
2349 3564 2736 3629 Novembris
2779 3564 3151 3630 conclusum
3184 3566 3307 3630 fuit
3349 3576 3658 3631 statutum

820 3663 1270 3749 subscriptum.
1350 3662 1541 3747 Quia,
1577 3672 1740 3728 teste
1773 3666 2211 3751 experiencia‚
2253 3687 2416 3750 quae
2460 3686 2674 3727 rerum
2717 3672 2817 3728 est
2856 3666 3190 3751 magistra,
3236 3665 3661 3730 contrarietas

821 3787 899 3829 ac
942 3760 1360 3848 singularitas
1407 3763 1780 3849 opinionum
1821 3763 2294 3828 dissencionem
2340 3786 2470 3829 non
2511 3761 2868 3846 modicam,
2921 3787 3259 3829 rancorem
3317 3774 3382 3829 et
3442 3764 3659 3829 odium

824 3866 890 3930 in
946 3861 1476 3927 universitatibus
1536 3885 1613 3927 ac
1667 3858 2232 3950 communita[17b]
2246 3862 2419 3927 tibus
2472 3872 2536 3927 et
2589 3862 2942 3929 earundem
2994 3885 3125 3928 non
3178 3886 3509 3949 nunquam
3567 3862 3656 3927 di-

734 3973 802 4028 30
823 3963 1248 4027 struccionem
1292 3960 1600 4026 inducere
1644 3963 1979 4027 consuevit
1989 4010 2007 4044 ‚
2059 3962 2476 4026 seminarium
2520 3983 2775 4048 quoque
2816 3985 3109 4028 errorum
3155 3973 3219 4028 et
3261 3962 3661 4028 haeresiumi'·

821 4063 1085 4127 inicium
1121 4061 1337 4126 extitit
1381 4070 1444 4124 et
1492 4061 1895 4142 fomentum,4
1934 4061 2178 4125 idcirco
2222 4059 2496 4124 facultas
2541 4058 2920 4146 theologica,
2966 4060 3049 4126 ad
3082 4083 3275 4148 quam
3308 4063 3658 4148 praecipue

818 4163 963 4251 plus
1010 4160 1241 4226 ceteris
1285 4169 1537 4246 spectat
1577 4157 1817 4223 talibus
1856 4181 2196 4224 occurrere
2239 4169 2303 4223 et
2341 4159 2423 4226 de
2464 4159 2749 4226 remedio
2791 4160 3061 4225 salutari
3100 4161 3467 4249 providere,
3511 4183 3654 4226 con-

814 4261 1094 4328 corditer
1138 4259 1362 4323 statuit
1404 4266 1469 4321 et
1512 4256 1858 4340 conclusit,
1911 4258 2086 4343 quod
2145 4258 2226 4323 de
2281 4268 2493 4324 cetero
2550 4258 2760 4324 nullus
2808 4261 3273 4346 magistrorum
3315 4271 3381 4326 et
3424 4260 3655 4325 bacca-

814 4362 1122 4427 lariorum
1178 4357 1503 4422 facultatis
1558 4358 1888 4443 praefatae
1952 4358 2298 4423 defendere
2352 4357 2616 4442 debeat,
2679 4359 3063 4446 praedicare
3112 4359 3214 4424 vel
3270 4360 3507 4424 docere
3562 4355 3657 4445 [ut

735 4454 1079 4545 35vitetur]
1111 4462 1136 4499 ⁵
1191 4454 1509 4544 singulam
1569 4455 1850 4541 aliquam
1909 4459 2278 4543 opinionem
2332 4481 2563 4523 novam
2615 4458 2723 4524 vel
2775 4461 3135 4546 antiquam,
3192 4481 3358 4546 quae
3425 4460 3654 4523 maiori

833 4559 1006 4650 parti
1054 4555 1345 4621 eiusdem
1384 4556 1713 4621 facultatis
1757 4554 2099 4642 dipliceat,
2158 4558 2273 4622 sed
2326 4581 2395 4622 se
2450 4559 2772 4622 communi
2815 4559 3101 4644 opinioni
3148 4557 3364 4623 scolae
3408 4558 3652 4624 confor-

815 4682 993 4725 mare
1038 4655 1160 4722 sub
1202 4677 1440 4744 poena,
1486 4655 1691 4742 quod,
1743 4656 1799 4720 si
1850 4659 1993 4741 quis
2049 4655 2354 4750 deinceps
2410 4658 2807 4721 contrarium
2854 4658 3081 4723 fecerit
3122 4669 3188 4724 et
3228 4668 3327 4723 ter
3370 4659 3650 4726 monitus

990 4947 1009 4996 1
1057 4942 1166 4995 Am
1200 4940 1429 4997 Raude:
1470 4939 3648 5012 Quimeerdosnonesanequeadcoenmendationmprincipisfiatdoctor.

983 5030 1014 5080 2
1048 5024 1422 5081 Geschrieben
1456 5024 1605 5079 steht
1631 5024 1940 5094 pecuniam.

983 5114 1014 5164 3
1049 5108 1424 5165 Geschrieben
1457 5107 1605 5163 steht
1635 5109 1916 5165 haeresim.

984 5198 1015 5247 4
1049 5193 1158 5248 Am
1194 5192 1414 5247 Raude:
1451 5192 1657 5246 Contra
1687 5211 1862 5246 novas
1895 5193 2200 5262 opiniones.

987 5282 1017 5332 5
1059 5277 1165 5333 Die
1199 5277 1723 5351 eingeklammerten
1759 5277 1958 5332 Worte
1989 5274 2233 5348 gehoreu
2272 5274 2522 5331 offenbar
2560 5276 2717 5332 nicht
2752 5276 2983 5334 hiet-her.
