4038 6358
1067 741 1072 750 ι
1178 679 1368 732 ranae
1392 679 1920 742 statutam-odaeum,
1958 695 2081 733 vom
2103 682 2266 733 Jahn-e
2297 679 2438 733 1507.
3116 677 3238 744 507

393 860 531 927 sine
573 862 1031 949 magistrorum
1075 866 1457 951 gravamine
1471 915 1489 947 ,
1541 865 1609 929 in
1653 863 1879 929 melius
1921 865 2319 931 reformetur.
2403 863 2491 929 Et
2529 862 2645 929 fiat
2685 860 2991 949 deinceps
3030 860 3227 927 infra-

392 965 639 1051 scripto
680 963 890 1029 modu.
997 963 1289 1046 Quilibet
1349 966 1813 1050 magistrorum
1836 1014 1853 1046 ,
1912 966 1980 1031 in
2035 965 2262 1032 ordine
2312 986 2429 1030 suo
2484 962 2810 1028 ordinarie
2863 962 3225 1050 disputans,

386 1085 594 1130 novos
637 1073 701 1129 et
740 1064 1152 1151 magistrales
1195 1065 1640 1153 quaestionum
1695 1063 1914 1130 titulos
1954 1065 2239 1130 formare
2280 1072 2592 1145 teneatur,
2651 1061 3039 1149 posthabitis
3094 1061 3225 1127 illis

389 1161 870 1229 conditionibus
913 1165 1094 1251 prius
1134 1165 1394 1252 saepius
1441 1162 1786 1249 disputatis
1827 1175 1890 1228 et
1932 1166 2242 1252 repetitis.
2325 1162 2543 1228 Debet
2582 1163 2784 1248 igitur
2827 1184 2957 1227 una
2998 1161 3228 1249 dispu-

391 1262 638 1327 tatione
679 1286 844 1328 unus
885 1263 1110 1329 titulus
1169 1287 1252 1328 ex
1307 1272 1446 1328 tota
1499 1263 1705 1326 veteri
1764 1260 1977 1349 logica
2042 1262 2395 1330 secundum
2460 1261 2772 1349 placitum
2833 1260 3224 1349 disputantis
3277 1269 3311 1326 5

389 1359 723 1446 fabricari,
769 1360 1092 1429 secundus
1133 1386 1217 1429 ex
1258 1373 1397 1428 tota
1439 1361 1856 1448 philosophia
1907 1362 2156 1429 morali.
2242 1361 2551 1450 Sequenti
2604 1361 3038 1448 disputatione
3081 1371 3228 1448 post

391 1470 663 1527 octavas
701 1463 948 1549 primus
991 1463 1211 1528 titulus
1255 1463 1378 1528 erit
1420 1484 1502 1526 ex
1544 1469 1843 1548 quattuor
1884 1459 2069 1528 libris
2112 1464 2377 1528 maioris
2418 1460 2869 1550 philosophiae
2890 1460 3226 1543 naturalis,

384 1561 507 1627 hoc
550 1571 648 1626 est
689 1584 772 1627 ex
811 1561 998 1627 libris
1041 1561 1452 1649 phisicorum,
1484 1559 1564 1625 de
1589 1561 2027 1645 generatione,
2069 1562 2151 1628 de
2189 1562 2370 1628 coelo
2413 1571 2478 1627 et
2518 1571 2968 1641 meteororum,
3001 1581 3222 1624 secun-

387 1660 508 1725 dus
555 1659 777 1726 titulus
822 1685 906 1727 ex
945 1661 1132 1728 libris
1186 1661 1682 1728 mathematicae
1722 1658 2111 1728 Aristotelis,
2197 1662 2434 1727 Tereia
2485 1662 2919 1748 disputatione
2973 1660 3221 1746 primus

383 1758 609 1825 titulus
654 1761 778 1826 erit
817 1783 901 1826 ex
942 1784 1116 1826 nova
1155 1760 1374 1847 logica
1409 1757 1810 1842 Aristotelis,
1855 1760 2178 1826 secundus
2222 1784 2303 1826 ex
2360 1760 2544 1826 libris
2586 1760 2667 1826 de
2724 1761 2942 1826 anima
2987 1757 3092 1826 vel
3136 1781 3218 1823 ex
3241 1768 3304 1823 10

383 1861 614 1946 parvis
667 1858 1093 1926 naturalibus.
1181 1859 1436 1942 Quarta
1494 1858 1932 1945 disputatione
1983 1862 2073 1927 ad
2123 1871 2406 1927 veterem
2459 1861 2740 1947 logicam
2794 1868 2859 1927 et
2909 1856 3222 1925 moralem

388 1957 869 2047 philosophiam
930 1960 1266 2043 redeatur,
1333 1969 1398 2024 et
1459 1961 1554 2023 sic
1603 1959 1930 2044 vicissim,
1994 1975 2068 2027 ut
2135 1963 2561 2048 praemissum
2622 1971 2750 2044 est,
2796 1960 3225 2025 continuetur.

382 2057 567 2124 Idem
598 2057 678 2124 de
724 2060 1236 2147 sophismatibus
1275 2057 1614 2125 observari
1657 2055 1869 2142 debet,
1913 2070 1987 2126 ut
2030 2061 2382 2127 secundum
2423 2060 2766 2146 logicalem
2807 2057 3222 2123 traditionem

383 2156 600 2223 debite
641 2158 1027 2244 formentur,
1072 2182 1150 2225 ea
1185 2158 1503 2226 variando
1548 2158 1901 2224 secundum
1958 2162 2392 2248 proprietates
2436 2160 2741 2247 logicales
2760 2209 2779 2241 ,
2829 2169 2902 2223 ut
2963 2159 3226 2243 ingenia

386 2256 692 2321 iuvenum
733 2259 802 2323 in
854 2257 1070 2345 logica
1111 2261 1320 2345 magis
1366 2268 1558 2346 atque
1601 2262 1809 2344 magis
1853 2269 2299 2326 exerceantur.
2383 2260 2550 2325 Item
2595 2262 2651 2325 si
2693 2259 2837 2347 quis
2881 2258 3227 2343 magistro-
3250 2265 3311 2322 15

381 2377 525 2419 rum
562 2357 1059 2423 mathematicae
1091 2360 1399 2424 scientiae
1436 2357 1550 2422 diu
1585 2379 1853 2443 operam
1889 2358 2143 2424 dederit
2179 2369 2245 2423 et
2289 2359 2617 2425 ordinarie
2660 2359 2727 2423 in
2771 2380 2849 2423 ea
2891 2356 3230 2444 disputare

379 2454 674 2538 voluerit,
717 2480 848 2523 non
893 2456 1189 2522 obstante
1231 2459 1435 2546 priori
1491 2455 1897 2522 ordinatione
1941 2457 2274 2524 titulorum
2313 2456 2829 2539 formandorum,
2873 2455 2960 2520 ad
3003 2455 3227 2542 dispu-

383 2554 651 2619 tandum
693 2556 759 2620 in
801 2557 1258 2623 mathematica
1300 2579 1415 2622 seu
1451 2555 1768 2621 consimili
1809 2556 2127 2623 laudabili
2170 2568 2341 2643 arte,
2384 2566 2455 2623 ut
2499 2567 2655 2644 puta
2700 2556 3052 2639 rethorica,
3098 2577 3229 2621 non

382 2650 579 2719 debet
624 2655 977 2743 prohiberi.

378 2823 479 2885 24.
521 2815 646 2907 [131.
674 2825 752 2888 42
768 2819 821 2910 b]
878 2840 1231 2900 QUALITER
1285 2841 1603 2908 nncms
1662 2843 1739 2891 sn
1797 2843 2074 2891 HABERE
2132 2843 2412 2891 DEBEAT
2471 2840 2674 2890 (2ch
2734 2828 3312 2902 Qums'rlomzo

1269 2941 1569 2990 'rrrnnos
1612 2942 1743 2990 sun
1784 2942 2344 2992 PRAESENTA'ros.

540 3051 801 3136 Placet,
848 3053 1021 3142 quod
1067 3055 1350 3123 decanus
1394 3079 1522 3144 pro
1574 3066 1867 3146 tempore
1920 3058 2205 3123 existens
2252 3057 2595 3144 diligenter
2639 3053 2971 3120 attendere
3014 3051 3227 3134 debet,

376 3159 451 3216 ut
491 3150 662 3217 tituli
703 3155 1183 3241 quaestionum,
1228 3179 1347 3245 pro
1387 3167 1679 3244 tempore
1719 3155 2132 3245 disputandi,
2177 3167 2243 3223 et
2302 3157 2710 3245 zophismata
2763 3152 3226 3242 magistraliter

377 3260 444 3313 et
483 3250 979 3338 intelligibiliter
1020 3279 1061 3320 a
1104 3256 1587 3344 disputantibus
1650 3260 1979 3344 magistris
2029 3255 2364 3323 *ordinarie
2407 3257 2796 3337 formentur,
2857 3267 2919 3319 et
2961 3250 3218 3342 quando

378 3351 444 3414 ei
485 3350 700 3415 visum
747 3353 976 3436 fuerit,
1034 3366 1323 3443 tempore
1377 3357 1915 3443 praesentationis
1963 3357 2315 3422 eorundem
2371 3358 2611 3444 poterit
2671 3378 2780 3421 eos
2836 3351 3313 3440 approbare,25

377 3449 651 3515 reiicere
695 3473 810 3517 seu
861 3453 1233 3540 reprobare.
1318 3455 1405 3520 Et
1457 3466 1530 3520 ut
1580 3454 1731 3519 talis
1786 3454 1945 3520 ordo
2004 3457 2071 3519 in
2124 3456 2465 3525 recentiori
2522 3455 2836 3520 memoria
2887 3453 3222 3533 habeatur,

378 3546 574 3613 debet
612 3549 786 3615 idem
829 3550 1112 3618 decanus
1155 3575 1274 3641 per
1315 3555 1621 3621 nuncium
1669 3555 2114 3621 universitatis
2167 3557 2449 3620 iuratum
2507 3555 2840 3640 magistris
2884 3552 3220 3639 disputan-

374 3646 548 3712 tibus
600 3647 819 3716 debito
875 3660 941 3716 et
1001 3675 1286 3738 congruo
1354 3664 1647 3741 tempore
1709 3656 2010 3719 intimare
2075 3655 2411 3718 materiam
2472 3650 2934 3740 disputandam
2953 3701 2971 3734 ,
3032 3655 3217 3718 iuxta

375 3745 638 3812 modum
703 3761 1281 3840 praeconceptum3
1349 3754 1542 3818 etiam
1609 3753 1831 3818 titulos
1895 3752 2259 3839 disputatos
2321 3774 2441 3839 per
2508 3772 3027 3839 unumquemque
3089 3773 3221 3815 ma-

375 3846 650 3931 gistrum
694 3848 779 3913 ad
823 3849 1106 3936 speciale
1144 3854 1492 3937 registrum
1535 3851 1811 3918 fideliter
1864 3853 2249 3937 consignare
2307 3851 2500 3921 debet
2550 3874 2692 3918 esse
2747 3850 3103 3934 obligatus,
3146 3860 3218 3916 ut
3235 3860 3305 3916 30

376 3946 638 4029 sciatur,
681 3948 791 4032 qui
830 3948 1002 4015 tituli
1043 3960 1106 4015 et
1144 3951 1256 4035 qui
1292 3973 1422 4015 non
1465 3953 1716 4017 noviter
1753 3952 1990 4016 fuerint
2035 3950 2365 4038 disputati.

499 4115 596 4177 25·
652 4129 779 4177 SUB
830 4131 1343 4182 DISPUTATIONE
1403 4135 1783 4184 ORDINARIA
1838 4132 2341 4183 MAGISTRORUM
2382 4134 2472 4181 ET
2516 4134 3103 4185 BAOGALARIORUM

656 4230 890 4279 NULLA
933 4233 1168 4281 DEBE'I·
1211 4234 1398 4281 FIERI
1439 4234 1738 4282 PUBLICA
1779 4234 2499 4301 LEOT10„RESUMPT10
2544 4235 2684 4282 AUT
2728 4233 2951 4283 ACTUS

1416 4332 1616 4382 ALIUS
1657 4328 2188 4383 SCHOLASTICUS.

545 4438 638 4509 Ut
679 4446 1102 4532 promovendi
1145 4449 1214 4513 in
1259 4449 1510 4515 artibus
1552 4450 1762 4539 magis
1817 4447 2164 4535 diligenter
2209 4472 2401 4538 quam
2446 4450 2775 4539 hucusque
2817 4450 3082 4517 valeant
3123 4453 3218 4516 in·
3238 4461 3305 4519 35

371 4542 561 4628 gredi
606 4543 1109 4632 disputationem
1156 4548 1554 4614 ordinariam
1600 4550 2061 4633 magistrorum
2104 4557 2167 4612 et
2221 4548 2772 4634 baccalariorum,
2826 4574 2947 4616 nec
3006 4551 3221 4637 aliquo

372 4641 834 4729 impedimento
869 4646 1282 4713 retrahantur
1324 4649 1409 4714 ab
1454 4648 1700 4730 eadem,
1747 4649 1939 4713 etiam
1983 4670 2065 4711 ne
2107 4646 2443 4714 lectorium
2485 4651 2959 4717 ordinariamm
3002 4651 3221 4738 dispu-

367 4744 685 4808 tationum
729 4744 851 4809 sub
897 4745 1021 4811 hac
1063 4745 1502 4834 disputatione
1544 4770 1821 4813 vacuum
1878 4755 2201 4834 appareat
2256 4748 2326 4812 in
2383 4751 2822 4816 confusionem
2866 4750 3214 4834 facultatis,

369 4840 650 4929 placuit,
709 4844 881 4930 quod
936 4844 1149 4911 nullus
1204 4850 1660 4933 magistrorum
1715 4848 2021 4933 deinceps
2066 4845 2185 4911 sub
2225 4846 2663 4936 disputatione
2706 4850 3041 4915 ordinaria
3083 4860 3216 4915 tam

367 4942 832 5027 magistrorum
892 4967 1086 5031 quam
1146 4945 1661 5011 baccalariorum
1717 4944 1977 5032 publice
2037 4943 2219 5031 legat
2275 4957 2387 5013 aut
2431 4951 2626 5015 etiam
2668 4952 2802 5016 suis
2846 4950 2913 5014 in
2954 4949 3215 5039 publico
3234 4960 3304 5016 40

369 5041 508 5105 sive
550 5042 812 5129 privato
855 5054 1159 5129 resumat,
1205 5045 1324 5111 sub
1370 5044 1589 5111 debito
1632 5043 2062 5128 obedientiae,
2107 5068 2302 5132 quam
2345 5046 2589 5114 decano
2631 5050 2892 5115 iuravit.
2971 5049 3215 5115 Debet-

368 5162 492 5227 que
533 5140 807 5229 quilibet
844 5145 1177 5230 magister,
1221 5144 1468 5210 habens
1507 5143 1882 5210 domicellos
1925 5166 2042 5208 seu
2086 5143 2456 5234 discipulos,
2498 5148 2619 5214 sub
2664 5170 2778 5215 suo
2820 5151 3213 5216 iuramento¹

535 5360 557 5410 1
594 5355 706 5412 Am
735 5356 958 5414 Raude:
996 5361 1288 5432 Obliyacio
1323 5361 1619 5416 aramma·
1645 5362 1865 5417 sublata
1899 5365 2117 5419 demto
2135 5346 2447 5433 samua&
2490 5369 2635 5421 1520.
