4038 6358
1422 554 1689 609 mustus
1722 568 1846 607 vom
1873 554 2044 608 Jahn-e
2079 555 2229 610 1444.
3143 554 3266 620 m

488 853 783 920 Litera
824 853 1136 921 domini
1189 853 1576 943 episcopi
1632 851 2370 941 Merzeburgensis
2422 854 2740 922 directa
2775 853 3183 921 facultati

840 953 1146 1020 arcium
1195 974 1406 1020 anno
1460 953 1785 1019 1L1111⁰
1835 953 1914 1018 in
1962 953 2183 1021 festo
2234 956 2837 1041 pentecostes.¹

573 1104 896 1172 Iohannes
912 1153 932 1188 ‚
980 1103 1087 1171 dei
1139 1114 1204 1171 et
1256 1102 1619 1191 apostolica
1684 1103 1914 1191 gracia
1968 1104 2316 1192 episcopus
2365 1101 2927 1192 Merseburgensis
2941 1150 2961 1186 ‚
3018 1099 3265 1167 cancel-

386 1202 606 1271 larius
642 1205 873 1271 unicus
903 1203 1113 1270 almae
1154 1204 1598 1270 universitatis
1642 1201 1842 1269 studii
1860 1202 2275 1292 Lyptzensis‚
2317 1201 2801 1270 venerabilibus
2843 1201 3023 1286 viris,
3068 1200 3267 1267 domi-

386 1304 506 1371 nis
548 1303 798 1371 decano
846 1313 912 1370 et
949 1304 1284 1391 magistris
1333 1302 1413 1370 de
1467 1301 1738 1370 consilio
1797 1300 2127 1374 facultatis
2171 1304 2419 1368 arcium
2473 1302 2688 1369 dictae
2742 1300 2954 1368 almae
3007 1303 3262 1368 univer·
3315 1305 3350 1363 5

395 1405 619 1470 sitatis
662 1413 726 1470 et
768 1403 935 1488 aliis,
980 1426 1140 1492 quos
1182 1402 1669 1492 infrascriptum
1710 1403 1925 1489 tangit
1964 1404 2326 1489 negocium,
2367 1403 2690 1469 sinceram
2717 1402 2787 1468 in
2818 1400 3078 1469 domino
3104 1400 3267 1467 cari·

390 1510 624 1568 tatem.
703 1503 919 1571 Fama
979 1501 1169 1570 nobis
1234 1500 1499 1591 publica
1567 1502 1884 1569 referente
1955 1500 2246 1569 dolenter
2303 1503 2732 1591 percepimus,
2771 1501 2948 1590 quod
2988 1503 3058 1568 in
3098 1499 3269 1567 alma

389 1603 829 1670 universitate
850 1603 1235 1692 Lyptzensi‚
1271 1611 1481 1669 matre
1515 1610 1761 1685 nostra,
1803 1603 1873 1667 in
1912 1599 2223 1669 facultate
2265 1602 2517 1668 arcium
2556 1600 2798 1669 multae
2839 1602 3080 1668 fuerint
3116 1621 3265 1688 pro·

388 1702 731 1769 mociones
773 1704 985 1770 minus
1025 1701 1317 1770 valentes
1356 1711 1421 1770 et
1460 1710 1593 1767 tam
1646 1699 2036 1789 multiplices
2050 1750 2070 1785 ‚
2133 1710 2235 1785 ut,
2300 1704 2691 1769 enumeratis
2744 1701 2957 1768 dictae
3011 1701 3265 1766 univer·

398 1803 624 1868 sitatis
689 1804 1046 1892 suppositis
1060 1852 1079 1887 ,
1144 1802 1334 1892 quasi
1371 1810 1466 1868 tot
1506 1811 1664 1891 quot
1725 1823 1857 1868 non
1918 1799 2225 1889 graduati
2287 1802 2710 1890 reperiuntur
2766 1801 3107 1889 graduati3
3168 1801 3261 1865 ita
3281 1807 3346 1864 10

394 1902 601 1967 etiam
641 1901 814 1991 quod
853 1901 1118 1989 quidam
1157 1901 1416 1968 inutiles
1457 1902 1674 1989 ignari
1713 1900 1995 1990 ydeotae
2038 1909 2103 1967 et
2141 1902 2353 1967 minus
2400 1900 2581 1990 digni
2625 1912 3115 1991 promoventur,
3180 1922 3265 1965 ex

394 1999 642 2086 quibus
722 2001 976 2070 levibus
1093 2000 1611 2090 promotionibus
1710 2000 2104 2067 universitas
2186 2002 2335 2089 ipsa
2417 2000 2873 2089 vilipenditur,
2954 2000 3266 2068 scandala

393 2100 726 2185 oriuntur,
793 2101 1204 2168 incommoda
1256 2102 1523 2168 veniunt
1573 2101 1941 2188 inopinata,
2010 2101 2261 2190 pariter
2324 2110 2393 2167 et
2454 2101 2797 2169 multorum
2863 2101 3264 2168 detrimenta.

392 2198 790 2267 Praemissis
827 2210 891 2267 et
932 2200 1079 2269 aliis
1122 2202 1336 2268 causis
1374 2202 1659 2267 animum
1695 2209 1987 2266 nostrum
2027 2209 2363 2267 moventes
2396 2199 2513 2290 (P),
2557 2223 2834 2268 examen
2872 2203 3265 2292 proximum,

401 2300 589 2367 cuius
632 2301 918 2388 apericio
964 2301 1073 2368 die
1115 2302 1402 2368 crastina
1445 2298 1761 2367 celebrari
1803 2299 2026 2383 debet,
2075 2309 2149 2365 ut
2186 2301 2419 2385 fertur,
2482 2323 2603 2389 pro
2646 2301 2771 2368 hac
2809 2302 2955 2367 vice
2997 2312 3348 2389 suspen-15

400 2397 618 2465 dimus
647 2422 725 2465 ac
752 2400 961 2485 vobis,
1005 2401 1265 2468 domino
1308 2400 1555 2467 decano
1595 2408 1659 2466 et
1686 2399 2042 2486 magistris,
2084 2401 2637 2467 examinacionem
2680 2402 3062 2468 auctoritate
3105 2422 3261 2488 apo·

400 2498 637 2564 stolica
649 2500 1091 2567 interdicimus
1132 2512 1199 2567 et
1236 2499 1658 2584 inhibemus‚²
1699 2520 2031 2587 quousque
2065 2521 2196 2564 una
2234 2498 2576 2566 vobiscum
2617 2522 2698 2566 ac
2739 2501 2886 2567 aliis
2928 2502 3262 2588 magistris

405 2606 476 2664 et
525 2597 903 2666 doctoribus
961 2601 1169 2688 ipsius
1221 2599 1665 2667 universitatis
1723 2598 1807 2665 de
1873 2597 2087 2665 modis
2143 2599 2213 2664 in
2282 2599 2883 2667 examinacionibus
2943 2600 3263 2667 habendis

402 2698 880 2765 commodosius
922 2701 1248 2788 possimus
1305 2698 1686 2767 deliberare.
1773 2699 2022 2765 Datum
2065 2696 2378 2767 Mersseb.
2422 2721 2593 2767 anno
2633 2700 2880 2767 domini
2921 2699 3262 2766 millesimo

402 2796 1041 2885 quadringenwsimo
1098 2798 1598 2889 quadragesimo
1651 2808 1885 2887 quarto
1937 2799 2106 2865 feria
2162 2799 2370 2864 tercia
2417 2800 2487 2865 in
2540 2799 3002 2868 festivitatibus
3043 2809 3263 2888 pente·
3279 2808 3348 2865 20

406 2906 619 2964 costes
662 2893 858 2985 (1444
893 2902 1193 2982 Dion-*tay
1227 2906 1288 2964 d.
1329 2905 1387 2968 2.
1426 2902 1628 2984 Juvat),
1672 2908 1896 2967 nostro
1937 2897 2385 2986 subimpresso
2428 2898 2663 2987 sigillo.

580 3079 919 3151 Statuta
975 3081 1265 3152 oblata
1321 3106 1467 3174 per
1520 3074 2167 3152 commissarium
2229 3082 2619 3174 episcopi
2685 3083 3089 3152 facultati

1660 3206 1997 3252 arcium.

1033 3335 1289 3404 Sexta
1340 3335 1556 3402 feria
1606 3343 2143 3425 pentecostes
2193 3355 2405 3401 anno
2448 3352 2720 3402 xL1111.

1468 3469 1629 3537 (1444
1666 3472 1880 3536 Freitag
1908 3472 2014 3522 den
2048 3471 2096 3522 5.
2129 3466 2300 3537 Juni.)
3275 3477 3342 3535 25

567 3602 893 3670 Dominus
945 3626 1126 3671 meus
1174 3605 1513 3691 graciosus
1566 3602 1752 3670 dabit
1808 3602 1995 3670 duos.
2028 3601 2362 3685 doctores,
2428 3603 2540 3689 qui
2589 3611 2881 3692 tempore
2929 3604 3259 3673 electionis

405 3705 918 3770 examinatorum
959 3713 1332 3791 praesentes
1372 3725 1515 3770 esse
1553 3702 1809 3770 debent.

570 3803 649 3867 In
689 3824 964 3890 quorum
1006 3804 1388 3892 praesencia
1430 3805 1904 3870 examinatores
1949 3823 2069 3889 per
2113 3810 2357 3869 sortem
2400 3799 2557 3888 eligi
2598 3800 2850 3869 debent,

573 3901 828 3984 Quibus
871 3902 1091 3970 electis
1106 3953 1126 3988 ,
1169 3904 1648 3970 examinatores
1689 3903 1760 3968 in
1799 3924 2023 3969 eorum
2063 3900 2448 3989 praesencia
2487 3899 2726 3968 debent
2765 3904 3006 3988 iurare,
3047 3906 3256 3993 primo

404 4001 579 4088 quod
627 4003 697 4067 in
753 4000 980 4069 eodem
1039 4005 1341 4070 examine
1393 4001 1637 4070 nullam
1687 4002 1986 4069 fraudem
2043 4022 2159 4067 seu
2215 3999 2434 4066 dolum
2488 4022 2615 4089 quo
2658 4000 2745 4067 ad
2787 4004 3257 4072 examinandos
3275 4014 3344 4073 30

407 4103 805 4169 committere
843 4102 1062 4169 velint.

569 4200 737 4267 Item
794 4202 967 4291 quod
1019 4201 1231 4269 nullus
1285 4226 1508 4271 eorum
1561 4201 1843 4291 aliquem
1898 4200 1982 4267 de
2037 4196 2491 4267 examinandis
2507 4248 2526 4283 ‚
2589 4209 2662 4267 ut
2714 4198 2837 4268 sub
2879 4222 2957 4269 eo
2999 4224 3261 4290 promo—

404 4309 655 4406 veatur,
699 4299 962 4368 allicere
1003 4302 1160 4410 velit
1201 4293 1319 4391 per
1361 4325 1431 4369 se
1473 4301 1578 4369 vel
1620 4324 1741 4390 per
1786 4299 1988 4369 alium
2030 4298 2261 4389 quovis
2303 4296 2518 4365 modo.

544 4557 565 4608 1
603 4550 684 4606 Es
715 4551 919 4608 bedarf
969 4551 1122 4609 einer
1176 4549 1556 4626 eingehenden
1603 4547 2061 4621 Untersuchung,
2110 4566 2204 4605 um
2261 4565 2332 4603 zu
2389 4546 2761 4619 entscheiden,
2806 4547 2882 4605 ob
2914 4547 3091 4606 dieser
3121 4548 3290 4608 Brief.

403 4634 510 4692 den
544 4634 745 4692 beiden
780 4635 984 4710 obigen
1016 4635 1338 4694 Entwurfen
1385 4636 1696 4709 vorauging
1741 4635 1875 4693 oder
1911 4630 2248 4705 uachfolgte.
2309 4631 2419 4688 Die
2443 4631 2628 4703 Klage
2663 4631 2802 4689 iiber
2831 4632 2923 4689 die
2951 4633 3275 4691 Promotion

404 4719 722 4793 Unfflxiger
753 4738 869 4776 war
906 4719 1112 4777 bereits
1150 4724 1277 4777 1443
1314 4737 1389 4777 an
1423 4720 1525 4778 der
1555 4719 1999 4794 Tage-ordnung
2029 4717 2146 4773 und
2181 4715 2326 4773 auch
2360 4716 2459 4772 der
2490 4716 2781 4783 Umstand‚
2812 4717 2943 4774 dass
2976 4718 3036 4774 in
3068 4718 3273 4776 diesem

410 4802 597 4864 Briefe
631 4804 755 4861 eine
788 4802 930 4862 feste
962 4805 1285 4879 Besoldung
1329 4805 1427 4863 des
1460 4805 1683 4863 Decans
1729 4804 1989 4877 verlangt
2031 4802 2193 4869 wird,
2249 4800 2498 4874 gewflhrt
2543 4800 2706 4859 keine
2737 4800 3072 4873 Sicherheit,
3123 4803 3271 4860 deun

407 4889 553 4946 anch
590 4893 720 4947 1443
775 4890 927 4945 ward
982 4898 1153 4948 etwas
1183 4889 1525 4949 Aelmliches
1581 4890 1784 4949 bereits
1837 4886 2182 4945 verhaudelt.
2255 4885 2356 4942 Ich
2397 4884 2543 4942 habe
2576 4885 2666 4943 die
2702 4886 3052 4959 Anordnung
3083 4886 3265 4945 heibe-

408 4972 614 5044 hulten,
647 4973 739 5031 die
770 4974 862 5031 die
893 4974 1269 5032 Handschrift
1297 4975 1489 5033 hicum

579 5059 929 5117 zwirklioh
966 5060 1253 5118 warddas
1294 5052 3274 5132 Examen,dasstetsamMittwochindm-Pfingstwochegehalten

408 5160 479 5199 zu
514 5143 731 5201 werden
764 5143 1001 5217 pflegte,
1048 5144 1281 5202 diesmal
1330 5151 1448 5202 erst
1490 5162 1581 5202 am
1616 5142 1952 5202 Sounabend
2004 5142 2079 5212 (d.
2116 5147 2164 5198 6.
2198 5139 2361 5209 Juni)
2415 5138 2779 5212 abgehalten,
2829 5138 3100 5198 nachdem
3140 5156 3272 5199 man

408 5228 525 5286 also
560 5227 760 5286 verber
796 5229 902 5286 mit
929 5229 1055 5287 dem
1096 5227 1432 5288 Commissar
1461 5230 1559 5288 des
1592 5227 1854 5289 Bischofs
1886 5223 2277 5284 unterhandelt
2307 5223 2480 5282 hatte.
2548 5222 2606 5281 S.
2638 5229 2826 5282 unten.
