4038 6358
1207 587 1390 648 viem
1423 593 1960 658 Sutunurca-otton,
2003 609 2113 646 von
2154 591 2500 649 1499—1522.
2972 585 2979 591 ⁵
3130 587 3245 659 441

1275 813 1388 880 IV.
1449 831 1936 882 CAPITULUM
1978 827 2398 895 Quan‘run.

293 986 748 1059 Statuta
810 969 1379 1066 concernentia
1451 999 1981 1082 honestatem,
2056 1001 2501 1081 sessiones,
2578 1003 2770 1061 vota
2841 990 3105 1060 danda
3179 999 3255 1059 et

1340 1115 1701 1182 habitum
1751 1119 2338 1203 magistrorum.

537 1321 614 1380 1-
679 1333 778 1380 DE
823 1332 1284 1383 conssssslomt
1325 1334 1824 1387 EAGISTRORUM
1863 1337 1938 1386 m
1979 1336 2300 1387 CONSILIO
2342 1329 2773 1384 FACULTATIS
2812 1327 3090 1380 Aacmu.

533 1479 668 1547 Ut
729 1482 1030 1549 honestas
1080 1485 1287 1551 maior
1344 1488 1413 1551 in
1469 1487 1736 1554 consilio
1785 1487 2115 1554 facultatis
2172 1496 2463 1552 servetur
2506 1506 2584 1549 ac
2627 1504 2808 1548 error
2850 1488 2916 1545 et
2959 1475 3246 1543 confusio
3300 1482 3335 1540 ⁵

325 1581 420 1646 in
451 1579 894 1648 inductione
913 1594 1208 1650 votorum
1233 1586 1513 1670 tollatur,
1552 1586 1802 1675 placuit
1837 1588 2168 1674 magistris
2209 1586 2289 1652 de
2324 1583 2592 1650 consilio
2628 1579 2954 1647 facultatis
2990 1577 3254 1659 arcium,

335 1681 564 1764 quod
603 1705 846 1749 omnes
891 1692 956 1750 et
997 1684 1238 1772 singuli
1273 1688 1572 1773 magistri
1612 1687 2004 1754 consedeant
2048 1684 2399 1752 secundum
2440 1682 2730 1749 ordinem
2774 1689 2837 1744 et
2878 1677 3127 1743 senium
3158 1675 3258 1740 sui

337 1782 782 1868 magisterii
835 1793 1126 1872 tempore
1184 1785 1578 1853 inductionis
1632 1787 1884 1853 consilii
1936 1796 2051 1854 aut
2106 1787 2242 1852 voti
2299 1782 2531 1866 dandi,
2574 1782 2787 1848 senior
2833 1779 3053 1844 statim
3106 1783 3258 1865 post

343 1879 736 1947 decanum
769 1905 1040 1969 sequens
1064 1885 1133 1949 in
1160 1907 1419 1952 scamno
1452 1886 1580 1952 alio
1617 1886 1971 1953 collaterali
2013 1895 2079 1952 et
2121 1886 2214 1950 sic
2258 1883 2563 1969 deinceps
2609 1879 2878 1966 quilibet
2921 1879 2991 1942 in
3033 1875 3256 1943 ordine

349 2003 492 2046 suo
547 1982 714 2046 sine
754 1985 1379 2072 praeposteracione‚
1423 1986 1542 2053 sub
1587 2009 1800 2075 poena
1841 1987 2180 2052 carenciae
2223 1984 2574 2072 peccuniae
2614 1977 3100 2045 distribuendae
3138 1984 3250 2041 aut
3272 1983 3335 2040 10

357 2082 554 2163 voti,
616 2081 682 2146 si
727 2085 1043 2170 peccunia
1086 2083 1534 2152 distribuenda
1577 2080 1869 2153 defuerit.
1953 2083 2235 2151 Possunt
2279 2093 2528 2164 tamen,
2570 2083 2626 2146 si
2664 2078 2864 2158 velint
2881 2127 2900 2162 ‚
2956 2076 3252 2164 magistri

366 2181 596 2247 exire
649 2191 714 2247 et
758 2185 1002 2250 intrare
1043 2183 1299 2250 stubam
1339 2183 1606 2251 honeste
1679 2186 1766 2253 ad
1806 2196 2031 2251 nutum
2077 2207 2333 2267 eorum,
2379 2181 2494 2248 sed
2530 2203 2660 2247 non
2705 2178 2941 2244 debent
2984 2177 3149 2242 inibi
3189 2177 3258 2241 in

365 2279 864 2348 confusionem
921 2292 986 2350 et
1039 2282 1594 2372 perturbationem
1665 2285 1915 2354 consilii
1968 2284 2200 2372 vagari
2260 2292 2323 2348 et
2388 2280 2674 2370 spaciari
2742 2286 2939 2367 atque
2995 2277 3257 2343 confuse

378 2378 674 2470 absque
717 2382 935 2452 debito
975 2383 1202 2451 ordine
1242 2383 1484 2451 sedere.

1139 2589 1200 2652 2:
1250 2603 1346 2652 na
1388 2603 1594 2653 vous
1635 2605 2031 2655 Pnnorrms
2064 2603 2213 2652 non
2252 2600 2526 2652 nmms.
3274 2583 3339 2641 15

587 2749 686 2817 Ut
735 2771 920 2815 amor
976 2761 1042 2816 et
1095 2752 1446 2818 concordia
1486 2755 1946 2842 magistrorum
1997 2753 2079 2819 de
2134 2751 2400 2819 consilio
2455 2749 2783 2817 facultatis
2839 2746 3110 2812 firmiter
3150 2743 3257 2811 ob-

393 2859 738 2932 servetur,
781 2849 1046 2937 placuit,
1087 2851 1260 2938 quod
1299 2852 1594 2920 deeetero
1635 2853 1846 2920 nullus
1889 2854 2352 2939 magistrorum
2390 2849 2473 2916 de
2516 2847 2784 2915 consilio
2824 2845 3149 2913 facultatis
3189 2845 3260 2909 in

403 2971 533 3014 suo
577 2958 734 3014 voto
776 2959 979 3037 ponat
1019 2949 1284 3037 aliquod
1325 2951 1597 3018 verbum
1641 2954 2051 3042 pungitivum
2094 2962 2207 3018 aut
2256 2949 2797 3018 mordificativum
2849 2947 3114 3012 alterius
3156 2941 3262 3008 vel

403 3046 666 3134 alleget
706 3047 1159 3116 similitudines
1202 3053 1691 3140 impertinentes
1734 3064 1798 3119 et
1837 3051 2319 3119 mordificantes
2334 3101 2353 3135 ,
2399 3049 2519 3117 sub
2569 3069 2781 3137 poena
2828 3049 3023 3113 trium
3072 3043 3259 3110 flore-

412 3169 664 3213 norum
707 3147 1001 3216 facultati
1043 3151 1290 3219 arcium
1333 3152 1927 3241 persolvendorum,
1973 3177 2166 3243 quam
2209 3153 2267 3219 si
2310 3151 2780 3217 contrafaciens
2822 3169 2951 3213 non
2997 3143 3263 3211 solverit
3280 3149 3347 3208 20

407 3256 540 3312 aut
567 3246 828 3314 solvere
870 3251 940 3315 in
979 3251 1198 3317 triduo
1241 3256 1657 3337 recusaverit,
1703 3264 1922 3321 careat
1964 3253 2422 3339 acturegencia
2462 3259 2595 3316 tam
2638 3249 2750 3315 diu
2793 3247 3000 3313 donec
3045 3245 3263 3310 huius·

405 3347 601 3414 modi
643 3370 922 3435 poenam
963 3350 1383 3417 effectualiter
1429 3351 1695 3419 solverit
1709 3404 1726 3435 ,
1785 3354 1966 3419 salvo
2019 3376 2095 3419 eo
2150 3351 2324 3441 quod
2380 3352 2527 3437 ipsa
2580 3347 2859 3415 facultas
2917 3345 3260 3425 discernat,

407 3470 499 3512 an
563 3450 624 3513 is
641 3496 660 3530 ,
712 3451 822 3534 qui
879 3449 1162 3538 aliquem
1215 3452 1677 3537 magistrorum
1725 3450 1786 3539 [6
1800 3450 1853 3540 ²]
1897 3454 2253 3541 pupugisse
2308 3448 2745 3531 contenditur,
2796 3453 3025 3513 contra
3075 3465 3261 3531 prae-

411 3546 668 3613 dictum
712 3556 1017 3615 statutum
1076 3552 1224 3615 cu'm
1279 3552 1512 3617 effectu
1569 3550 1929 3638 deliquerit.
2027 3552 2244 3617 Debet
2299 3551 2508 3616 eciam
2566 3548 2849 3615 decanus
2906 3544 3057 3610 huic
3075 3593 3093 3626 ,
3152 3544 3261 3630 qui

407 3646 578 3713 talia
621 3657 808 3732 vota,
852 3657 925 3714 ut
979 3651 1408 3737 praemissum
1461 3660 1560 3716 est
1577 3700 1592 3723 ,
1637 3649 1918 3735 dederit,
1965 3651 2277 3717 mandare
2295 3700 2312 3732 ,
2370 3658 2443 3714 ut
2496 3648 2718 3731 sileat,
2778 3644 2900 3712 sub
2963 3642 3341 3732 praefata25

415 3770 650 3834 poena.
736 3746 868 3829 Qui
909 3749 966 3813 si
1007 3769 1139 3815 non
1181 3749 1500 3816 obedierit
1513 3800 1529 3831 ,
1577 3772 1660 3816 ex
1698 3760 1856 3817 tunc
1898 3761 2093 3838 capta
2130 3751 2563 3837 oportunitate
2608 3747 2892 3812 decanus
2951 3751 3263 3809 convocet

424 3846 594 3912 alios
623 3849 968 3934 magistros
1012 3847 1094 3913 de
1137 3848 1404 3917 consilio
1443 3849 1790 3932 facultatis,
1833 3851 1978 3937 ipso
2019 3850 2361 3915 dumtaxat
2399 3847 2684 3929 excluso,
2728 3847 2840 3934 qui
2876 3853 3033 3911 tunc
3075 3844 3262 3908 iuxta

417 3944 646 4012 delicti
689 3947 1112 4034 quantitatem
1158 3948 1398 4015 dictent
1453 3958 1708 4038 tempus
1764 3950 2203 4036 suspensionis
2262 3948 2349 4015 ad
2407 3946 2693 4014 medium
2737 3968 2975 4011 annum
3028 3943 3153 4010 sibi
3193 3942 3263 4007 in

416 4066 716 4131 poenam.

561 4234 622 4296 3.
683 4246 1060 4313 memma,
1125 4247 1402 4299 comm
1459 4249 1652 4311 quan
1711 4248 1786 4297 m
1838 4248 2247 4298 neumam
2302 4247 2589 4310 amomo
2644 4244 3113 4310 rnorom'run,
3272 4234 3342 4291 3ο

789 4347 1174 4397 rmcirtm
1230 4346 1366 4398 PER
1419 4348 1750 4399 Daemon
1767 4379 1785 4414 ‚
1832 4348 2159 4397 TEMPORE
2216 4346 2698 4396 mscmznoms
2751 4346 2888 4395 rna

1248 4448 1711 4498 moun-raram
1765 4448 2091 4496 Tanarus
2138 4446 2431 4495 cannas.

589 4580 680 4647 Ut
719 4580 1020 4666 magistri
1061 4588 1214 4646 vota
1257 4602 1376 4647 sua
1417 4582 1671 4668 possint
1721 4579 1987 4646 liberius
2050 4578 2377 4645 effundere
2419 4589 2483 4646 et
2523 4602 2605 4645 ne
2648 4578 2824 4645 idem
2866 4600 3021 4666 pars
3067 4576 3151 4641 sit
3192 4584 3259 4641 et

425 4680 624 4747 iudex
642 4729 660 4762 ,
701 4678 919 4767 placet
959 4680 1291 4767 magistris
1335 4680 1415 4746 de
1459 4680 1722 4746 consilio
1765 4679 2093 4745 facultatis
2136 4680 2415 4762 arcium,
2458 4679 2664 4768 quod,
2716 4679 2868 4744 dum
2909 4673 3153 4764 aliquid
3192 4676 3261 4739 in

424 4778 736 4847 facultate
793 4778 1042 4843 arcium
1100 4788 1328 4846 contra
1377 4778 1655 4867 aliquem
1707 4779 2168 4865 magistrorum
2224 4777 2305 4843 de
2361 4778 2628 4844 consilio
2687 4777 2975 4845 eiusdem
3019 4796 3254 4864 propo·
3272 4782 3340 4840 35

417 4880 598 4944 nitur
613 4927 634 4961 ,
680 4878 1035 4965 praecipue
1077 4902 1196 4965 per
1237 4878 1556 4946 decanum
1572 4927 1591 4961 ,
1635 4878 1773 4944 sive
1817 4880 1890 4945 in
1929 4876 2231 4943 civilibus
2274 4879 2412 4944 sive
2450 4877 2829 4965 poenalibus
2844 4928 2863 4962 ,
2906 4876 3057 4943 talis
3098 4884 3256 4941 tem-

422 4999 584 5065 pore
628 4975 1049 5043 discrecionis
1107 5000 1224 5065 per
1280 4977 1651 5044 facultatem
1709 4976 1791 5043 de
1847 4977 2357 5063 congregacione
2414 4998 2634 5043 eorum
2675 4976 2863 5043 cedat
2903 4988 2969 5045 et
3007 4985 3257 5043 senten-

423 5079 594 5141 ciam
656 5074 992 5141 ferendam
1021 5080 1031 5087 “
1073 5086 1224 5143 ante
1291 5078 1544 5143 stubam
1608 5078 1936 5145 facultatis
2005 5076 2112 5143 vel
2189 5074 2347 5142 alibi
2406 5084 2773 5163 exspectet,
2846 5076 2964 5142 sub
3039 5074 3256 5141 debito

421 5175 826 5243 obedientiae
844 5223 863 5258 ,
907 5197 1100 5262 quam
1143 5176 1384 5243 iuravit
1425 5186 1718 5264 tempore
1761 5200 1916 5243 suae
1968 5178 2392 5268 promotionis
2436 5187 2499 5243 et
2544 5177 2933 5264 receptionis
2978 5174 3066 5241 ad
3107 5197 3252 5242 con-

423 5274 634 5341 silium
674 5273 1021 5340 facultatis.
3269 5282 3337 5341 40
3395 5277 3407 5292 ’
