4038 6358
824 556 947 624 298
1932 560 2043 612 Das
2077 561 2322 613 Paulina·
2355 562 2560 629 Colleg.

2059 781 2203 831 Lex
2238 781 2417 832 XIII.

998 891 1128 973 Qui
1170 894 1354 959 novis
1396 903 1546 982 post
1586 894 1772 960 initia
1799 895 2220 961 vexationum
2263 895 2541 984 amplius
2583 893 2857 963 illudere
2901 906 3013 963 aut
3055 895 3138 962 ab
3181 895 3311 963 illis
3355 898 3671 986 impendii

829 989 1073 1081 aliquid
1116 993 1378 1080 exigere
1421 1017 1614 1060 ausus
1656 995 1866 1079 fuerit,
1907 1017 2175 1083 grossos
2218 991 2381 1061 duos
2423 996 2703 1064 mulctae
2742 998 2999 1064 nomine
3043 996 3216 1063 dato.

2063 1199 2201 1249 Lex
2237 1193 2405 1250 xlv.

744 1319 778 1375 5
994 1308 1307 1375 Similiter
1352 1319 1416 1377 et
1456 1312 1731 1378 vestium
1774 1312 2247 1379 deformitatem
2290 1335 2694 1400 nequaquam
2735 1312 3143 1402 usurpabunt
3182 1334 3394 1402 neque
3432 1313 3495 1379 in
3537 1313 3676 1381 has

823 1409 1103 1497 ineptias
1157 1410 1465 1498 pecunias
1522 1412 1922 1501 impendent,
1983 1412 2218 1502 quibus
2274 1437 2344 1480 se
2398 1412 2732 1480 abundare
2787 1436 2916 1480 non
2978 1413 3281 1479 fatentur.
3359 1411 3678 1480 Vestierit

825 1507 1022 1595 igitur
1065 1508 1294 1574 horum
1335 1517 1698 1597 temporum
1752 1514 2230 1597 consuetudine,
2285 1535 2450 1602 quae
2505 1522 2606 1578 est
2658 1536 2802 1578 cum
2844 1512 3153 1578 honestae
3207 1521 3348 1577 tum
3391 1534 3673 1579 commo-

829 1606 952 1672 dae
995 1609 1284 1673 rationis.
1369 1609 1608 1695 Scissa,
1663 1610 2071 1697 discolorata,
2118 1613 2390 1700 alligata
2431 1634 2561 1677 non
2616 1610 2993 1698 gestabunt,
3049 1610 3306 1698 togulas
3361 1635 3509 1678 suas
3561 1614 3673 1678 in-

830 1707 1044 1790 duent,
1100 1730 1231 1773 non
1271 1709 1561 1775 iniicient
1622 1711 1934 1800 scapulis,
1995 1712 2247 1778 calceos
2304 1713 2398 1778 ita
2454 1708 2945 1777 circumdabunt
2999 1709 3308 1797 pedibus,
3365 1734 3446 1776 ne
3496 1713 3673 1778 inter

747 1816 808 1871 10
825 1805 1250 1892 gradiendum
1295 1807 1695 1893 delabantur,
1752 1810 1954 1877 libros
1996 1821 2060 1876 et
2101 1811 2393 1876 chartam
2445 1833 2666 1876 secum
2720 1808 3102 1898 portabunt,
3155 1832 3284 1875 non
3325 1834 3536 1895 arma3
3596 1812 3672 1877 in

822 1905 1102 1993 publico,
1146 1907 1282 1972 sive
1322 1918 1509 1973 extra
1550 1911 1686 1975 sive
1727 1912 1899 1976 intra
1943 1910 2158 1993 aedeS,
2202 1910 2448 2000 absque
2487 1910 2723 1976 tunicis
2770 1908 2874 1975 vel
2918 1908 3056 1974 sine
3099 1909 3344 1974 amictu
3386 1911 3668 1977 exterio·

822 2028 966 2069 rum
1006 2006 1280 2071 vestium
1321 2030 1451 2072 non
1494 2008 2026 2094 diversabuntur3
2079 2009 2379 2075 incedent
2421 2020 2590 2098 apte,
2635 2018 2706 2074 ut
2746 2030 2953 2097 neque
2995 2009 3065 2072 in
3118 2018 3308 2095 gestu
3347 2032 3550 2096 neque
3593 2012 3684 2075 in>

820 2105 1151 2191 gressione
1214 2104 1588 2173 deformitas
1664 2111 1764 2177 sit.
1852 2108 2038 2190 Quae
2105 2110 2161 2174 si
2220 2110 2490 2175 fecerint
2501 2157 2520 2192 ,
2598 2106 2859 2173 laudem
2933 2108 3316 2174 invenerint.
3402 2108 3471 2175 Si
3532 2134 3669 2176 non

820 2203 1105 2286 fecerint,
1150 2206 1431 2291 primum
1474 2231 1515 2273 a
1551 2208 1881 2293 magistris
1923 2207 2391 2274 admoneantur
2428 2218 2623 2296 atque
2666 2206 3126 2293 obiurgentur3
3170 2208 3227 2273 si
3261 2231 3390 2275 non
3428 2207 3670 2275 redditi

746 2313 807 2369 15
821 2304 1062 2370 fuerint
1099 2305 1195 2369 ita
1230 2304 1549 2390 meliores,
1592 2329 1633 2373 a
1674 2307 2192 2395 delinquentibus
2233 2316 2383 2395 post
2417 2307 2832 2374 monitionem
2874 2307 3219 2394 exigantur
3260 2309 3472 2394 grossi
3515 2307 3665 2377 duo.

2086 2510 2222 2560 Lex
2261 2509 2386 2561 XV.

987 2639 1369 2730 Quicunque
1411 2641 1631 2709 cibum
1669 2644 1738 2708 in
1781 2641 2198 2708 contubernio
2221 2640 2500 2707 Paulino
2541 2640 2818 2727 capient,
2859 2660 3008 2705 cum
3035 2638 3366 2707 tenuitatis
3409 2640 3664 2708 illorum

823 2741 989 2806 ratio
1032 2739 1349 2808 habeatur
1391 2751 1458 2806 et
1495 2743 1624 2831 ipsi
1666 2740 2085 2806 illustrissimi
2126 2741 2442 2827 principis
2484 2738 2879 2805 liberalitate
2921 2748 3188 2826 sumptu
3229 2738 3666 2824 subleventur,

822 2862 944 2926 par
986 2862 1096 2905 eos
1135 2840 1328 2906 fuerit
1365 2841 1804 2907 moderatione
1847 2862 1968 2905 sua
2008 2850 2073 2905 et
2112 2838 2504 2905 verecundia
2545 2849 2739 2926 atque
2785 2838 2982 2903 etiam
3023 2836 3360 2904 honestate
3407 2851 3664 2926 gratum

740 2947 808 3004 20
823 2940 1108 3004 animum
1162 2939 1245 3006 ob
1300 2940 1469 3006 hanc
1519 2940 2009 3006 beneficentiam
2068 2937 2435 3022 declarare3
2495 2937 2773 3025 ideoque
2824 2938 3110 3024 primum
3164 2939 3413 3024 gratias
3468 2950 3667 3026 agent

823 3038 966 3122 deo,
1012 3047 1160 3104 ante
1199 3048 1267 3103 et
1304 3047 1457 3127 post
1498 3039 1711 3106 cibum
1753 3037 2092 3105 laudantes
2139 3047 2392 3125 patrem
2436 3037 2679 3104 domini
2719 3037 2927 3102 nostri
2976 3037 3127 3102 Iesu
3176 3035 3441 3121 Christi,
3481 3053 3662 3106 auto-

823 3161 960 3204 rem
1014 3139 1299 3205 omnium
1350 3137 1666 3206 bonorum
1718 3137 1940 3226 (idque
1982 3137 2064 3204 de
2107 3138 2400 3204 instituto
2446 3138 2903 3225 magistrorum
2947 3140 3266 3225 quatuor),
3326 3136 3558 3205 deinde
3599 3140 3665 3204 in

821 3260 1044 3304 mensa
1084 3260 1291 3328 neque
1335 3238 1524 3304 dictis
1567 3260 1776 3328 neque
1815 3238 2006 3305 sactis
2049 3236 2485 3326 petulantibus
2528 3246 2807 3303 utentur.
2876 3237 3103 3323 Neque
3145 3237 3486 3326 quicquam
3533 3239 3662 3305 ullo

824 3349 1112 3424 tempore
1153 3348 1264 3403 aut
1306 3336 1447 3404 loco
1476 3340 1545 3403 in
1582 3338 1999 3404 contubernio
2044 3339 2364 3423 frangent,
2407 3345 2728 3423 rumpent,
2774 3335 3087 3419 scindent,
3132 3336 3441 3424 polluent,
3476 3340 3661 3403 muti-

741 3436 1068 3522 251abunt,
1109 3436 1562 3503 deformabunt
1601 3438 1920 3522 iaciendo,
1959 3437 2269 3520 feriendo,
2309 3434 2723 3523 impellendo,
2754 3434 3271 3518 contaminando,
3315 3437 3662 3524 pingendo,

820 3534 1141 3619 fodiendo,
1197 3535 1564 3623 scalpendo,
1626 3537 1901 3625 denique
1943 3558 2321 3624 quacunque
2361 3536 2610 3602 ratione
2653 3548 2767 3601 aut
2806 3537 2936 3601 via.
3015 3535 3220 3601 Nemo
3267 3537 3338 3601 in
3389 3536 3662 3602 alterum

822 3637 1164 3724 quicquam
1202 3635 1591 3702 iaculabitur
1634 3635 1753 3702 sub
1799 3639 1984 3702 tectis
2028 3643 2142 3701 aut
2180 3645 2408 3723 aperto
2452 3634 2647 3700 coe10.
2704 3634 2836 3716 Qui
2872 3634 3102 3702 horum
3140 3634 3386 3724 aliquid
3423 3637 3658 3702 fecisse

820 3736 1154 3802 convictus
1212 3736 1436 3819 fuerit,
1501 3735 1585 3800 ob
1642 3735 1939 3825 quodque
2001 3735 2308 3802 delictum
2380 3733 2609 3801 solvito
2670 3756 2934 3821 grossos
3005 3736 3168 3802 duos
3232 3745 3298 3804 et
3356 3735 3664 3803 damnum

823 3836 1045 3904 datum
1089 3846 1429 3922 praestare
1474 3837 1745 3923 cogitor.

738 3979 807 4036 30
2079 3972 2125 4021 L
2139 3985 2169 4021 e
2180 3987 2219 4021 x
2256 3970 2303 4020 X
2315 3970 2360 4019 V
2372 3970 2414 4022 1.

985 4084 1367 4173 Quicunque
1408 4085 1584 4174 apud
1625 4106 1996 4152 mensarum
2039 4085 2406 4175 praesidem
2447 4106 2564 4149 seu
2602 4104 3021 4151 oeconomum
3058 4083 3454 4163 inscribitur,
3486 4084 3660 4150 hunc

819 4195 1073 4274 oportet
1123 4195 1383 4252 nostrae
1436 4185 1808 4251 academiae
1869 4183 2215 4267 subditum,
2274 4193 2578 4250 consueta
2617 4185 2964 4251 vexatione
3017 4186 3359 4268 initiatum,
3413 4183 3656 4250 habere

820 4290 1305 4374 praeceptorem
1350 4295 1595 4350 certum
1637 4295 1701 4351 et
1740 4307 1987 4366 verum,
2034 4292 2098 4349 et
2136 4282 2447 4365 indicare,
2492 4282 2605 4348 ubi
2645 4283 2933 4349 locorum
2976 4284 3243 4369 habitet,
3277 4304 3656 4372 praenume-

820 4406 968 4450 rare
1023 4383 1327 4472 quicquid
1380 4394 1595 4471 potest
1652 4385 1962 4471 pecuniae
2014 4404 2134 4448 nec
2173 4381 2344 4448 ultra
2395 4402 2679 4448 mensem
2722 4383 2986 4450 differre
3029 4384 3336 4451 debitum.
3417 4384 3566 4450 Hoc
3609 4385 3658 4448 si

739 4496 806 4553 35
822 4506 951 4552 non
990 4483 1168 4566 facit,
1213 4485 1512 4550 convictu
1550 4483 1808 4550 excludi
1851 4494 1917 4549 et
1957 4483 2134 4571 apud
2188 4489 2503 4548 rectorem
2544 4485 2880 4550 conveniri
2931 4504 3268 4574 poenaque
3319 4482 3658 4571 relegatio·

823 4585 925 4651 nis
970 4584 1265 4650 damnari
1307 4585 1558 4673 poterit.

2043 4719 2089 4769 L
2107 4732 2135 4769 e
2149 4734 2187 4768 x
2221 4718 2270 4768 X
2285 4717 2370 4769 vI
2380 4719 2422 4770 1.

985 4835 1117 4917 Qui
1169 4834 1504 4923 paulisper
1555 4834 1739 4901 abest
1786 4856 1909 4899 nec
1961 4832 2323 4900 absentiam
2375 4834 2503 4922 ipsi
2556 4833 2845 4921 praesidi
2898 4834 3164 4917 indicat,
3216 4833 3491 4900 habetur
3544 4857 3654 4923 pro

823 4959 923 5019 eo,
967 4936 1080 5022 qui
1135 4956 1447 5022 praesens
1490 4946 1588 5000 est
1631 4945 1698 5000 et
1750 4933 1958 5001 locum
2012 4935 2359 5020 pristinum
2415 4935 2664 4999 retinet.
2748 4932 2877 5014 Qui
2917 4955 3076 4998 vero
3131 4934 3298 5020 fugit
3347 4943 3462 4999 aut
3516 4956 3653 5021 per·

741 5046 808 5103 40
825 5037 1027 5101 missa
1075 5034 1370 5109 absentia
1421 5055 1553 5099 non
1605 5035 1970 5116 revertitur,
2026 5040 2140 5098 aut
2192 5034 2428 5120 quovis
2473 5032 2623 5099 dolo
2664 5031 2838 5099 malo
2891 5031 3134 5098 mensis
3176 5030 3486 5099 damnum
3525 5031 3652 5115 dat,

818 5136 878 5201 is
920 5142 1069 5221 post
1123 5134 1506 5202 monitiones
1554 5154 1672 5220 per
1715 5131 1996 5199 edictum
2038 5131 2434 5219 relegabitur
2474 5154 2560 5199 ex
2603 5140 2918 5221 perpetuo
2955 5131 3332 5201 academiae
3375 5131 3651 5213 decreto,

825 5232 1001 5323 quod
1042 5233 1466 5301 condiderunt
1510 5231 1846 5299 consilium
1886 5239 1950 5298 et
1987 5231 2360 5298 decemviri.
