4038 6358
1476 639 1579 692 Die
1612 641 1853 696 saman
1891 657 1999 694 von
2041 641 2184 695 1565.
3131 637 3253 706 223

363 837 547 886 eam
588 820 997 908 diligentiam
1043 819 1398 906 adhibebit,
1441 845 1637 910 quam
1681 823 1969 910 postulat
2021 833 2085 888 et
2138 820 2531 888 existimatio
2577 820 2952 888 academiae
2992 830 3258 888 nostrae

361 926 446 981 et
500 942 771 986 suorum
815 919 896 986 de
941 919 1214 1007 singulis
1259 923 1643 1008 expectatio.
1713 921 2055 1009 Usurpare
2095 921 2366 987 latinum
2412 942 2793 1003 sermonem,
2837 920 2925 986 ad
2968 920 3255 987 eruditos

360 1020 803 1102 praesertim,
867 1018 1054 1085 decet
1092 1020 1452 1086 universos.
1537 1019 2035 1107 Disputationes
2076 1042 2329 1108 quoque
2373 1017 2862 1107 pomeridianae
2905 1019 3257 1086 secundum

363 1117 927 1183 consuetudinem
969 1118 1160 1183 huius
1204 1117 1580 1186 academiae
1624 1120 1957 1186 institutae
2000 1118 2583 1207 frequentabantur
2626 1125 2708 1201 et,
2750 1120 2863 1202 qui
2906 1117 3251 1200 debebunt,

366 1236 511 1282 suo
552 1215 701 1283 1000
747 1216 874 1283 illis
932 1219 1095 1283 iussi
1136 1218 1632 1305 praesidebunt,
1694 1242 1861 1307 quae
1912 1220 2156 1285 functio
2203 1217 2558 1304 peculiaris
2611 1226 2710 1282 est
2752 1216 3250 1283 baculariorum.
3306 1226 3339 1280 5

369 1311 711 1380 Similiter
762 1326 827 1381 et
885 1317 1288 1399 scholastici,
1357 1319 1465 1405 qui
1524 1326 1677 1383 tunc
1733 1317 2026 1384 assidere
2079 1328 2144 1383 et
2197 1317 2597 1404 respondere
2655 1314 3255 1401 argumentantibus

370 1412 656 1497 debent,
710 1415 836 1481 hoc
874 1416 1092 1481 facere
1131 1417 1294 1481 iussi
1343 1416 1682 1505 parebunt.
1758 1417 1999 1483 Totam
2044 1421 2264 1482 autem
2303 1437 2444 1480 rem
2487 1415 2854 1481 ordinatam
2897 1437 2939 1479 a
2982 1414 3255 1500 collegio

372 1523 749 1579 conventor
791 1513 1291 1598 administrabit,
1338 1517 1442 1580 cui
1484 1537 1616 1580 non
1659 1515 2076 1582 obaedientes
2117 1514 2201 1581 ob
2248 1514 2506 1602 singula
2546 1515 2994 1581 contumaciae
3023 1512 3260 1600 delicta

371 1611 771 1699 persolvent
807 1612 1026 1680 florini
1070 1614 1524 1702 quadrantem.

1650 1776 1889 1849 Caput
1927 1778 2029 1833 XI.
3001 1829 3016 1836 -
3279 1789 3345 1856 10

788 1931 879 1977 DE
926 1928 1385 1978 INSPECTIONE
1428 1929 1698 1980 AEDmM
1740 1932 1831 1979 m·
1874 1929 2349 1979 STATUTORUM
2391 1929 2884 1978 RECITATIONE.

556 2044 885 2132 Inspectio
943 2067 1059 2110 seu
1112 2045 1402 2111 visitatio
1457 2045 1717 2133 collegii
1775 2047 1980 2112 nostri
2043 2044 2302 2111 aedium
2358 2046 2626 2131 antiqua
2679 2043 3133 2111 observatione
3185 2042 3259 2108 fit

389 2141 500 2208 bis
544 2165 716 2209 anno
758 2167 908 2228 uno,
954 2145 1286 2236 utriusque
1331 2147 1679 2229 semestris,
1740 2147 1973 2212 aestivi
2028 2145 2429 2232 hibernique,
2483 2143 2627 2209 fine.
2711 2142 3064 2232 Utriusque
3102 2164 3259 2208 vero

386 2243 581 2307 ‘mitio
621 2244 979 2310 recitantur
1028 2251 1289 2326 statuta,
1350 2244 1436 2308 ad
1479 2267 1644 2332 quae
1688 2243 2016 2310 audienda
2075 2256 2428 2310 conventus
2483 2243 2807 2309 indicitur.
2893 2244 3081 2309 Tunc
3123 2243 3254 2328 igi-

387 2352 499 2405 tur
542 2341 841 2430 inquilini
882 2343 1249 2429 frequentes
1294 2342 1523 2407 adesse
1565 2343 1802 2408 debent
1859 2344 2146 2408 universi
2201 2354 2264 2407 et
2307 2343 2666 2408 communis
2719 2343 2985 2408 honoris
3037 2341 3256 2429 gratia
3280 2350 3340 2404 15

389 2451 458 2504 et
505 2442 816 2528 propriae
873 2440 1168 2506 utilitatis
1226 2463 1477 2506 caussa.
1561 2441 1817 2507 Indieta
1873 2441 2037 2507 hora
2094 2444 2487 2507 visitationis
2548 2443 2626 2510 111,
2667 2443 2802 2506 suis
2847 2438 2978 2528 [51]
3023 2442 3257 2526 quique

389 2537 903 2606 habitationibus
963 2540 1250 2627 opperiri
1311 2538 1551 2606 debent
1607 2540 1955 2606 adventum
2015 2563 2257 2624 eorum,
2319 2563 2596 2628 quorum
2638 2541 2981 2628 provincia
3023 2549 3121 2604 est
3162 2541 3256 2603 111-

394 2639 745 2724 spectionis
800 2661 914 2704 seu
965 2639 1375 2704 visitationis.
1458 2637 1521 2703 A
1565 2639 1799 2726 quibus
1861 2662 2062 2727 opera
2117 2639 2401 2721 dabitur,
2456 2649 2527 2704 ut
2582 2639 2856 2705 audiant
2908 2636 3255 2724 inquilinos

395 2746 457 2801 et
495 2736 627 2824 ipsi
665 2736 864 2802 officii
906 2738 1007 2803 sui
1047 2758 1566 2825 unumquemque
1608 2738 2000 2805 admoneant
2032 2749 2100 2803 et
2123 2739 2203 2803 de
2237 2737 2655 2804 conclavibus
2701 2738 2771 2804 id
2820 2737 2962 2803 fieri
2989 2735 3256 2802 iubeant

395 2844 458 2899 et
499 2843 572 2900 ut
611 2834 727 2900 fiat
786 2845 1032 2918 curent,
1085 2836 1261 2923 quod
1314 2858 1438 2923 par
1495 2847 1594 2902 est
1649 2859 1727 2902 ac
1782 2838 1982 2904 decet.
2073 2837 2259 2919 Quae
2322 2836 2582 2923 quidem
2636 2860 2764 2904 non
2820 2836 3008 2902 aliter
3056 2856 3252 2923 quam
3271 2842 3339 2898 20

396 2943 703 3021 acceptae
746 2942 922 3017 sunt,
967 2935 1134 2998 sicut
1177 2941 1368 3000 antea
1408 2957 1660 3023 quoque
1703 2935 1944 3001 dictum
1990 2945 2110 3018 est,
2153 2935 2615 3024 relinquentur.

562 3032 779 3118 Atque
821 3032 1003 3114 haec,
1043 3042 1114 3097 ut
1155 3032 1556 3120 temporibus
1595 3033 1699 3099 his
1752 3034 2038 3100 maxime
2084 3036 2508 3122 congruentia
2567 3043 2631 3100 et
2687 3057 2806 3121 per
2866 3057 2935 3100 se
2988 3034 3259 3101 honesta

396 3143 590 3221 atque
625 3140 825 3216 recta,
871 3130 1157 3199 studiose
1201 3131 1285 3198 ab
1333 3153 1722 3220 unoquoque
1763 3132 1996 3199 harum
2039 3132 2300 3202 aedium
2339 3134 2654 3223 inquilino
2700 3132 3154 3215 servabuntur,
3194 3144 3258 3197 et

394 3230 808 3297 obaedientia
849 3232 1010 3298 haec
1036 3231 1158 3297 deo
1203 3241 1465 3296 aeterno
1508 3242 1704 3316 grata
1746 3242 1845 3298 est
1889 3233 2109 3299 futura
2153 3243 2217 3299 et
2258 3234 2517 3299 laudem
2563 3232 2739 3320 apud
2784 3254 3004 3298 omues
3048 3231 3252 3297 bonos

393 3331 681 3395 inveniet
741 3331 809 3396 in
872 3328 1426 3395 commendatione
1493 3330 1756 3416 pietatis
1818 3341 2012 3417 atque
2076 3332 2446 3419 probitatis,
2531 3332 2718 3413 Quae
2777 3329 3251 3397 commendatio
3271 3337 3336 3392 25

395 3441 464 3495 ut
503 3431 573 3495 in
617 3431 903 3495 omnium
945 3430 1274 3495 hominum
1333 3438 1519 3495 coetu
1575 3429 2012 3515 pulcherrima
2057 3440 2252 3519 atque
2307 3431 2574 3517 optima,
2630 3433 2728 3496 sic
2782 3431 3256 3496 contrariorum

395 3529 700 3593 vitiorum
741 3520 1008 3594 infamia
1050 3529 1429 3615 turpissima
1457 3550 1537 3593 ac
1566 3528 1916 3593 deterrima
1958 3528 2257 3595 ducenda
2297 3539 2412 3594 est.
2454 3528 2698 3616 Magno
2741 3540 2955 3595 autem
2995 3525 3256 3614 publice

397 3627 836 3715 privatimque
886 3626 1065 3693 malo
1121 3648 1162 3690 a
1214 3626 1510 3713 plurimis
1548 3650 1721 3692 1111110
1764 3631 2180 3696 0011ιο1118018
2222 3638 2287 3694 οι
2326 3628 2669 3694 insolentia
2710 3637 3020 3713 tanquam
3061 3625 3253 3691 liber-

396 3735 497 3791 tas
543 3734 609 3791 et
655 3727 1021 3812 ingenuitas
1050 3736 1415 3812 usurpatur,
1462 3748 1607 3790 cum
1646 3725 1788 3793 sola
1831 3727 2142 3793 servitute
2183 3728 2542 3794 edictorum
2581 3726 3020 3814 legitimorum
3058 3724 3252 3790 liber-

396 3835 495 3891 tas
540 3834 605 3890 et
647 3825 801 3892 boni
857 3825 1115 3913 generis
1171 3823 1367 3890 decus
1417 3825 1851 3908 contineatur3
1909 3828 2180 3891 vesania
2222 3830 2436 3892 autem
2474 3826 2773 3892 licentiae
2815 3834 2881 3892 et
2920 3827 2988 3891 111
3032 3833 3250 3890 contu·
3267 3830 3337 3888 30

398 3925 608 3989 macia
650 3926 937 3991 cernitur
976 3934 1041 3990 et
1082 3922 1272 3988 malis
1312 3922 1600 3990 moribus
1644 3922 1885 3989 bonum
1929 3926 2130 3991 etiam
2172 3948 2377 4011 genus
2420 3927 2832 3992 contaminat.
2916 3920 3049 3991 Sed
3089 3923 3253 3988 haec

398 4021 588 4089 modo
633 4023 976 4088 verbosius
1021 4020 1256 4087 disseri
1298 4043 1507 4110 neque
1550 4023 1852 4087 convenit
1891 4034 1956 4087 et
1995 4023 2351 4091 audiuntur
2392 4026 2462 4090 111
2505 4024 2645 4090 dies
2687 4025 2756 4089 111
2798 4022 3099 4090 doctrina
3120 4018 3250 4110 [52]

399 4120 839 4187 ecclesiastica
883 4131 1076 4208 atque
1120 4119 1541 4205 scholastica,
1598 4131 1671 4186 ut
1715 4124 2258 4189 commonefactos
2298 4146 2418 4189 vos
2463 4146 2606 4190 esse
2645 4124 2805 4189 satis
2850 4132 3147 4210 oporteat
3189 4131 3252 4186 et

398 4230 656 4288 caetera
695 4220 908 4287 studio
951 4219 1455 4306 diligentiaeque
1500 4220 1763 4305 pietatis
1808 4229 1873 4286 et
1914 4221 2263 4308 probitatis
2308 4224 2812 4307 uniuscuiusque
2855 4225 3251 4289 committen-

400 4318 485 4386 da
526 4321 679 4386 sint·
3265 4331 3333 4389 35

557 4439 839 4514 Hierauf
854 4442 1019 4516 folqt
1063 4441 1211 4498 noch
1254 4458 1370 4498 von
1413 4440 1481 4501 Z.
1531 4440 1837 4500 &hiller-’⁸
1878 4441 2102 4499 Hand:
2168 4436 2341 4502 Ante
2381 4436 2720 4524 periodum
2757 4437 3072 4522 ultimam,
3114 4440 3250 4504 At·

397 4559 541 4624 que
585 4534 630 4600 h
646 4555 783 4600 aec
826 4535 1264 4623 incipientem,
1308 4533 1463 4599 olim
1493 4535 1686 4599 etiam
1733 4536 2067 4622 sequentia
2093 4534 2298 4600 verba
2340 4535 2556 4621 legere
2592 4535 2792 4620 licuit,
2837 4559 3003 4624 quae
3032 4547 3250 4603 tamen

393 4636 461 4700 in
502 4634 880 4700 recitatione
922 4640 1311 4699 statutorum
1353 4632 1704 4720 plurimum
1746 4633 2017 4698 omissa·

558 4749 671 4816 Ad
716 4773 858 4816 eam
894 4771 1050 4817 vero
1093 4747 1374 4831 domum,
1420 4770 1586 4836 quae
1630 4742 1961 4815 Saxonica
1999 4771 2116 4815 seu
2161 4748 2494 4816 Saxonum
2535 4749 3023 4817 contubernium
3061 4773 3251 4818 voca-

393 4860 516 4935 tur,
559 4849 733 4938 quod
774 4850 1033 4930 attinet,
1086 4845 1285 4915 habet
1330 4846 1447 4914 illa
1483 4856 1849 4915 curatorem
1887 4871 2076 4915 suum
2118 4870 2231 4914 seu
2273 4857 2751 4932 conventorem,
2795 4850 2983 4936 eique
3024 4851 3238 4939 inqui·
3257 4861 3327 4918 40

393 4948 558 5016 linos
601 4968 849 5013 morem
890 4969 1117 5034 gerere
1158 4946 1457 5014 volumus
1498 4944 1745 5033 absque
1783 4949 2212 5012 recusatione.
2293 4946 2368 5013 Si
2407 4958 2626 5013 tamen
2667 4969 2969 5014 caussam
3014 4948 3249 5037 aliquis

397 5072 462 5114 se
503 5045 749 5114 habere
805 5047 1165 5134 putaverit,
1222 5068 1337 5111 our
1389 5066 1518 5110 non
1562 5044 2141 5131 obtemperandum
2194 5067 2338 5111 esse
2379 5055 2589 5135 putet,
2645 5046 2783 5112 sive
2838 5051 3250 5116 conventoris

394 5147 711 5213 autoritas
753 5146 1196 5212 contumaciae
1238 5146 1450 5233 impar
1496 5145 1608 5226 sit,
1663 5143 1964 5233 querelae
2017 5143 2104 5209 ad
2151 5142 2408 5232 collegii
2461 5140 2905 5234 praepositum
2949 5154 3098 5214 sunt
3144 5147 3252 5214 de-

394 5244 718 5317 ferendae.
