<?xml version="1.0" encoding="UTF-8"?>
<!DOCTYPE html PUBLIC "-//W3C//DTD XHTML 1.0 Transitional//EN"
    "http://www.w3.org/TR/xhtml1/DTD/xhtml1-transitional.dtd">
<html xmlns="http://www.w3.org/1999/xhtml" xml:lang="en" lang="en">
 <head>
  <title>
</title>
<meta http-equiv="Content-Type" content="text/html;charset=utf-8" />
  <meta name='ocr-system' content='tesseract 3.04.00' />
  <meta name='ocr-capabilities' content='ocr_page ocr_carea ocr_par ocr_line ocrx_word'/>
</head>
<body>
  <div class='ocr_page' id='page_1' title='image "./diestatutenbche02leipgoog_0588.png"; bbox 0 0 4038 6358; ppageno 0'>
   <div class='ocr_carea' id='block_1_1' title="bbox 787 584 2611 656">
    <p class='ocr_par' dir='ltr' id='par_1_1' title="bbox 787 584 2611 656">
     <span class='ocr_line' id='line_1_1' title="bbox 787 584 2611 656; baseline -0.002 -7"><span class='ocrx_word' id='word_1_1' title='bbox 787 584 907 650; x_wconf 79' lang='lat'>572</span> <span class='ocrx_word' id='word_1_2' title='bbox 1816 592 1914 642; x_wconf 84' lang='lat' dir='ltr'>Die</span> <span class='ocrx_word' id='word_1_3' title='bbox 1953 592 2319 656; x_wconf 77' lang='lat' dir='ltr'>theologische</span> <span class='ocrx_word' id='word_1_4' title='bbox 2353 593 2611 646; x_wconf 60' lang='lat' dir='ltr'>Facultflt.</span> 
     </span>
    </p>
   </div>
   <div class='ocr_carea' id='block_1_2' title="bbox 1717 860 2702 1061">
    <p class='ocr_par' dir='ltr' id='par_1_2' title="bbox 1717 860 2702 1061">
     <span class='ocr_line' id='line_1_2' title="bbox 1717 860 2702 911; baseline 0.001 -4"><span class='ocrx_word' id='word_1_5' title='bbox 1717 861 2127 911; x_wconf 83' lang='lat' dir='ltr'>APPARATUS</span> <span class='ocrx_word' id='word_1_6' title='bbox 2168 860 2702 910; x_wconf 78' lang='lat' dir='ltr'>PROMOTIONUM.</span> 
     </span>
     <span class='ocr_line' id='line_1_3' title="bbox 2035 998 2390 1061; baseline 0.006 -16"><span class='ocrx_word' id='word_1_7' title='bbox 2035 998 2078 1045; x_wconf 84' lang='lat' dir='ltr'>C</span> <span class='ocrx_word' id='word_1_8' title='bbox 2088 1012 2121 1047; x_wconf 85' lang='lat' dir='ltr'>a</span> <span class='ocrx_word' id='word_1_9' title='bbox 2132 1014 2165 1061; x_wconf 88' lang='lat' dir='ltr'>p</span> <span class='ocrx_word' id='word_1_10' title='bbox 2179 1014 2213 1047; x_wconf 88' lang='lat' dir='ltr'>u</span> <span class='ocrx_word' id='word_1_11' title='bbox 2226 1007 2248 1047; x_wconf 81' lang='lat' dir='ltr'>t</span> <span class='ocrx_word' id='word_1_12' title='bbox 2290 998 2315 1046; x_wconf 92' lang='lat'>1</span> <span class='ocrx_word' id='word_1_13' title='bbox 2325 999 2390 1047; x_wconf 87' lang='grc' dir='ltr'>Χ.</span> 
     </span>
    </p>
   </div>
   <div class='ocr_carea' id='block_1_3' title="bbox 709 1126 3649 3704">
    <p class='ocr_par' dir='ltr' id='par_1_3' title="bbox 709 1126 3649 3704">
     <span class='ocr_line' id='line_1_4' title="bbox 956 1126 3633 1216; baseline 0.001 -26"><span class='ocrx_word' id='word_1_14' title='bbox 956 1126 1446 1211; x_wconf 78' lang='lat' dir='ltr'>Disputationes</span> <span class='ocrx_word' id='word_1_15' title='bbox 1491 1127 1821 1212; x_wconf 87' lang='lat' dir='ltr'>publicae,</span> <span class='ocrx_word' id='word_1_16' title='bbox 1875 1128 2108 1216; x_wconf 88' lang='lat' dir='ltr'>quibus</span> <span class='ocrx_word' id='word_1_17' title='bbox 2155 1127 2242 1194; x_wconf 89' lang='lat' dir='ltr'>ad</span> <span class='ocrx_word' id='word_1_18' title='bbox 2283 1127 2852 1193; x_wconf 86' lang='lat' dir='ltr'>baccalaureatum</span> <span class='ocrx_word' id='word_1_19' title='bbox 2899 1136 2961 1193; x_wconf 92' lang='lat' dir='ltr'>et</span> <span class='ocrx_word' id='word_1_20' title='bbox 2999 1128 3326 1194; x_wconf 82' lang='lat' dir='ltr'><strong>licentiam</strong></span> <span class='ocrx_word' id='word_1_21' title='bbox 3384 1126 3633 1214; x_wconf 86' lang='lat' dir='ltr'>publice</span> 
     </span>
     <span class='ocr_line' id='line_1_5' title="bbox 793 1223 3635 1315; baseline 0.001 -27"><span class='ocrx_word' id='word_1_22' title='bbox 793 1223 1238 1311; x_wconf 88' lang='lat' dir='ltr'>disquiruntur</span> <span class='ocrx_word' id='word_1_23' title='bbox 1277 1227 1538 1311; x_wconf 89' lang='lat' dir='ltr'>ingenia</span> <span class='ocrx_word' id='word_1_24' title='bbox 1581 1234 1646 1291; x_wconf 90' lang='lat' dir='ltr'>et</span> <span class='ocrx_word' id='word_1_25' title='bbox 1688 1226 2001 1310; x_wconf 87' lang='lat' dir='ltr'>doctrina,</span> <span class='ocrx_word' id='word_1_26' title='bbox 2059 1231 2128 1293; x_wconf 91' lang='lat' dir='ltr'>in</span> <span class='ocrx_word' id='word_1_27' title='bbox 2169 1228 2517 1293; x_wconf 85' lang='lat' dir='ltr'>licentiatis</span> <span class='ocrx_word' id='word_1_28' title='bbox 2564 1227 2778 1315; x_wconf 89' lang='lat' dir='ltr'>placet</span> <span class='ocrx_word' id='word_1_29' title='bbox 2817 1227 2941 1292; x_wconf 92' lang='lat' dir='ltr'>hoc</span> <span class='ocrx_word' id='word_1_30' title='bbox 2982 1228 3250 1310; x_wconf 86' lang='lat' dir='ltr'>servari,</span> <span class='ocrx_word' id='word_1_31' title='bbox 3308 1236 3386 1292; x_wconf 89' lang='lat' dir='ltr'>ut</span> <span class='ocrx_word' id='word_1_32' title='bbox 3431 1226 3635 1313; x_wconf 77' lang='lat' dir='ltr'>pridie</span> 
     </span>
     <span class='ocr_line' id='line_1_6' title="bbox 709 1323 3636 1415; baseline 0 -26"><span class='ocrx_word' id='word_1_33' title='bbox 709 1335 742 1388; x_wconf 83' lang='lat'><strong>5</strong></span> <span class='ocrx_word' id='word_1_34' title='bbox 800 1327 937 1389; x_wconf 89' lang='lat' dir='ltr'>eius</span> <span class='ocrx_word' id='word_1_35' title='bbox 982 1323 1130 1405; x_wconf 88' lang='lat' dir='ltr'>diei,</span> <span class='ocrx_word' id='word_1_36' title='bbox 1188 1347 1314 1412; x_wconf 90' lang='lat' dir='ltr'>quo</span> <span class='ocrx_word' id='word_1_37' title='bbox 1370 1329 1738 1412; x_wconf 86' lang='lat' dir='ltr'>promoveri</span> <span class='ocrx_word' id='word_1_38' title='bbox 1792 1326 2147 1409; x_wconf 86' lang='lat' dir='ltr'>debebunt,</span> <span class='ocrx_word' id='word_1_39' title='bbox 2207 1338 2355 1415; x_wconf 91' lang='lat' dir='ltr'>post</span> <span class='ocrx_word' id='word_1_40' title='bbox 2412 1327 2750 1392; x_wconf 82' lang='lat' dir='ltr'>meridiem</span> <span class='ocrx_word' id='word_1_41' title='bbox 2805 1327 2890 1392; x_wconf 87' lang='lat' dir='ltr'>ad</span> <span class='ocrx_word' id='word_1_42' title='bbox 2950 1326 3330 1413; x_wconf 74' lang='lat' dir='ltr'>adsignatae</span> <span class='ocrx_word' id='word_1_43' title='bbox 3390 1324 3636 1413; x_wconf 89' lang='lat' dir='ltr'>aliquas</span> 
     </span>
     <span class='ocr_line' id='line_1_7' title="bbox 794 1414 3637 1513; baseline 0.001 -25"><span class='ocrx_word' id='word_1_44' title='bbox 794 1414 1203 1512; x_wconf 81' lang='lat' dir='ltr'>quaestiones</span> <span class='ocrx_word' id='word_1_45' title='bbox 1256 1422 1513 1511; x_wconf 91' lang='lat' dir='ltr'>publice</span> <span class='ocrx_word' id='word_1_46' title='bbox 1569 1425 2005 1513; x_wconf 83' lang='lat' dir='ltr'>respondeant</span> <span class='ocrx_word' id='word_1_47' title='bbox 2054 1426 2230 1492; x_wconf 90' lang='lat' dir='ltr'>horis</span> <span class='ocrx_word' id='word_1_48' title='bbox 2274 1426 2548 1509; x_wconf 88' lang='lat' dir='ltr'>duabus,</span> <span class='ocrx_word' id='word_1_49' title='bbox 2608 1437 2671 1492; x_wconf 93' lang='lat' dir='ltr'>et</span> <span class='ocrx_word' id='word_1_50' title='bbox 2719 1422 2955 1493; x_wconf 85' lang='lat' dir='ltr'>rursus</span> <span class='ocrx_word' id='word_1_51' title='bbox 3000 1448 3190 1491; x_wconf 90' lang='lat' dir='ltr'>mane</span> <span class='ocrx_word' id='word_1_52' title='bbox 3234 1425 3343 1490; x_wconf 92' lang='lat' dir='ltr'>die</span> <span class='ocrx_word' id='word_1_53' title='bbox 3387 1448 3637 1513; x_wconf 90' lang='lat' dir='ltr'>promo-</span> 
     </span>
     <span class='ocr_line' id='line_1_8' title="bbox 793 1522 2670 1614; baseline 0.002 -27"><span class='ocrx_word' id='word_1_54' title='bbox 793 1524 989 1588; x_wconf 86' lang='lat' dir='ltr'>tionis</span> <span class='ocrx_word' id='word_1_55' title='bbox 1028 1522 1314 1608; x_wconf 84' lang='lat' dir='ltr'>totidem,</span> <span class='ocrx_word' id='word_1_56' title='bbox 1359 1534 1550 1613; x_wconf 88' lang='lat' dir='ltr'>atque</span> <span class='ocrx_word' id='word_1_57' title='bbox 1588 1528 1683 1595; x_wconf 88' lang='lat' dir='ltr'>ita</span> <span class='ocrx_word' id='word_1_58' title='bbox 1725 1527 1921 1592; x_wconf 88' lang='lat' dir='ltr'>ritum</span> <span class='ocrx_word' id='word_1_59' title='bbox 1959 1526 2381 1613; x_wconf 88' lang='lat' dir='ltr'>promotionis</span> <span class='ocrx_word' id='word_1_60' title='bbox 2425 1529 2670 1614; x_wconf 85' lang='lat' dir='ltr'>peragi.</span> 
     </span>
     <span class='ocr_line' id='line_1_9' title="bbox 967 1621 3641 1711; baseline 0.001 -25"><span class='ocrx_word' id='word_1_61' title='bbox 967 1621 1405 1690; x_wconf 88' lang='lat' dir='ltr'>Baccalaureo</span> <span class='ocrx_word' id='word_1_62' title='bbox 1466 1634 1678 1691; x_wconf 89' lang='lat' dir='ltr'>autem</span> <span class='ocrx_word' id='word_1_63' title='bbox 1744 1625 1986 1711; x_wconf 88' lang='lat' dir='ltr'>gradus</span> <span class='ocrx_word' id='word_1_64' title='bbox 2050 1627 2145 1690; x_wconf 89' lang='lat' dir='ltr'>sic</span> <span class='ocrx_word' id='word_1_65' title='bbox 2204 1626 2590 1708; x_wconf 87' lang='lat' dir='ltr'>conferatur,</span> <span class='ocrx_word' id='word_1_66' title='bbox 2647 1634 2718 1690; x_wconf 89' lang='lat' dir='ltr'>ut</span> <span class='ocrx_word' id='word_1_67' title='bbox 2774 1628 2844 1691; x_wconf 91' lang='lat' dir='ltr'>in</span> <span class='ocrx_word' id='word_1_68' title='bbox 2902 1625 3222 1691; x_wconf 88' lang='lat' dir='ltr'>auditorio</span> <span class='ocrx_word' id='word_1_69' title='bbox 3279 1624 3641 1710; x_wconf 84' lang='lat' dir='ltr'>theologico</span> 
     </span>
     <span class='ocr_line' id='line_1_10' title="bbox 794 1722 3642 1813; baseline 0.001 -28"><span class='ocrx_word' id='word_1_70' title='bbox 794 1722 1008 1787; x_wconf 88' lang='lat' dir='ltr'>iussus</span> <span class='ocrx_word' id='word_1_71' title='bbox 1062 1724 1131 1786; x_wconf 91' lang='lat' dir='ltr'>in</span> <span class='ocrx_word' id='word_1_72' title='bbox 1188 1724 1446 1810; x_wconf 87' lang='lat' dir='ltr'>publico</span> <span class='ocrx_word' id='word_1_73' title='bbox 1507 1749 1813 1790; x_wconf 86' lang='lat' dir='ltr'>consessu</span> <span class='ocrx_word' id='word_1_74' title='bbox 1867 1748 1901 1790; x_wconf 92' lang='lat' dir='ltr'>e</span> <span class='ocrx_word' id='word_1_75' title='bbox 1959 1724 2269 1790; x_wconf 86' lang='lat' dir='ltr'>cathedra</span> <span class='ocrx_word' id='word_1_76' title='bbox 2322 1727 2569 1790; x_wconf 89' lang='lat' dir='ltr'>minore</span> <span class='ocrx_word' id='word_1_77' title='bbox 2626 1725 2945 1791; x_wconf 81' lang='lat' dir='ltr'>declamet</span> <span class='ocrx_word' id='word_1_78' title='bbox 3001 1748 3121 1813; x_wconf 92' lang='lat' dir='ltr'>pro</span> <span class='ocrx_word' id='word_1_79' title='bbox 3176 1724 3452 1790; x_wconf 84' lang='lat' dir='ltr'>exordio</span> <span class='ocrx_word' id='word_1_80' title='bbox 3510 1727 3642 1789; x_wconf 89' lang='lat' dir='ltr'>eius</span> 
     </span>
     <span class='ocr_line' id='line_1_11' title="bbox 722 1818 3640 1912; baseline 0.002 -27"><span class='ocrx_word' id='word_1_81' title='bbox 722 1818 974 1903; x_wconf 76' lang='lat' dir='ltr'>lolibri,</span> <span class='ocrx_word' id='word_1_82' title='bbox 1029 1844 1216 1909; x_wconf 85' lang='lat' dir='ltr'>quem</span> <span class='ocrx_word' id='word_1_83' title='bbox 1262 1833 1360 1887; x_wconf 89' lang='lat' dir='ltr'>est</span> <span class='ocrx_word' id='word_1_84' title='bbox 1411 1822 1642 1889; x_wconf 87' lang='lat' dir='ltr'>dehinc</span> <span class='ocrx_word' id='word_1_85' title='bbox 1695 1824 1952 1911; x_wconf 90' lang='lat' dir='ltr'>publice</span> <span class='ocrx_word' id='word_1_86' title='bbox 1997 1824 2459 1912; x_wconf 89' lang='lat' dir='ltr'>praelecturus.</span> <span class='ocrx_word' id='word_1_87' title='bbox 2543 1824 2800 1890; x_wconf 92' lang='lat' dir='ltr'>Deinde</span> <span class='ocrx_word' id='word_1_88' title='bbox 2858 1825 3142 1890; x_wconf 82' lang='lat' dir='ltr'>decanus</span> <span class='ocrx_word' id='word_1_89' title='bbox 3193 1848 3233 1890; x_wconf 87' lang='lat' dir='ltr'>a</span> <span class='ocrx_word' id='word_1_90' title='bbox 3284 1825 3640 1890; x_wconf 89' lang='lat' dir='ltr'>iuramento</span> 
     </span>
     <span class='ocr_line' id='line_1_12' title="bbox 800 1921 3643 2011; baseline 0.001 -26"><span class='ocrx_word' id='word_1_91' title='bbox 800 1924 1125 2008; x_wconf 87' lang='lat' dir='ltr'>conceptis</span> <span class='ocrx_word' id='word_1_92' title='bbox 1156 1921 1376 1988; x_wconf 87' lang='lat' dir='ltr'>verbis</span> <span class='ocrx_word' id='word_1_93' title='bbox 1403 1922 1897 1989; x_wconf 85' lang='lat' dir='ltr'>baccalaureum</span> <span class='ocrx_word' id='word_1_94' title='bbox 1934 1924 2186 1989; x_wconf 79' lang='lat' dir='ltr'>creabit</span> <span class='ocrx_word' id='word_1_95' title='bbox 2226 1947 2303 1989; x_wconf 90' lang='lat' dir='ltr'>ac</span> <span class='ocrx_word' id='word_1_96' title='bbox 2346 1934 2500 2008; x_wconf 89' lang='lat' dir='ltr'>tum,</span> <span class='ocrx_word' id='word_1_97' title='bbox 2544 1925 2776 2011; x_wconf 86' lang='lat' dir='ltr'>gratiis</span> <span class='ocrx_word' id='word_1_98' title='bbox 2818 1926 3001 2008; x_wconf 88' lang='lat' dir='ltr'>actis,</span> <span class='ocrx_word' id='word_1_99' title='bbox 3040 1923 3326 2011; x_wconf 90' lang='lat' dir='ltr'>hospites</span> <span class='ocrx_word' id='word_1_100' title='bbox 3369 1922 3643 1989; x_wconf 84' lang='lat' dir='ltr'>dimittet</span> 
     </span>
     <span class='ocr_line' id='line_1_13' title="bbox 797 2019 1311 2087; baseline 0.01 -4"><span class='ocrx_word' id='word_1_101' title='bbox 797 2019 882 2084; x_wconf 94' lang='lat' dir='ltr'>ad</span> <span class='ocrx_word' id='word_1_102' title='bbox 926 2022 1311 2087; x_wconf 87' lang='lat' dir='ltr'>convivium.</span> 
     </span>
     <span class='ocr_line' id='line_1_14' title="bbox 963 2116 3644 2211; baseline 0.001 -28"><span class='ocrx_word' id='word_1_103' title='bbox 963 2116 1085 2206; x_wconf 90' lang='lat' dir='ltr'>[Bl.</span> <span class='ocrx_word' id='word_1_104' title='bbox 1146 2118 1248 2208; x_wconf 75' lang='lat'>4⁸]</span> <span class='ocrx_word' id='word_1_105' title='bbox 1313 2123 1772 2207; x_wconf 89' lang='lat' dir='ltr'>Designandus</span> <span class='ocrx_word' id='word_1_106' title='bbox 1840 2122 1924 2187; x_wconf 89' lang='lat' dir='ltr'>ab</span> <span class='ocrx_word' id='word_1_107' title='bbox 1989 2124 2289 2189; x_wconf 85' lang='lat' dir='ltr'>examine</span> <span class='ocrx_word' id='word_1_108' title='bbox 2348 2123 2953 2190; x_wconf 87' lang='lat' dir='ltr'>vicecancellarium</span> <span class='ocrx_word' id='word_1_109' title='bbox 3017 2125 3312 2211; x_wconf 89' lang='lat' dir='ltr'>impensa</span> <span class='ocrx_word' id='word_1_110' title='bbox 3378 2123 3644 2210; x_wconf 89' lang='lat' dir='ltr'>propria</span> 
     </span>
     <span class='ocr_line' id='line_1_15' title="bbox 795 2218 3643 2312; baseline 0.001 -30"><span class='ocrx_word' id='word_1_111' title='bbox 795 2218 1144 2283; x_wconf 88' lang='lat' dir='ltr'>secundum</span> <span class='ocrx_word' id='word_1_112' title='bbox 1200 2232 1566 2287; x_wconf 90' lang='lat' dir='ltr'>consuetam</span> <span class='ocrx_word' id='word_1_113' title='bbox 1620 2221 1961 2287; x_wconf 89' lang='lat' dir='ltr'>formulam</span> <span class='ocrx_word' id='word_1_114' title='bbox 2024 2224 2403 2309; x_wconf 86' lang='lat' dir='ltr'>impetrabit</span> <span class='ocrx_word' id='word_1_115' title='bbox 2462 2225 2546 2289; x_wconf 88' lang='lat' dir='ltr'>ab</span> <span class='ocrx_word' id='word_1_116' title='bbox 2609 2226 2939 2312; x_wconf 86' lang='lat' dir='ltr'>episcopo.</span> <span class='ocrx_word' id='word_1_117' title='bbox 3023 2225 3110 2306; x_wconf 86' lang='lat' dir='ltr'>Is,</span> <span class='ocrx_word' id='word_1_118' title='bbox 3171 2223 3446 2309; x_wconf 91' lang='lat' dir='ltr'>collegio</span> <span class='ocrx_word' id='word_1_119' title='bbox 3504 2243 3643 2287; x_wconf 84' lang='lat' dir='ltr'>con·</span> 
     </span>
     <span class='ocr_line' id='line_1_16' title="bbox 716 2320 3644 2410; baseline 0.001 -29"><span class='ocrx_word' id='word_1_120' title='bbox 716 2326 777 2381; x_wconf 84' lang='lat'>15</span> <span class='ocrx_word' id='word_1_121' title='bbox 796 2328 1030 2384; x_wconf 84' lang='lat' dir='ltr'>vocato</span> <span class='ocrx_word' id='word_1_122' title='bbox 1074 2342 1151 2384; x_wconf 90' lang='lat' dir='ltr'>ac</span> <span class='ocrx_word' id='word_1_123' title='bbox 1194 2320 1300 2386; x_wconf 92' lang='lat' dir='ltr'>die</span> <span class='ocrx_word' id='word_1_124' title='bbox 1339 2322 1427 2387; x_wconf 85' lang='lat' dir='ltr'>ad</span> <span class='ocrx_word' id='word_1_125' title='bbox 1470 2322 1982 2408; x_wconf 82' lang='lat' dir='ltr'>designationem</span> <span class='ocrx_word' id='word_1_126' title='bbox 2029 2323 2224 2405; x_wconf 88' lang='lat' dir='ltr'>dicta,</span> <span class='ocrx_word' id='word_1_127' title='bbox 2281 2325 2349 2388; x_wconf 91' lang='lat' dir='ltr'>in</span> <span class='ocrx_word' id='word_1_128' title='bbox 2401 2323 2724 2389; x_wconf 88' lang='lat' dir='ltr'>auditorio</span> <span class='ocrx_word' id='word_1_129' title='bbox 2767 2326 3054 2389; x_wconf 84' lang='lat' dir='ltr'>maximo</span> <span class='ocrx_word' id='word_1_130' title='bbox 3107 2322 3369 2410; x_wconf 87' lang='lat' dir='ltr'>publice</span> <span class='ocrx_word' id='word_1_131' title='bbox 3422 2321 3644 2387; x_wconf 85' lang='lat' dir='ltr'>laudes</span> 
     </span>
     <span class='ocr_line' id='line_1_17' title="bbox 798 2418 3645 2511; baseline 0.001 -29"><span class='ocrx_word' id='word_1_132' title='bbox 798 2440 1025 2483; x_wconf 86' lang='lat' dir='ltr'>sacrae</span> <span class='ocrx_word' id='word_1_133' title='bbox 1068 2418 1403 2485; x_wconf 89' lang='lat' dir='ltr'>doctrinae</span> <span class='ocrx_word' id='word_1_134' title='bbox 1445 2421 1621 2487; x_wconf 91' lang='lat' dir='ltr'>dicat</span> <span class='ocrx_word' id='word_1_135' title='bbox 1662 2434 1726 2487; x_wconf 88' lang='lat' dir='ltr'>et</span> <span class='ocrx_word' id='word_1_136' title='bbox 1766 2445 1920 2487; x_wconf 81' lang='lat' dir='ltr'>mox</span> <span class='ocrx_word' id='word_1_137' title='bbox 1966 2422 2213 2487; x_wconf 86' lang='lat' dir='ltr'>Christi</span> <span class='ocrx_word' id='word_1_138' title='bbox 2253 2425 2511 2488; x_wconf 92' lang='lat' dir='ltr'>nomine</span> <span class='ocrx_word' id='word_1_139' title='bbox 2570 2447 2689 2511; x_wconf 95' lang='lat' dir='ltr'>pro</span> <span class='ocrx_word' id='word_1_140' title='bbox 2750 2446 2927 2489; x_wconf 93' lang='lat' dir='ltr'>more</span> <span class='ocrx_word' id='word_1_141' title='bbox 2987 2423 3406 2504; x_wconf 87' lang='lat' dir='ltr'>licentiatum,</span> <span class='ocrx_word' id='word_1_142' title='bbox 3468 2423 3645 2508; x_wconf 84' lang='lat' dir='ltr'>prius</span> 
     </span>
     <span class='ocr_line' id='line_1_18' title="bbox 796 2519 3645 2611; baseline 0.001 -29"><span class='ocrx_word' id='word_1_143' title='bbox 796 2520 1154 2584; x_wconf 89' lang='lat' dir='ltr'>iuramento</span> <span class='ocrx_word' id='word_1_144' title='bbox 1198 2519 1599 2605; x_wconf 87' lang='lat' dir='ltr'>obstrictum,</span> <span class='ocrx_word' id='word_1_145' title='bbox 1653 2521 1965 2607; x_wconf 83' lang='lat' dir='ltr'>designet.</span> <span class='ocrx_word' id='word_1_146' title='bbox 2053 2521 2293 2587; x_wconf 89' lang='lat' dir='ltr'>Omnia</span> <span class='ocrx_word' id='word_1_147' title='bbox 2341 2522 2503 2587; x_wconf 87' lang='lat' dir='ltr'>haec</span> <span class='ocrx_word' id='word_1_148' title='bbox 2546 2522 2692 2611; x_wconf 88' lang='lat' dir='ltr'>plus</span> <span class='ocrx_word' id='word_1_149' title='bbox 2735 2525 2946 2589; x_wconf 85' lang='lat' dir='ltr'>minus</span> <span class='ocrx_word' id='word_1_150' title='bbox 3002 2524 3174 2589; x_wconf 84' lang='lat' dir='ltr'>intra</span> <span class='ocrx_word' id='word_1_151' title='bbox 3218 2523 3411 2586; x_wconf 87' lang='lat' dir='ltr'>unius</span> <span class='ocrx_word' id='word_1_152' title='bbox 3453 2521 3645 2586; x_wconf 88' lang='lat' dir='ltr'>horae</span> 
     </span>
     <span class='ocr_line' id='line_1_19' title="bbox 799 2620 1116 2706; baseline 0 -24"><span class='ocrx_word' id='word_1_153' title='bbox 799 2620 1116 2706; x_wconf 88' lang='lat' dir='ltr'>spacium.</span> 
     </span>
     <span class='ocr_line' id='line_1_20' title="bbox 963 2717 3645 2808; baseline 0 -25"><span class='ocrx_word' id='word_1_154' title='bbox 963 2717 1412 2786; x_wconf 88' lang='lat' dir='ltr'>Doctoralium</span> <span class='ocrx_word' id='word_1_155' title='bbox 1451 2744 1606 2787; x_wconf 88' lang='lat' dir='ltr'>vero</span> <span class='ocrx_word' id='word_1_156' title='bbox 1648 2720 2001 2806; x_wconf 89' lang='lat' dir='ltr'>insignium</span> <span class='ocrx_word' id='word_1_157' title='bbox 2046 2723 2475 2786; x_wconf 88' lang='lat' dir='ltr'>ceremoniam</span> <span class='ocrx_word' id='word_1_158' title='bbox 2515 2721 2807 2787; x_wconf 92' lang='lat' dir='ltr'>nonnihil</span> <span class='ocrx_word' id='word_1_159' title='bbox 2860 2744 2902 2786; x_wconf 86' lang='lat' dir='ltr'>a</span> <span class='ocrx_word' id='word_1_160' title='bbox 2952 2721 3228 2808; x_wconf 86' lang='lat' dir='ltr'>pristino</span> <span class='ocrx_word' id='word_1_161' title='bbox 3270 2719 3645 2785; x_wconf 86' lang='lat' dir='ltr'>mutandam</span> 
     </span>
     <span class='ocr_line' id='line_1_21' title="bbox 716 2819 3645 2903; baseline 0.001 -22"><span class='ocrx_word' id='word_1_162' title='bbox 716 2824 783 2881; x_wconf 87' lang='lat'>20</span> <span class='ocrx_word' id='word_1_163' title='bbox 802 2821 1183 2883; x_wconf 87' lang='lat' dir='ltr'>censuimus.</span> <span class='ocrx_word' id='word_1_164' title='bbox 1267 2819 1589 2886; x_wconf 86' lang='lat' dir='ltr'>Themata</span> <span class='ocrx_word' id='word_1_165' title='bbox 1650 2844 1770 2886; x_wconf 89' lang='lat' dir='ltr'>sua</span> <span class='ocrx_word' id='word_1_166' title='bbox 1822 2823 1891 2886; x_wconf 92' lang='lat' dir='ltr'>in</span> <span class='ocrx_word' id='word_1_167' title='bbox 1951 2820 2262 2885; x_wconf 85' lang='lat' dir='ltr'>cathedra</span> <span class='ocrx_word' id='word_1_168' title='bbox 2317 2821 2626 2903; x_wconf 82' lang='lat' dir='ltr'>inferiori,</span> <span class='ocrx_word' id='word_1_169' title='bbox 2685 2831 2758 2886; x_wconf 92' lang='lat' dir='ltr'>ut</span> <span class='ocrx_word' id='word_1_170' title='bbox 2813 2831 3213 2886; x_wconf 87' lang='lat' dir='ltr'>caeterarum</span> <span class='ocrx_word' id='word_1_171' title='bbox 3269 2819 3645 2885; x_wconf 86' lang='lat' dir='ltr'>facultatum</span> 
     </span>
     <span class='ocr_line' id='line_1_22' title="bbox 801 2917 3647 3008; baseline 0 -27"><span class='ocrx_word' id='word_1_172' title='bbox 801 2917 1151 3002; x_wconf 86' lang='lat' dir='ltr'>designati,</span> <span class='ocrx_word' id='word_1_173' title='bbox 1208 2918 1291 2984; x_wconf 93' lang='lat' dir='ltr'>ab</span> <span class='ocrx_word' id='word_1_174' title='bbox 1337 2942 1431 3003; x_wconf 88' lang='lat' dir='ltr'>eo,</span> <span class='ocrx_word' id='word_1_175' title='bbox 1492 2942 1679 3007; x_wconf 92' lang='lat' dir='ltr'>quem</span> <span class='ocrx_word' id='word_1_176' title='bbox 1737 2930 2174 3006; x_wconf 86' lang='lat' dir='ltr'>promotorem</span> <span class='ocrx_word' id='word_1_177' title='bbox 2218 2933 2487 3001; x_wconf 86' lang='lat' dir='ltr'>vocant,</span> <span class='ocrx_word' id='word_1_178' title='bbox 2547 2923 2740 3002; x_wconf 90' lang='lat' dir='ltr'>iussi,</span> <span class='ocrx_word' id='word_1_179' title='bbox 2796 2919 3125 3007; x_wconf 80' lang='lat' dir='ltr'>explicent</span> <span class='ocrx_word' id='word_1_180' title='bbox 3177 2943 3294 3008; x_wconf 89' lang='lat' dir='ltr'>per</span> <span class='ocrx_word' id='word_1_181' title='bbox 3356 2917 3647 2984; x_wconf 86' lang='lat' dir='ltr'>ordinem</span> 
     </span>
     <span class='ocr_line' id='line_1_23' title="bbox 802 3016 3647 3107; baseline 0.001 -28"><span class='ocrx_word' id='word_1_182' title='bbox 802 3016 1040 3102; x_wconf 85' lang='lat' dir='ltr'>singuli</span> <span class='ocrx_word' id='word_1_183' title='bbox 1082 3017 1269 3083; x_wconf 89' lang='lat' dir='ltr'>docte</span> <span class='ocrx_word' id='word_1_184' title='bbox 1308 3028 1370 3083; x_wconf 91' lang='lat' dir='ltr'>et</span> <span class='ocrx_word' id='word_1_185' title='bbox 1415 3019 1741 3106; x_wconf 87' lang='lat' dir='ltr'>eleganter</span> <span class='ocrx_word' id='word_1_186' title='bbox 1786 3017 2091 3107; x_wconf 89' lang='lat' dir='ltr'>claraque</span> <span class='ocrx_word' id='word_1_187' title='bbox 2135 3042 2312 3085; x_wconf 85' lang='lat' dir='ltr'>voce.</span> <span class='ocrx_word' id='word_1_188' title='bbox 2377 3019 2639 3085; x_wconf 88' lang='lat' dir='ltr'>Dehinc</span> <span class='ocrx_word' id='word_1_189' title='bbox 2677 3042 2763 3085; x_wconf 83' lang='lat' dir='ltr'>ex</span> <span class='ocrx_word' id='word_1_190' title='bbox 2808 3019 3181 3086; x_wconf 91' lang='lat' dir='ltr'>doctoribus</span> <span class='ocrx_word' id='word_1_191' title='bbox 3223 3020 3494 3084; x_wconf 83' lang='lat' dir='ltr'>novitiis</span> <span class='ocrx_word' id='word_1_192' title='bbox 3538 3041 3647 3082; x_wconf 90' lang='lat' dir='ltr'>seu</span> 
     </span>
     <span class='ocr_line' id='line_1_24' title="bbox 798 3115 3649 3203; baseline 0.001 -22"><span class='ocrx_word' id='word_1_193' title='bbox 798 3115 1030 3182; x_wconf 85' lang='lat' dir='ltr'>futuris</span> <span class='ocrx_word' id='word_1_194' title='bbox 1073 3116 1308 3203; x_wconf 85' lang='lat' dir='ltr'>aliquis</span> <span class='ocrx_word' id='word_1_195' title='bbox 1347 3117 1433 3184; x_wconf 88' lang='lat' dir='ltr'>ad</span> <span class='ocrx_word' id='word_1_196' title='bbox 1477 3118 1599 3185; x_wconf 90' lang='lat' dir='ltr'>hoc</span> <span class='ocrx_word' id='word_1_197' title='bbox 1642 3118 1924 3185; x_wconf 89' lang='lat' dir='ltr'>delectus</span> <span class='ocrx_word' id='word_1_198' title='bbox 1967 3141 2002 3183; x_wconf 87' lang='lat' dir='ltr'>e</span> <span class='ocrx_word' id='word_1_199' title='bbox 2046 3120 2365 3185; x_wconf 87' lang='lat' dir='ltr'>contionis</span> <span class='ocrx_word' id='word_1_200' title='bbox 2413 3142 2638 3186; x_wconf 85' lang='lat' dir='ltr'>sacrae</span> <span class='ocrx_word' id='word_1_201' title='bbox 2693 3120 2835 3191; x_wconf 91' lang='lat' dir='ltr'>loco</span> <span class='ocrx_word' id='word_1_202' title='bbox 2880 3118 3198 3185; x_wconf 90' lang='lat' dir='ltr'>declamet</span> <span class='ocrx_word' id='word_1_203' title='bbox 3238 3117 3439 3184; x_wconf 90' lang='lat' dir='ltr'>studii</span> <span class='ocrx_word' id='word_1_204' title='bbox 3482 3120 3649 3183; x_wconf 89' lang='lat' dir='ltr'>sacri</span> 
     </span>
     <span class='ocr_line' id='line_1_25' title="bbox 801 3204 3649 3305; baseline 0.001 -26"><span class='ocrx_word' id='word_1_205' title='bbox 801 3214 1044 3299; x_wconf 87' lang='lat' dir='ltr'>laudes,</span> <span class='ocrx_word' id='word_1_206' title='bbox 1104 3230 1253 3305; x_wconf 88' lang='lat' dir='ltr'>post</span> <span class='ocrx_word' id='word_1_207' title='bbox 1305 3204 1498 3305; x_wconf 84' lang='lat' dir='ltr'>quam</span> <span class='ocrx_word' id='word_1_208' title='bbox 1553 3220 1907 3285; x_wconf 88' lang='lat' dir='ltr'>orationem</span> <span class='ocrx_word' id='word_1_209' title='bbox 1960 3219 2408 3305; x_wconf 88' lang='lat' dir='ltr'>insigniendus</span> <span class='ocrx_word' id='word_1_210' title='bbox 2470 3218 2899 3304; x_wconf 87' lang='lat' dir='ltr'>geniculando</span> <span class='ocrx_word' id='word_1_211' title='bbox 2963 3218 3417 3283; x_wconf 87' lang='lat' dir='ltr'>iusiurandum</span> <span class='ocrx_word' id='word_1_212' title='bbox 3478 3218 3649 3283; x_wconf 88' lang='lat' dir='ltr'>dicat</span> 
     </span>
     <span class='ocr_line' id='line_1_26' title="bbox 719 3315 3648 3400; baseline 0.001 -20"><span class='ocrx_word' id='word_1_213' title='bbox 719 3316 874 3380; x_wconf 85' lang='lat' dir='ltr'>25in</span> <span class='ocrx_word' id='word_1_214' title='bbox 916 3315 1101 3381; x_wconf 88' lang='lat' dir='ltr'>aulae</span> <span class='ocrx_word' id='word_1_215' title='bbox 1143 3317 1376 3400; x_wconf 88' lang='lat' dir='ltr'>medio,</span> <span class='ocrx_word' id='word_1_216' title='bbox 1431 3327 1494 3383; x_wconf 93' lang='lat' dir='ltr'>et</span> <span class='ocrx_word' id='word_1_217' title='bbox 1531 3317 1684 3383; x_wconf 90' lang='lat' dir='ltr'>inde</span> <span class='ocrx_word' id='word_1_218' title='bbox 1724 3320 1790 3382; x_wconf 91' lang='lat' dir='ltr'>in</span> <span class='ocrx_word' id='word_1_219' title='bbox 1835 3317 2213 3383; x_wconf 89' lang='lat' dir='ltr'>cathedram</span> <span class='ocrx_word' id='word_1_220' title='bbox 2270 3318 2566 3384; x_wconf 88' lang='lat' dir='ltr'>altiorem</span> <span class='ocrx_word' id='word_1_221' title='bbox 2610 3317 3043 3384; x_wconf 91' lang='lat' dir='ltr'>conscendere</span> <span class='ocrx_word' id='word_1_222' title='bbox 3091 3319 3269 3400; x_wconf 84' lang='lat' dir='ltr'>iussi,</span> <span class='ocrx_word' id='word_1_223' title='bbox 3326 3319 3648 3383; x_wconf 87' lang='lat' dir='ltr'>consuetis</span> 
     </span>
     <span class='ocr_line' id='line_1_27' title="bbox 798 3414 3646 3504; baseline 0.001 -25"><span class='ocrx_word' id='word_1_224' title='bbox 798 3414 1163 3501; x_wconf 88' lang='lat' dir='ltr'>insignibus</span> <span class='ocrx_word' id='word_1_225' title='bbox 1207 3438 1248 3480; x_wconf 89' lang='lat' dir='ltr'>a</span> <span class='ocrx_word' id='word_1_226' title='bbox 1290 3426 1656 3503; x_wconf 89' lang='lat' dir='ltr'>promotore</span> <span class='ocrx_word' id='word_1_227' title='bbox 1697 3417 1965 3483; x_wconf 89' lang='lat' dir='ltr'>honesto</span> <span class='ocrx_word' id='word_1_228' title='bbox 2010 3428 2335 3500; x_wconf 90' lang='lat' dir='ltr'>ornentur,</span> <span class='ocrx_word' id='word_1_229' title='bbox 2382 3418 2635 3504; x_wconf 78' lang='lat' dir='ltr'>pileolo,</span> <span class='ocrx_word' id='word_1_230' title='bbox 2678 3417 2934 3500; x_wconf 88' lang='lat' dir='ltr'>habitu,</span> <span class='ocrx_word' id='word_1_231' title='bbox 2978 3416 3326 3483; x_wconf 89' lang='lat' dir='ltr'>bibliorum</span> <span class='ocrx_word' id='word_1_232' title='bbox 3367 3416 3540 3483; x_wconf 87' lang='lat' dir='ltr'>libro</span> <span class='ocrx_word' id='word_1_233' title='bbox 3585 3427 3646 3481; x_wconf 90' lang='lat' dir='ltr'>et</span> 
     </span>
     <span class='ocr_line' id='line_1_28' title="bbox 803 3513 3649 3606; baseline 0 -27"><span class='ocrx_word' id='word_1_234' title='bbox 803 3513 1040 3580; x_wconf 87' lang='lat' dir='ltr'>osculo.</span> <span class='ocrx_word' id='word_1_235' title='bbox 1123 3514 1267 3596; x_wconf 80' lang='lat' dir='ltr'>Quo</span> <span class='ocrx_word' id='word_1_236' title='bbox 1313 3517 1407 3581; x_wconf 90' lang='lat' dir='ltr'>sic</span> <span class='ocrx_word' id='word_1_237' title='bbox 1461 3526 1724 3602; x_wconf 87' lang='lat' dir='ltr'>peracto</span> <span class='ocrx_word' id='word_1_238' title='bbox 1778 3517 1892 3582; x_wconf 91' lang='lat' dir='ltr'>toti</span> <span class='ocrx_word' id='word_1_239' title='bbox 1937 3518 2300 3599; x_wconf 86' lang='lat' dir='ltr'>consessui,</span> <span class='ocrx_word' id='word_1_240' title='bbox 2357 3517 2900 3606; x_wconf 90' lang='lat' dir='ltr'>quemadmodum</span> <span class='ocrx_word' id='word_1_241' title='bbox 2947 3515 3137 3597; x_wconf 90' lang='lat' dir='ltr'>solet,</span> <span class='ocrx_word' id='word_1_242' title='bbox 3194 3517 3447 3602; x_wconf 88' lang='lat' dir='ltr'>gratias</span> <span class='ocrx_word' id='word_1_243' title='bbox 3499 3529 3649 3602; x_wconf 86' lang='lat' dir='ltr'>agat</span> 
     </span>
     <span class='ocr_line' id='line_1_29' title="bbox 803 3613 3649 3704; baseline 0.001 -27"><span class='ocrx_word' id='word_1_244' title='bbox 803 3613 880 3694; x_wconf 92' lang='lat' dir='ltr'>is,</span> <span class='ocrx_word' id='word_1_245' title='bbox 940 3616 1050 3700; x_wconf 89' lang='lat' dir='ltr'>qui</span> <span class='ocrx_word' id='word_1_246' title='bbox 1091 3638 1174 3679; x_wconf 83' lang='lat' dir='ltr'>ex</span> <span class='ocrx_word' id='word_1_247' title='bbox 1229 3617 1416 3680; x_wconf 85' lang='lat' dir='ltr'>novis</span> <span class='ocrx_word' id='word_1_248' title='bbox 1470 3614 1841 3680; x_wconf 90' lang='lat' dir='ltr'>doctoribus</span> <span class='ocrx_word' id='word_1_249' title='bbox 1895 3626 1995 3680; x_wconf 88' lang='lat' dir='ltr'>est</span> <span class='ocrx_word' id='word_1_250' title='bbox 2054 3616 2195 3682; x_wconf 91' lang='lat' dir='ltr'>loco</span> <span class='ocrx_word' id='word_1_251' title='bbox 2252 3629 2634 3704; x_wconf 91' lang='lat' dir='ltr'>postremus.</span> <span class='ocrx_word' id='word_1_252' title='bbox 2721 3617 2907 3697; x_wconf 83' lang='lat' dir='ltr'>Quae</span> <span class='ocrx_word' id='word_1_253' title='bbox 2950 3638 3093 3681; x_wconf 92' lang='lat' dir='ltr'>cum</span> <span class='ocrx_word' id='word_1_254' title='bbox 3133 3617 3227 3680; x_wconf 85' lang='lat' dir='ltr'>ita</span> <span class='ocrx_word' id='word_1_255' title='bbox 3267 3615 3459 3696; x_wconf 88' lang='lat' dir='ltr'>fiunt,</span> <span class='ocrx_word' id='word_1_256' title='bbox 3515 3627 3649 3681; x_wconf 88' lang='lat' dir='ltr'>tum</span> 
     </span>
    </p>
   </div>
   <div class='ocr_carea' id='block_1_4' title="bbox 723 3713 3648 3899">
    <p class='ocr_par' dir='ltr' id='par_1_4' title="bbox 723 3713 3648 3899">
     <span class='ocr_line' id='line_1_30' title="bbox 804 3713 3648 3804; baseline 0.001 -27"><span class='ocrx_word' id='word_1_257' title='bbox 804 3722 869 3778; x_wconf 86' lang='lat' dir='ltr'>et</span> <span class='ocrx_word' id='word_1_258' title='bbox 921 3713 1323 3780; x_wconf 87' lang='lat' dir='ltr'>auditoribus</span> <span class='ocrx_word' id='word_1_259' title='bbox 1379 3714 1732 3779; x_wconf 87' lang='lat' dir='ltr'>consulitur</span> <span class='ocrx_word' id='word_1_260' title='bbox 1785 3715 2036 3804; x_wconf 86' lang='lat' dir='ltr'>aliquid</span> <span class='ocrx_word' id='word_1_261' title='bbox 2050 3765 2067 3797; x_wconf 90' lang='lat'>‚</span> <span class='ocrx_word' id='word_1_262' title='bbox 2125 3728 2315 3801; x_wconf 89' lang='lat' dir='ltr'>grata</span> <span class='ocrx_word' id='word_1_263' title='bbox 2369 3718 2630 3782; x_wconf 84' lang='lat' dir='ltr'>interim</span> <span class='ocrx_word' id='word_1_264' title='bbox 2688 3739 2835 3781; x_wconf 92' lang='lat' dir='ltr'>cum</span> <span class='ocrx_word' id='word_1_265' title='bbox 2890 3715 3036 3781; x_wconf 89' lang='lat' dir='ltr'>aliis</span> <span class='ocrx_word' id='word_1_266' title='bbox 3094 3714 3514 3781; x_wconf 83' lang='lat' dir='ltr'>facultatibus</span> <span class='ocrx_word' id='word_1_267' title='bbox 3556 3718 3648 3780; x_wconf 91' lang='lat' dir='ltr'>in·</span> 
     </span>
     <span class='ocr_line' id='line_1_31' title="bbox 723 3812 1648 3899; baseline 0 -21"><span class='ocrx_word' id='word_1_268' title='bbox 723 3821 792 3878; x_wconf 83' lang='lat'>30</span> <span class='ocrx_word' id='word_1_269' title='bbox 810 3812 1130 3899; x_wconf 87' lang='lat' dir='ltr'>signiendi</span> <span class='ocrx_word' id='word_1_270' title='bbox 1174 3813 1648 3880; x_wconf 79' lang='lat' dir='ltr'>consuetudine.</span> 
     </span>
    </p>
   </div>
   <div class='ocr_carea' id='block_1_5' title="bbox 2011 3949 2432 4132">
    <p class='ocr_par' dir='ltr' id='par_1_5' title="bbox 2011 3949 2432 4132">
     <span class='ocr_line' id='line_1_32' title="bbox 2011 3949 2432 3998; baseline 0 0"><span class='ocrx_word' id='word_1_271' title='bbox 2011 3949 2432 3998; x_wconf 80' lang='lat' dir='ltr'>IURAMENTA.</span> 
     </span>
     <span class='ocr_line' id='line_1_33' title="bbox 2068 4068 2383 4132; baseline 0.003 -14"><span class='ocrx_word' id='word_1_272' title='bbox 2068 4068 2111 4118; x_wconf 89' lang='lat' dir='ltr'>C</span> <span class='ocrx_word' id='word_1_273' title='bbox 2129 4084 2161 4117; x_wconf 84' lang='lat' dir='ltr'>a</span> <span class='ocrx_word' id='word_1_274' title='bbox 2173 4084 2205 4132; x_wconf 87' lang='lat' dir='ltr'>p</span> <span class='ocrx_word' id='word_1_275' title='bbox 2219 4084 2252 4117; x_wconf 89' lang='lat' dir='ltr'>u</span> <span class='ocrx_word' id='word_1_276' title='bbox 2264 4075 2285 4117; x_wconf 83' lang='lat' dir='ltr'>t</span> <span class='ocrx_word' id='word_1_277' title='bbox 2318 4069 2383 4119; x_wconf 89' lang='lat' dir='ltr'>X.</span> 
     </span>
    </p>
   </div>
   <div class='ocr_carea' id='block_1_6' title="bbox 1945 4198 2516 4265">
    <p class='ocr_par' dir='ltr' id='par_1_6' title="bbox 1945 4198 2516 4265">
     <span class='ocr_line' id='line_1_34' title="bbox 1945 4198 2516 4265; baseline -0.002 -2"><span class='ocrx_word' id='word_1_278' title='bbox 1945 4198 2516 4265; x_wconf 86' lang='lat' dir='ltr'>Baccalaureandi.</span> 
     </span>
    </p>
   </div>
   <div class='ocr_carea' id='block_1_7' title="bbox 727 4344 3647 4737">
    <p class='ocr_par' dir='ltr' id='par_1_7' title="bbox 973 4344 3647 4439">
     <span class='ocr_line' id='line_1_35' title="bbox 973 4344 3647 4439; baseline -0.004 -21"><span class='ocrx_word' id='word_1_279' title='bbox 973 4352 1159 4439; x_wconf 84' lang='lat' dir='ltr'>„Ego</span> <span class='ocrx_word' id='word_1_280' title='bbox 1205 4353 1300 4417; x_wconf 89' lang='lat' dir='ltr'>.N.</span> <span class='ocrx_word' id='word_1_281' title='bbox 1345 4353 1508 4434; x_wconf 88' lang='lat' dir='ltr'>iuro,</span> <span class='ocrx_word' id='word_1_282' title='bbox 1566 4373 1667 4415; x_wconf 90' lang='lat' dir='ltr'>me</span> <span class='ocrx_word' id='word_1_283' title='bbox 1723 4373 1978 4415; x_wconf 87' lang='lat' dir='ltr'>sacram</span> <span class='ocrx_word' id='word_1_284' title='bbox 2021 4349 2205 4415; x_wconf 85' lang='lat' dir='ltr'>verbi</span> <span class='ocrx_word' id='word_1_285' title='bbox 2246 4348 2351 4413; x_wconf 90' lang='lat' dir='ltr'>dei</span> <span class='ocrx_word' id='word_1_286' title='bbox 2394 4348 2755 4413; x_wconf 89' lang='lat' dir='ltr'>doctrinam</span> <span class='ocrx_word' id='word_1_287' title='bbox 2813 4369 2973 4433; x_wconf 90' lang='lat' dir='ltr'>pure</span> <span class='ocrx_word' id='word_1_288' title='bbox 3029 4355 3092 4410; x_wconf 89' lang='lat' dir='ltr'>et</span> <span class='ocrx_word' id='word_1_289' title='bbox 3141 4344 3419 4410; x_wconf 89' lang='lat' dir='ltr'>fideliter</span> <span class='ocrx_word' id='word_1_290' title='bbox 3477 4367 3647 4409; x_wconf 89' lang='lat' dir='ltr'>secu·</span> 
     </span>
    </p>

    <p class='ocr_par' dir='ltr' id='par_1_8' title="bbox 727 4446 3647 4537">
     <span class='ocr_line' id='line_1_36' title="bbox 727 4446 3647 4537; baseline -0.005 -15"><span class='ocrx_word' id='word_1_291' title='bbox 727 4465 793 4522; x_wconf 81' lang='lat'>35</span> <span class='ocrx_word' id='word_1_292' title='bbox 810 4465 1028 4520; x_wconf 91' lang='lat' dir='ltr'>turum</span> <span class='ocrx_word' id='word_1_293' title='bbox 1069 4462 1132 4517; x_wconf 91' lang='lat' dir='ltr'>et</span> <span class='ocrx_word' id='word_1_294' title='bbox 1179 4461 1420 4517; x_wconf 87' lang='lat' dir='ltr'>statuta</span> <span class='ocrx_word' id='word_1_295' title='bbox 1462 4450 1787 4518; x_wconf 86' lang='lat' dir='ltr'>facultatis</span> <span class='ocrx_word' id='word_1_296' title='bbox 1841 4473 1960 4537; x_wconf 90' lang='lat' dir='ltr'>pro</span> <span class='ocrx_word' id='word_1_297' title='bbox 2003 4448 2255 4513; x_wconf 87' lang='lat' dir='ltr'>viribus</span> <span class='ocrx_word' id='word_1_298' title='bbox 2299 4457 2721 4530; x_wconf 84' lang='lat' dir='ltr'>servaturum,</span> <span class='ocrx_word' id='word_1_299' title='bbox 2779 4446 3218 4533; x_wconf 90' lang='lat' dir='ltr'>decanumque</span> <span class='ocrx_word' id='word_1_300' title='bbox 3270 4455 3335 4510; x_wconf 92' lang='lat' dir='ltr'>et</span> <span class='ocrx_word' id='word_1_301' title='bbox 3374 4446 3647 4509; x_wconf 83' lang='lat' dir='ltr'>maiores</span> 
     </span>
    </p>

    <p class='ocr_par' dir='ltr' id='par_1_9' title="bbox 809 4537 3646 4737">
     <span class='ocr_line' id='line_1_37' title="bbox 809 4537 3646 4637; baseline -0.005 -17"><span class='ocrx_word' id='word_1_302' title='bbox 809 4576 987 4620; x_wconf 90' lang='lat' dir='ltr'>meos</span> <span class='ocrx_word' id='word_1_303' title='bbox 1028 4550 1249 4617; x_wconf 88' lang='lat' dir='ltr'>debita</span> <span class='ocrx_word' id='word_1_304' title='bbox 1281 4552 1647 4616; x_wconf 85' lang='lat' dir='ltr'>reverentia</span> <span class='ocrx_word' id='word_1_305' title='bbox 1687 4537 2179 4637; x_wconf 67' lang='lat' dir='ltr'>prosecuturum</span> <span class='ocrx_word' id='word_1_306' title='bbox 2223 4571 2385 4614; x_wconf 90' lang='lat' dir='ltr'>esse.</span> <span class='ocrx_word' id='word_1_307' title='bbox 2470 4546 2580 4613; x_wconf 88' lang='lat' dir='ltr'>Sic</span> <span class='ocrx_word' id='word_1_308' title='bbox 2621 4569 2724 4611; x_wconf 90' lang='lat' dir='ltr'>me</span> <span class='ocrx_word' id='word_1_309' title='bbox 2769 4545 2927 4612; x_wconf 90' lang='lat' dir='ltr'>deus</span> <span class='ocrx_word' id='word_1_310' title='bbox 2972 4545 3238 4611; x_wconf 85' lang='lat' dir='ltr'>adiuvet</span> <span class='ocrx_word' id='word_1_311' title='bbox 3277 4566 3393 4631; x_wconf 89' lang='lat' dir='ltr'>per</span> <span class='ocrx_word' id='word_1_312' title='bbox 3438 4565 3646 4609; x_wconf 87' lang='lat' dir='ltr'>sacro-</span> 
     </span>
     <span class='ocr_line' id='line_1_38' title="bbox 811 4648 1838 4737; baseline -0.004 -18"><span class='ocrx_word' id='word_1_313' title='bbox 811 4662 1104 4719; x_wconf 88' lang='lat' dir='ltr'>sanctum</span> <span class='ocrx_word' id='word_1_314' title='bbox 1146 4649 1551 4737; x_wconf 84' lang='lat' dir='ltr'>evangelium</span> <span class='ocrx_word' id='word_1_315' title='bbox 1592 4648 1838 4715; x_wconf 87' lang='lat' dir='ltr'>suum.“</span> 
     </span>
    </p>
   </div>
   <div class='ocr_carea' id='block_1_8' title="bbox 814 4759 3647 4951">
    <p class='ocr_par' dir='ltr' id='par_1_10' title="bbox 814 4759 3647 4951">
     <span class='ocr_line' id='line_1_39' title="bbox 977 4759 3647 4854; baseline -0.003 -21"><span class='ocrx_word' id='word_1_316' title='bbox 977 4769 1334 4852; x_wconf 90' lang='lat' dir='ltr'>„Promitto</span> <span class='ocrx_word' id='word_1_317' title='bbox 1391 4768 1658 4854; x_wconf 90' lang='lat' dir='ltr'>insuper</span> <span class='ocrx_word' id='word_1_318' title='bbox 1700 4787 1921 4831; x_wconf 87' lang='lat' dir='ltr'>coram</span> <span class='ocrx_word' id='word_1_319' title='bbox 1972 4764 2097 4829; x_wconf 91' lang='lat' dir='ltr'>hac</span> <span class='ocrx_word' id='word_1_320' title='bbox 2143 4763 2366 4830; x_wconf 88' lang='lat' dir='ltr'>schola</span> <span class='ocrx_word' id='word_1_321' title='bbox 2420 4774 2645 4829; x_wconf 86' lang='lat' dir='ltr'>sancta</span> <span class='ocrx_word' id='word_1_322' title='bbox 2693 4762 2842 4845; x_wconf 86' lang='lat' dir='ltr'>fide,</span> <span class='ocrx_word' id='word_1_323' title='bbox 2895 4785 2999 4827; x_wconf 90' lang='lat' dir='ltr'>me</span> <span class='ocrx_word' id='word_1_324' title='bbox 3055 4760 3332 4848; x_wconf 89' lang='lat' dir='ltr'>gradum</span> <span class='ocrx_word' id='word_1_325' title='bbox 3375 4759 3546 4826; x_wconf 89' lang='lat' dir='ltr'>hunc</span> <span class='ocrx_word' id='word_1_326' title='bbox 3584 4761 3647 4824; x_wconf 91' lang='lat' dir='ltr'>in</span> 
     </span>
     <span class='ocr_line' id='line_1_40' title="bbox 814 4864 2242 4951; baseline -0.006 -15"><span class='ocrx_word' id='word_1_327' title='bbox 814 4869 945 4936; x_wconf 88' lang='lat' dir='ltr'>alia</span> <span class='ocrx_word' id='word_1_328' title='bbox 982 4867 1160 4935; x_wconf 84' lang='lat' dir='ltr'>nulla</span> <span class='ocrx_word' id='word_1_329' title='bbox 1202 4864 1537 4932; x_wconf 88' lang='lat' dir='ltr'>academia</span> <span class='ocrx_word' id='word_1_330' title='bbox 1577 4887 1719 4931; x_wconf 90' lang='lat' dir='ltr'>esse</span> <span class='ocrx_word' id='word_1_331' title='bbox 1757 4865 2242 4951; x_wconf 86' lang='lat' dir='ltr'>repetiturum.“</span> 
     </span>
    </p>
   </div>
   <div class='ocr_carea' id='block_1_9' title="bbox 734 5028 2433 5102">
    <p class='ocr_par' dir='ltr' id='par_1_11' title="bbox 734 5028 2433 5102">
     <span class='ocr_line' id='line_1_41' title="bbox 734 5028 2433 5102; baseline -0.005 0"><span class='ocrx_word' id='word_1_332' title='bbox 734 5046 799 5102; x_wconf 77' lang='grc'>40</span> <span class='ocrx_word' id='word_1_333' title='bbox 2009 5028 2433 5095; x_wconf 87' lang='lat' dir='ltr'>Licentiandi.</span> 
     </span>
    </p>
   </div>
   <div class='ocr_carea' id='block_1_10' title="bbox 819 5158 3647 5350">
    <p class='ocr_par' dir='ltr' id='par_1_12' title="bbox 819 5158 3647 5350">
     <span class='ocr_line' id='line_1_42' title="bbox 956 5158 3646 5254; baseline -0.003 -22"><span class='ocrx_word' id='word_1_334' title='bbox 956 5167 1168 5254; x_wconf 76' lang='lat' dir='ltr'>„Ego</span> <span class='ocrx_word' id='word_1_335' title='bbox 1199 5167 1296 5231; x_wconf 83' lang='lat' dir='ltr'>.N.</span> <span class='ocrx_word' id='word_1_336' title='bbox 1324 5167 1466 5231; x_wconf 90' lang='lat' dir='ltr'>iuro</span> <span class='ocrx_word' id='word_1_337' title='bbox 1501 5164 1690 5230; x_wconf 85' lang='lat' dir='ltr'>vobis</span> <span class='ocrx_word' id='word_1_338' title='bbox 1735 5163 1979 5228; x_wconf 89' lang='lat' dir='ltr'>decano</span> <span class='ocrx_word' id='word_1_339' title='bbox 2025 5174 2089 5227; x_wconf 92' lang='lat' dir='ltr'>et</span> <span class='ocrx_word' id='word_1_340' title='bbox 2129 5161 2420 5227; x_wconf 85' lang='lat' dir='ltr'>facultati</span> <span class='ocrx_word' id='word_1_341' title='bbox 2462 5160 2884 5245; x_wconf 87' lang='lat' dir='ltr'>theologicae,</span> <span class='ocrx_word' id='word_1_342' title='bbox 2927 5182 3030 5225; x_wconf 90' lang='lat' dir='ltr'>me</span> <span class='ocrx_word' id='word_1_343' title='bbox 3073 5170 3362 5226; x_wconf 87' lang='lat' dir='ltr'>sanctam</span> <span class='ocrx_word' id='word_1_344' title='bbox 3406 5158 3646 5226; x_wconf 83' lang='lat' dir='ltr'>Christi</span> 
     </span>
     <span class='ocr_line' id='line_1_43' title="bbox 819 5257 3647 5350; baseline -0.004 -17"><span class='ocrx_word' id='word_1_345' title='bbox 819 5266 1178 5333; x_wconf 86' lang='lat' dir='ltr'>doctrinam</span> <span class='ocrx_word' id='word_1_346' title='bbox 1220 5266 1472 5350; x_wconf 87' lang='lat' dir='ltr'>integre</span> <span class='ocrx_word' id='word_1_347' title='bbox 1513 5271 1897 5345; x_wconf 86' lang='lat' dir='ltr'>secuturum,</span> <span class='ocrx_word' id='word_1_348' title='bbox 1940 5272 2004 5328; x_wconf 92' lang='lat' dir='ltr'>et</span> <span class='ocrx_word' id='word_1_349' title='bbox 2041 5262 2256 5328; x_wconf 87' lang='lat' dir='ltr'>omnia</span> <span class='ocrx_word' id='word_1_350' title='bbox 2296 5282 2526 5349; x_wconf 84' lang='lat' dir='ltr'>prava,</span> <span class='ocrx_word' id='word_1_351' title='bbox 2568 5257 2848 5325; x_wconf 90' lang='lat' dir='ltr'>obscura</span> <span class='ocrx_word' id='word_1_352' title='bbox 2887 5269 2952 5326; x_wconf 89' lang='lat' dir='ltr'>et</span> <span class='ocrx_word' id='word_1_353' title='bbox 2990 5259 3317 5325; x_wconf 86' lang='lat' dir='ltr'>haeretica</span> <span class='ocrx_word' id='word_1_354' title='bbox 3345 5258 3647 5344; x_wconf 86' lang='lat' dir='ltr'>dogmata</span> 
     </span>
    </p>
   </div>
   <div class='ocr_carea' id='block_1_11' title="bbox 3957 0 3972 1659">
    <p class='ocr_par' dir='ltr' id='par_1_13' title="bbox 3957 0 3972 1659">
     <span class='ocr_line' id='line_1_44' title="bbox 3957 0 3972 1659; baseline 0 0"><span class='ocrx_word' id='word_1_355' title='bbox 3957 0 3972 1659; x_wconf 95' lang='lat' dir='ltr'> </span> 
     </span>
    </p>
   </div>
   <div class='ocr_carea' id='block_1_12' title="bbox 3957 0 3973 1917">
    <p class='ocr_par' dir='ltr' id='par_1_14' title="bbox 3957 0 3973 1917">
     <span class='ocr_line' id='line_1_45' title="bbox 3957 0 3973 1917; baseline 0 0"><span class='ocrx_word' id='word_1_356' title='bbox 3957 0 3973 1917; x_wconf 95' lang='lat' dir='ltr'> </span> 
     </span>
    </p>
   </div>
   <div class='ocr_carea' id='block_1_13' title="bbox 3957 2490 3972 4460">
    <p class='ocr_par' dir='ltr' id='par_1_15' title="bbox 3957 2490 3972 4460">
     <span class='ocr_line' id='line_1_46' title="bbox 3957 2490 3972 4460; baseline 0 0"><span class='ocrx_word' id='word_1_357' title='bbox 3957 2490 3972 4460; x_wconf 95' lang='lat' dir='ltr'> </span> 
     </span>
    </p>
   </div>
  </div>
 </body>
</html>
