4038 6358
868 633 990 696 274
2009 634 2122 684 Das
2155 633 2563 698 Frauencollcg.

868 810 1241 875 baculariis.
1327 810 1615 876 Tenetur
1666 823 1887 878 tamen
1940 813 2215 901 quilibet
2265 816 2362 879 sic
2405 814 2702 890 refectus,
2757 813 2811 877 si
2856 812 3203 900 presbyter
3243 813 3476 895 fuerit,
3543 807 3768 895 legere

866 931 1062 975 unam
1102 910 1373 982 missam
1414 931 1534 998 pro
1578 911 1916 995 defunctis,
1960 934 2094 979 non
2135 913 2483 1000 presbyter
2521 933 2679 978 vero
2723 910 2987 997 vigilias
3029 911 3111 977 de
3152 919 3192 979 9
3231 909 3672 977 lectionibus.

1038 1015 1133 1075 16.
1195 1009 1362 1074 Item
1418 1013 1830 1097 praepositus
1890 1035 2034 1080 cum
2090 1006 2412 1078 consensu
2465 1011 2747 1077 omnium
2792 1012 3255 1096 magistrorum
3301 1007 3609 1097 singulis
3655 1027 3764 1072 an-

865 1107 969 1171 nis
1024 1108 1094 1172 in
1148 1111 1474 1174 communi
1533 1108 1945 1175 hebdomada
2000 1121 2151 1197 post
2201 1109 2545 1178 Michaelis
2610 1110 2716 1175 (116
2782 1112 3174 1196 competenti
3236 1108 3614 1197 provideat
3685 1104 3765 1169 de

781 1215 815 1270 5
868 1205 1115 1292 vigiliis
1157 1213 1199 1274 9
1239 1206 1587 1273 lectionum
1644 1219 1708 1273 et
1758 1212 1961 1275 missa
2021 1209 2471 1276 defunctorum
2529 1208 2940 1275 decantanda
2989 1229 3120 1294 pro
3161 1208 3474 1274 omnibus
3527 1204 3764 1270 defun·

868 1306 990 1370 ctis
1018 1305 1545 1374 benefactoribus
1575 1306 1851 1394 collegii,
1894 1308 2008 1374 ubi
2051 1320 2332 1395 ponatur
2369 1308 2647 1397 spolium
2676 1308 2989 1391 nationis3
3034 1318 3100 1373 et
3138 1315 3580 1374 reserventur
3609 1326 3761 1369 can·

867 1402 1053 1469 delae
1117 1404 1200 1470 de
1265 1406 1712 1471 anniversario
1772 1406 1862 1471 Μ.
1917 1407 2230 1473 Iohannis
2280 1406 2737 1493 Monsterberg
2795 1427 2914 1492 pro
2977 1407 3240 1489 eisdem,
3302 1420 3370 1471 et
3419 1413 3761 1493 petantur

865 1503 1185 1589 magistri,
1245 1503 1566 1569 bacularii
1623 1527 1704 1570 ac
1755 1504 1869 1570 alii
1925 1508 2087 1572 socii
2141 1506 2224 1571 de
2266 1509 2545 1589 natione,
2601 1504 2776 1593 quod
2829 1504 3128 1572 similiter
3166 1505 3481 1570 intersint
3521 1503 3757 1568 huius-

867 1601 1047 1666 modi
1087 1602 1333 1689 vigiliis
1388 1613 1454 1669 et
1482 1604 1766 1692 41nissae;
1824 1615 1889 1670 et
1944 1604 2060 1670 fiet
2110 1606 2180 1670 in
2222 1604 2533 1688 ecclesiis,
2592 1603 2703 1670 ubi
2757 1626 2867 1670 ma
2880 1601 2986 1691 [26
2999 1601 3053 1691 Ρ]
3069 1604 3295 1689 gistris
3336 1603 3441 1669 vel
3509 1603 3758 1668 maiori

785 1708 852 1765 10
868 1701 1043 1787 parti
1085 1700 1414 1768 videbitur
1455 1701 1788 1790 expedire,
1833 1726 1954 1789 pro
1998 1703 2233 1790 quibus
2273 1713 2568 1790 exponat
2606 1713 2859 1769 tantum
2905 1709 2943 1771 6
2988 1720 3069 1787 γε.

1039 1807 1131 1868 17.
1177 1800 1344 1866 Item
1391 1802 1568 1867 circa
1606 1801 1843 1866 festum
1888 1813 2154 1868 sanctae
2189 1802 2586 1870 Catharinae
2627 1813 2880 1870 tenetur
2923 1802 3340 1888 praepositus
3379 1800 3750 1889 providere

866 1899 950 1964 de
991 1900 1439 1968 anniversario
1481 1899 1725 1965 domini
1751 1901 2005 1968 Nicolai
2031 1900 2297 1983 Glewiz,
2344 1902 2641 1968 canonici
2663 1900 3219 1984 Vratislaviensis,
3259 1901 3454 1967 modo
3499 1921 3746 1987 supra·

867 1996 1063 2082 dicto,
1101 1997 1350 2086 absque
1386 2009 1607 2065 tamen
1646 2001 1931 2066 nationis
1977 2000 2207 2089 spolio.

1041 2102 1134 2166 18.
1174 2098 1340 2164 Item
1371 2100 1784 2185 praepositus
1812 2121 1958 2166 cum
1979 2100 2108 2167 alio
2135 2097 2279 2187 [pro
2293 2097 2356 2188 2]
2381 2098 2759 2166 collectione
2777 2099 3088 2185 deputato
3109 2049 3480 2164 custodiant
3507 2098 3748 2162 fiscum

784 2206 848 2263 15
868 2194 1143 2310 collegii,
1199 2218 1471 2284 quorum
1523 2195 1796 2285 quilibet
1845 2197 2087 2265 habeat
2143 2221 2340 2265 unam
2395 2199 2646 2266 clavem
2704 2221 2825 2286 pro
2868 2198 3029 2264 fisco
3072 2196 3208 2280 tali,
3260 2198 3332 2262 in
3383 2220 3586 2286 quem
3635 2196 3742 2261 de-

863 2295 1020 2361 bent
1060 2295 1313 2383 imponi
1355 2299 1687 2383 pecuniae,
1746 2296 1828 2362 de
1873 2298 2111 2386 quibus
2164 2297 2535 2385 specialiter
2573 2299 2746 2363 infra
2787 2297 2862 2362 fit
2902 2297 3163 2362 mentio.
3248 2296 3473 2364 Primo
3515 2297 3743 2411 portio

864 2394 1057 2461 unius
1116 2393 1443 2480 collegiati
1497 2397 1890 2483 proveniens
1946 2396 2030 2462 de
2082 2396 2263 2462 lucro
2319 2398 2703 2481 cerevisiae3
2766 2396 2849 2462 de
2910 2394 3091 2461 lucro
3144 2397 3319 2460 enim
3372 2397 3740 2461 cerevisiae

866 2494 1035 2559 sumi
1075 2491 1270 2560 debet
1310 2503 1579 2578 tantum,
1621 2504 1934 2582 quantum
1962 2495 2195 2561 cedere
2238 2505 2454 2584 potest
2490 2496 2601 2561 uni
2646 2494 2987 2580 collegiato
3031 2495 3379 2581 praesenti,
3421 2495 3518 2559 ita
3557 2492 3738 2579 quod

864 2592 1060 2659 fiscus
1102 2594 1171 2660 in
1214 2593 1535 2660 divisione
1599 2596 2048 2681 pecuniarum,
2096 2594 2178 2660 de
2233 2595 2473 2660 celario
2529 2594 3067 2681 provenientium,
3122 2592 3365 2659 habeat
3416 2592 3736 2680 quodam·

780 2699 851 2758 20
870 2693 1061 2760 modo
1105 2693 1322 2759 locum
1363 2696 1556 2758 unius
1614 2692 1957 2779 collegiati.
2042 2693 2209 2759 Item
2258 2716 2489 2759 census
2540 2701 2990 2758 excrescentes
3033 2691 3206 2757 ultra
3257 2691 3576 2758 salarium
3622 2713 3733 2756 seu

866 2794 1196 2879 portiones
1252 2813 1374 2882 pro
1417 2791 1779 2878 collegiatis
1831 2791 2206 2879 deputatas3
2263 2814 2386 2858 nec
2436 2801 2656 2857 tamen
2712 2790 2838 2856 hoc
2891 2791 2976 2857 de
3030 2790 3332 2857 censibus
3392 2790 3732 2857 domorum

866 2890 1122 2977 collegii
1159 2889 1266 2956 vel
1307 2889 1546 2956 bursae
1588 2887 1866 2976 intelligi
1908 2889 2123 2957 debet.
2202 2892 2366 2958 Item
2407 2913 2527 2978 pro
2571 2890 2799 2956 eodem
2837 2889 2995 2956 fisco
3039 2887 3309 2978 quim-27
3323 2887 3489 2976 ⁸]bet
3532 2890 3728 2956 colle·

866 2991 1083 3077 giatus
1130 2989 1214 3054 de
1252 3011 1424 3056 novo
1466 2989 1709 3056 electus
1757 2992 1944 3056 iuxta
1984 3000 2218 3074 ratam,
2259 2988 2528 3056 cuilibet
2570 2988 2918 3076 collegiato
2966 2999 3101 3054 tam
3158 2991 3487 3077 praesenti
3529 3012 3726 3078 quam

864 3089 1122 3155 absenti
1183 3087 1490 3183 debitam,
1553 3088 1766 3154 solvat
1821 3090 1994 3154 infr-a
2057 3111 2256 3155 unam
2306 3088 2783 3156 hebdomadam
2843 3086 3143 3170 indilate3
3207 3086 3330 3154 hoc
3383 3112 3612 3155 verum
3671 3089 3725 3153 si

781 3196 849 3255 25
867 3188 1240 3255 huiusmodi
1293 3196 1441 3254 rata
1487 3195 1509 3255 1
1562 3189 1628 3253 fl.
1684 3188 1984 3255 rhenens.
2045 3212 2116 3254 se
2167 3211 2297 3254 non
2351 3187 2680 3255 extendat.
2767 3186 2839 3252 Si
2895 3196 3113 3255 autem
3164 3209 3362 3254 unum
3411 3190 3723 3256 florenum

865 3286 1231 3371 excederet,
1270 3298 1446 3369 tunc,
1488 3288 1695 3353 soluto
1718 3287 2042 3355 duntaxat
2085 3310 2213 3354 uno
2252 3289 2499 3354 floreno
2539 3286 2874 3369 rhenense,
2917 3287 3250 3373 particeps
3293 3288 3488 3354 totius
3529 3310 3722 3376 pecu·

863 3388 1013 3453 niae
1066 3385 1405 3452 efficiatur.
1488 3387 1579 3452 Et
1632 3388 1692 3452 si
1746 3408 1902 3453 casu
1954 3397 2254 3453 currente
2304 3385 2673 3453 huiusmodi
2726 3385 3002 3450 electum
3057 3387 3404 3472 contigerit
3448 3399 3714 3476 propter

864 3488 965 3553 sui
1006 3485 1347 3553 utilitatem
1388 3494 1451 3551 et
1490 3507 1576 3550 ex
1618 3484 1749 3550 alia
1791 3508 1990 3553 causa
2032 3497 2371 3574 acceptam
2410 3485 2897 3572 collegiaturam
2947 3485 3283 3570 resignare
3322 3487 3496 3552 insra
3532 3509 3717 3575 quar·

861 3585 995 3654 tale
1046 3587 1239 3653 unius
1293 3585 1467 3667 anni,
1522 3583 1791 3650 habebit
1845 3578 2257 3651 medietatem
2315 3606 2472 3651 suae
2526 3585 2839 3671 pectmiae
2881 3585 2977 3647 sic
3029 3585 3371 3670 repositae.
3454 3584 3524 3653 Si
3564 3607 3715 3651 vero

778 3695 850 3753 ³0
868 3696 1106 3772 expost
1149 3684 1602 3770 resignaverit,
1649 3684 1827 3771 apud
1868 3684 2098 3750 fiscum
2139 3682 2545 3772 praedictum
2588 3692 2724 3748 tota
2760 3681 3138 3748 remanebit.

1036 3789 1128 3851 19.
1183 3782 1354 3848 Item
1407 3783 1818 3868 praepositus
1869 3793 2125 3848 tenetur
2175 3784 2258 3848 de
2305 3781 2463 3849 fisco
2504 3780 2846 3869 praedicto
2886 3781 3104 3846 facere
3144 3783 3550 3868 provisiones
3593 3784 3711 3848 sin-

864 3881 1053 3970 gulas
1096 3891 1439 3947 consuetas
1480 3881 1668 3947 iuxta
1705 3883 2166 3969 magistrorum
2208 3881 2548 3947 arbitrium
2590 3891 2654 3946 et
2693 3879 3239 3946 consuetudinem.

1035 3987 1136 4049 20.
1195 3980 1360 4046 Item
1417 3981 1830 4068 praepositus
1889 3980 2084 4046 debet
2142 4004 2311 4048 novo
2367 3981 2740 4068 praeposito
2793 4001 2981 4045 suum
3034 3981 3411 4065 registrum,
3470 3982 3539 4045 in
3592 4001 3709 4068 quo

867 4089 1179 4169 percepta
1220 4089 1285 4145 et
1323 4082 1624 4167 exposita
1674 4075 1776 4167 [27
1790 4076 1842 4167 b]
1897 4081 2182 4167 scripsit,
2236 4090 2678 4167 praesentare,
2738 4088 2803 4142 et
2855 4100 3129 4166 sequens
3172 4080 3367 4144 faciet
3410 4078 3707 4162 similiter,

780 4189 848 4247 35
868 4189 934 4245 et
972 4201 1142 4245 anno
1186 4179 1504 4266 completo
1547 4201 1717 4264 quae
1758 4201 1890 4257 non
1929 4179 2193 4245 fuerunt
2229 4178 2599 4245 necessaria
2642 4188 3062 4265 reponantur-3
3108 4189 3171 4243 et
3210 4178 3385 4244 idem
3425 4178 3510 4244 de
3548 4200 3707 4244 cere-

864 4279 1155 4345 visiariis
1198 4277 1614 4364 intelligatur.

1032 4382 1132 4444 21.
1190 4377 1353 4443 Item
1398 4379 1816 4464 praepositus
1858 4378 2133 4465 propria
2175 4376 2524 4443 autoritate
2551 4378 2692 4445 sine
2721 4398 3040 4445 consensu
3068 4375 3326 4463 collegii
3366 4398 3497 4443 non
3523 4360 3708 4443 habet

864 4477 1158 4566 precium
1200 4475 1476 4542 alicuius
1519 4476 1601 4542 de
1640 4476 1895 4542 familia
1937 4485 2361 4562 augmentare
2403 4498 2525 4542 nec
2568 4476 2945 4541 diminuere.

1027 4580 1128 4641 22.
1188 4576 1370 4660 Item,
1415 4576 1473 4641 si
1518 4577 1819 4663 magistri
1858 4576 1928 4640 in
1970 4577 2436 4642 convocatione
2475 4575 2546 4640 in
2586 4573 2858 4641 vocibus
2899 4597 3029 4640 non
3068 4573 3621 4659 concordaverint,
3657 4575 3709 4639 si

776 4685 969 4743 40res
1005 4674 1213 4741 ardua
1252 4676 1450 4741 fuerit
1487 4684 1551 4741 et
1594 4675 1891 4762 protrahi
1935 4674 2023 4740 ad
2064 4673 2311 4762 aliquot
2353 4675 2493 4740 dies
2537 4675 2675 4739 sine
2713 4682 3099 4740 nocumento
3139 4697 3272 4740 non
3312 4676 3572 4763 poterit,
3610 4672 3705 4739 vel

860 4775 1025 4849 alias
1065 4774 1308 4841 malum
1348 4774 1500 4841 inde
1545 4776 1703 4841 oriri
1746 4795 1958 4863 posse,
2012 4794 2143 4840 non
2194 4773 2388 4840 debet
2437 4776 2656 4840 statim
2698 4777 3111 4862 praepositus
3162 4773 3547 4841 con‘cludere
3595 4771 3701 4839 sed

858 4875 1208 4961 magistros
1250 4873 1515 4958 hortari,
1568 4885 1643 4941 ut
1685 4873 2046 4941 deliberent
2097 4883 2179 4957 et,
2221 4883 2531 4961 quantum
2571 4876 2875 4961 poterint,
2920 4873 3312 4940 concordent
3365 4884 3434 4940 et
3470 4871 3704 4940 saniori

861 4975 1038 5061 parti
1082 4995 1152 5038 se
1195 4974 1615 5058 conforment,
1673 4985 1737 5041 et
1780 4976 1904 5041 hoc
1948 4973 2036 5039 ad
2085 4996 2284 5038 unum
2327 4973 2498 5039 diem
2542 4973 2629 5038 ad
2683 4975 3039 5039 maximum
3080 4983 3145 5039 et
3185 4995 3315 5039 non
3357 4972 3550 5039 ultra.
3629 4972 3710 5037 Et

858 5073 1037 5137 facta
1090 5072 1375 5139 secunda
1418 5075 1903 5157 convocatione,
1947 5073 2005 5138 si
2061 5073 2362 5159 magistri
2401 5070 2825 5157 concordent,
2879 5071 3240 5139 concludat.
3320 5072 3442 5139 Sin
3485 5082 3709 5155 autem,

775 5179 844 5237 45
861 5171 1063 5237 faciat
1103 5193 1213 5238 eos
1254 5173 1487 5238 iterum
1529 5172 1893 5240 deliberare
1936 5170 2023 5237 ad
2065 5192 2263 5237 unum
2308 5171 2509 5259 diem,
2557 5181 2624 5237 et
2668 5171 2840 5239 ultra
2890 5194 3040 5256 non,
3096 5171 3291 5238 modo
3334 5174 3709 5260 praemisso,

859 5279 925 5337 et
962 5271 1137 5336 facta
1176 5274 1371 5336 tertia
1411 5275 1894 5357 convocatione,
1951 5275 2007 5337 si
2052 5271 2450 5338 concordare
2503 5292 2630 5339 non
2674 5274 2960 5361 poterint
3001 5282 3067 5339 et
3105 5294 3238 5339 non
3277 5271 3502 5356 velint,
3547 5267 3647 5362 [28
3660 5267 3708 5359 ⁸]
