4038 6358
805 615 925 681 498
1792 615 1894 666 Die
1927 615 2365 681 philosophische
2400 615 2653 668 Facnlffit.

803 795 1201 882 magistrali3
1242 805 1307 862 et
1345 795 1586 863 habeat
1629 798 1794 864 duas
1836 800 2244 887 quaestiones
2285 806 2350 864 et
2392 797 2518 862 duo
2562 798 2971 886 zophismata
3014 796 3082 861 in
3120 797 3399 864 materia
3438 819 3662 884 supra·

803 897 1152 979 nominata,
1210 895 1603 983 disputando
1658 897 1746 963 ad
1804 899 2053 981 horam,
2113 898 2231 966 sub
2290 919 2500 983 poena
2555 921 2685 963 non
2742 896 3241 982 computationis
3299 895 3661 962 huiusmodi

807 993 1260 1082 disputationis
1299 996 1608 1082 utrisque,
1655 1008 1787 1062 tam
1830 997 2377 1085 respondentibus
2423 1019 2616 1084 quam
2660 995 3042 1083 disputanti.

884 1217 979 1278 25.
1027 1209 1145 1298 [Bl.
1191 1209 1335 1299 371‘]
1383 1230 1477 1278 nn
1519 1229 1984 1280 LEc'rloman
2028 1229 2375 1279 Lnennms
2413 1231 2550 1278 PER
2588 1229 3061 1278 BACCALAmos
3101 1228 3355 1277 munus
3399 1227 3576 1276 cm·

719 1322 752 1376 5
1631 1329 1984 1378 cumarum
2025 1331 2118 1378 An
2158 1330 2332 1377 'rm-:s
2378 1329 2821 1377 sumimus.

980 1442 1405 1510 Baccalaurei
1469 1455 1761 1531 tempore
1835 1446 2277 1532 suspensionis
2351 1446 2698 1510 lectionum
2764 1446 2830 1509 in
2896 1443 3124 1512 diebus
3190 1440 3666 1508 canicularibus

812 1542 1086 1630 legendo
1116 1543 1364 1629 aliquid
1403 1545 1471 1608 in
1512 1545 1962 1630 grammatica,
2006 1544 2331 1610 rethorica
2358 1555 2469 1609 aut
2510 1546 2579 1608 in
2610 1543 3128 1630 computualibus
3172 1553 3236 1608 et
3279 1540 3663 1629 algorithmo

813 1642 1051 1707 debent
1092 1665 1162 1707 se
1206 1642 1548 1729 diligenter
1596 1643 1977 1710 exercitare.
2035 1645 2125 1709 Et
2167 1654 2511 1731 antequam
2555 1643 2679 1709 hoc
2718 1645 3009 1725 fecerint,
3050 1666 3171 1729 pro
3213 1635 3429 1729 gradu
3470 1643 3664 1727 magi-

806 1743 986 1807 sterii
1027 1765 1436 1830 nequaquam
1481 1741 1927 1811 admittantur.

728 1967 792 2022 10
903 1964 1005 2024 26·
1050 1976 1146 2022 DE
1189 1973 1478 2024 NUMERO
1523 1975 2177 2025 BACCALAUREORUM
2218 1975 2741 2024 DISPUTANTIUM
2782 1974 3142 2026 Dommcls
3183 1974 3442 2024 DIEBUS
3483 1974 3573 2021 m·

1631 2075 2043 2125 HABENTIUM
2085 2077 2251 2123 INDE
2294 2074 2828 2123 EMOLMENTUM.

976 2189 1220 2272 Placet,
1275 2200 1343 2254 ut
1392 2190 1761 2277 quindecim
1800 2190 2212 2257 baccalaurei
2255 2192 2562 2273 senioreS,
2607 2190 2836 2255 diebus
2881 2190 3221 2255 dominicis
3266 2191 3335 2253 in
3376 2188 3658 2275 disputa-

803 2291 975 2358 tione
1014 2289 1588 2356 baccalaureorum
1631 2301 2029 2377 praesentes,
2074 2290 2363 2355 habeant
2403 2289 2676 2375 quilibet
2725 2288 3008 2354 medium
3062 2312 3362 2373 grossum
3407 2309 3657 2369 novum,

806 2411 969 2476 quos
1026 2388 1490 2455 baccalaureus
1548 2389 1892 2477 disputans
1945 2388 2394 2476 praesentabit
2448 2388 2691 2453 eisdem
2745 2411 2899 2454 mox
2960 2391 3030 2454 in
3084 2389 3313 2454 eadem
3371 2387 3657 2475 disputa-

725 2499 786 2553 15
805 2490 998 2571 tione,
1053 2487 1173 2553 sub
1216 2510 1426 2576 poena
1468 2498 1612 2554 octo
1653 2512 2052 2575 grossorum,
2111 2512 2272 2578 quos
2317 2488 2603 2553 decanus
2646 2499 3035 2576 extorquere
3077 2513 3118 2555 a
3161 2489 3659 2558 contrafaciente

804 2588 997 2653 debet
1036 2597 1103 2653 et
1139 2597 1409 2654 tenetur.

1256 2794 1356 2855 27.
1399 2806 1493 2854 DE
1531 2805 1762 2854 col-:NA
1800 2804 2259 2853 OBSERVANDA
2305 2806 2374 2851 m
2419 2803 2786 2853 COLLEGIIS
2825 2806 2915 2852 ΕΤ
2964 2804 3220 2853 BURSIS.

971 2919 1224 3003 Placet,
1284 2921 1455 3008 quod
1508 2922 1576 2986 in
1619 2921 1793 2987 nullo
1845 2921 2259 3006 collegiorum
2308 2920 2410 2985 vel
2466 2920 2811 2985 bursarum
2873 2920 3212 3007 supposita
3254 2918 3341 2983 ad
3398 2941 3654 2984 coenam

805 3019 1053 3107 pulsari
1104 3021 1358 3084 'faciant
1419 3030 1530 3085 aut
1593 3022 1862 3086 eandem
1928 3030 2192 3086 teneant
2252 3031 2400 3084 ante
2464 3020 2692 3085 horam
2763 3021 3073 3108 quintam,
3137 3029 3270 3083 tam
3323 3020 3390 3082 in
3458 3019 3659 3083 hieme

719 3128 998 3209 mquam
1045 3128 1308 3203 aestate,
1370 3120 1488 3186 sub
1533 3143 1743 3209 poena
1786 3132 2090 3210 quattuor
2134 3143 2532 3209 grossorum,
2587 3142 2706 3207 per
2749 3119 3062 3185 decanum
3110 3141 3150 3183 a
3190 3117 3657 3184 contrafacien—

804 3221 974 3284 tibus
1020 3218 1666 3307 extorquendorum„¹
2684 3232 2687 3239 “

2190 3508 2279 3574 IL

896 3700 948 3757 1.
1010 3686 1304 3777 [131380]
1351 3706 1628 3756 CONTRA
1675 3708 2182 3757 Dnrmcroans
2234 3706 2667 3757 mcun‘rxrls
2710 3707 3006 3772 Aurum,
3045 3704 3416 3754 mamus
3453 3705 3581 3754 sua

1104 3807 1423 3854 surum
1466 3809 1558 3855 ΕΤ
1603 3808 1997 3857 connexus
2039 3809 2258 3875 ΝονΛς
2302 3807 2663 3856 Anucrrun
2702 3806 3110 3854 rammam
3153 3806 3369 3855 cAusA

722 3898 789 3954 25
1478 3908 1751 3956 rmAms
1791 3907 2448 3956 INFRASCRIPTORUM
2492 3906 2980 3954 s'rA‘ru'roauu.

971 4056 1120 4121 Non
1162 4054 1353 4120 debet
1408 4056 1491 4121 ab
1547 4056 1762 4143 aliquo
1803 4060 2264 4143 magistrorum
2305 4056 2411 4123 vel
2473 4055 2867 4125 scholarium
2923 4054 3437 4141 reprehensibile
3497 4055 3657 4120 iudi-

812 4157 978 4239 cari,
1045 4156 1099 4219 si
1163 4153 1545 4243 quandoque
1604 4180 1687 4221 ex
1749 4161 1960 4221 causis
2023 4156 2518 4222 rationabilibus
2576 4158 2915 4221 variantur
2973 4164 3214 4219 statuta
3271 4157 3539 4245 antiqua
3600 4164 3661 4221 et

806 4254 1196 4321 inducuntur
1251 4275 1451 4336 nova,
1509 4258 1892 4342 praesertim
1949 4279 2095 4321 cum
2152 4279 2391 4342 urgens
2443 4257 2796 4321 necessitas
2851 4262 2916 4320 et
2968 4251 3234 4319 evidens
3288 4254 3534 4320 utilitas
3591 4254 3658 4319 id

810 4357 1128 4442 exposcit.
1203 4352 1407 4434 'Quod
1470 4356 1661 4421 etiam
1719 4355 1897 4445 apud
1962 4358 2217 4442 priscos
2279 4354 2685 4442 legislatores
2744 4376 3209 4441 saepenumero
3263 4366 3659 4443 compertum

724 4464 793 4521 30
814 4465 940 4537 est,
999 4465 1068 4519 ut
1113 4476 1218 4535 ea,
1277 4468 1443 4537 quae
1482 4455 1604 4517 rite
1647 4465 1710 4519 et
1748 4466 1924 4520 recte
1968 4465 2209 4519 statuta
2254 4457 2451 4537 fuere,
2511 4463 2659 4518 ante
2702 4453 2903 4518 multa
2945 4461 3244 4539 tempora
3285 4455 3457 4520 iusta
3497 4455 3658 4539 visa,

811 4553 1124 4619 hodierna
1182 4552 1287 4617 die
1344 4555 1411 4617 in
1467 4575 1591 4617 usu
1643 4574 1772 4619 non
1826 4565 1973 4619 sunt
2028 4577 2148 4619 nec
2203 4577 2323 4639 pro
2382 4553 2635 4640 legibus
2696 4563 3023 4636 tenentur3
3083 4575 3307 4618 verum
3366 4553 3658 4619 coelestis

812 4653 1131 4734 dominus,
1176 4674 1342 4739 quae
1384 4653 1700 4717 in‘veteri
1741 4664 2122 4719 testamento
2166 4654 2410 4736 statuit,
2451 4651 2762 4718 nonnulla
2802 4656 2871 4718 in
2907 4672 3077 4717 novo
3114 4654 3405 4719 mutavit.
3458 4653 3659 4718 Nimi-

807 4776 950 4818 rum
963 4803 983 4837 ,
1037 4751 1209 4837 quod
1264 4750 1541 4817 facultas
1596 4755 1862 4837 artium,
1918 4763 2126 4818 mater
2184 4752 2460 4819 aliarum
2516 4751 2920 4836 facultatum,
2965 4751 3185 4840 aliqua
3240 4753 3552 4819 reformat
3593 4755 3658 4817 in

813 4851 1061 4935 melius,
1103 4852 1258 4938 quia
1300 4849 1583 4939 plurima
1624 4854 1889 4940 antiqua
1928 4862 2169 4917 statuta
2210 4853 2276 4915 in
2311 4851 2818 4919 dissuetudinem
2860 4851 3159 4917 abierunt
3200 4862 3265 4917 et
3305 4853 3661 4919 novissima

987 5122 1007 5171 1
1047 5092 1332 5173 Hiemach
1367 5133 1473 5171 von
1515 5118 1761 5186 spiiterer
1785 5116 1954 5172 Hand
1991 5116 2113 5172 eine
2135 5117 2497 5189 Verweisung
2536 5117 2640 5173 auf
2669 5118 2779 5173 den
2812 5117 3302 5174 Zusatzbeschluss
3331 5135 3458 5173 vom
3490 5116 3663 5173 Jahre

817 5204 970 5255 1512:
1039 5202 1301 5256 Addatur
1332 5208 1586 5255 statum
1615 5202 1862 5272 positum
1892 5202 1954 5255 in
1983 5204 2101 5269 fine
2128 5210 2261 5272 post
2289 5209 2495 5257 stamta
2526 5204 2822 5272 maqiswoe
2857 5204 3260 5271 com-moncia,
3300 5205 3454 5272 qaod
3487 5211 3564 5258 est
3595 5205 3663 5258 de

813 5301 894 5353 ιο,
929 5286 1081 5355 quod
1110 5286 1454 5341 scholastica}
1487 5295 1537 5340 et
1572 5286 1949 5340 bacca-laureis
1978 5293 2027 5339 et
2062 5288 2385 5358 quibusdam
2418 5287 2554 5341 aliae
2577 5287 2801 5360 publice
2835 5287 3009 5359 loyes-e
3040 5306 3151 5343 non
3185 5288 3363 5344 liceat.
