4038 6358
796 608 917 670 450
1783 603 1883 656 nie
1918 603 2359 670 philosophische
2400 607 2659 660 Facultfit.

798 784 1155 868 natoribus,
1199 807 1281 850 ne
1322 783 1805 871 magistrandos
1845 786 1913 849 in
1956 785 2081 851 hoc
2122 786 2402 873 prandio
2446 788 2512 852 in
2556 783 2826 851 emendo
2852 786 3007 850 vina
3049 788 3349 875 preciosa
3386 786 3663 851 nimium

794 893 1088 970 gravent,
1131 907 1326 972 super
1368 907 1492 970 quo
1538 885 1742 948 eciam
1806 886 2095 950 seniores
2149 886 2498 970 facultatis,
2561 907 2778 972 ymmo
2834 894 2970 949 tota
3023 885 3322 968 facultas,
3379 886 3439 949 si
3493 906 3664 971 opus

797 984 1010 1065 fuerit,
1055 984 1244 1048 iuxta
1287 983 1758 1048 discrecionem
1800 984 2137 1049 intendere
2183 985 2437 1051 debent.
2527 983 2819 1071 Sequens
2874 993 3090 1049 autem
3133 983 3485 1071 prandium
3528 1005 3667 1049 non

795 1098 1111 1169 aequetur
1155 1082 1509 1170 principali
1551 1083 1618 1145 in
1659 1083 1920 1148 ferculis
1968 1094 2034 1150 et
2075 1086 2379 1171 potagiiS,
2439 1083 2553 1150 sed
2610 1081 2998 1169 expediatur
3053 1084 3193 1148 sine
3231 1084 3491 1169 magnis
3546 1104 3665 1148 ex-

709 1191 742 1245 5
798 1183 1040 1268 pensis,
1091 1184 1186 1246 ita
1242 1182 1414 1268 quod
1470 1192 1625 1245 tunc
1682 1180 1919 1247 dentur
1966 1196 2243 1271 quatuor
2297 1171 2565 1265 fercula,
2623 1181 2977 1268 pulmento,
3033 1203 3224 1248 caseo
3278 1190 3345 1247 et
3395 1182 3665 1268 pietatis

795 1281 1094 1367 demptis.
1137 1282 1313 1345 Vina
1349 1290 1568 1345 autem
1614 1279 1914 1367 preciosa
1955 1305 2085 1348 non
2129 1283 2570 1347 ministrentur
2611 1282 2737 1345 nisi
2782 1281 2869 1345 ad
2908 1282 3438 1350 intincturamet
3477 1302 3664 1346 assa-

794 1390 1029 1463 turam,
1075 1383 1128 1444 si
1172 1379 1589 1467 praecedenti
1627 1379 1734 1444 die
1776 1382 1844 1445 in
1882 1381 2145 1447 residuo
2189 1389 2583 1462 manserunt,
2639 1379 2757 1444 sed
2798 1379 2931 1445 alia
2974 1381 3241 1467 potagia
3280 1379 3371 1444 ad
3409 1389 3665 1460 nutum,

792 1492 862 1544 ut
902 1481 1255 1543 necessitas
1301 1479 1535 1564 exigit,
1594 1501 1789 1565 super
1840 1502 1967 1567 quo
2019 1483 2255 1546 iterum
2298 1480 2581 1546 decanus
2625 1487 2689 1544 et
2733 1480 3017 1562 seniores
3068 1478 3403 1544 facultatis
3446 1480 3661 1544 inten-

798 1578 951 1642 dere
997 1578 1300 1643 habeant.
1389 1577 1461 1642 Si
1501 1599 1659 1642 vero
1703 1580 1999 1663 paucitas
2043 1578 2635 1665 magistrandorum
2679 1555 2895 1665 aliquo
2937 1588 3229 1666 tempore
3284 1579 3488 1660 foret,
3547 1600 3663 1643 ex·

717 1687 779 1741 10
799 1687 954 1744 tunc
996 1676 1275 1743 facultas
1317 1699 1443 1742 uno
1480 1676 1758 1764 prandio
1805 1677 1997 1743 debet
2037 1700 2179 1743 esse
2225 1687 2545 1759 contenta,
2600 1699 2682 1742 ne
2726 1678 2994 1744 nimium
3036 1679 3105 1741 in
3148 1680 3459 1763 expensis
3504 1686 3665 1741 tunc

793 1775 1226 1862 magistrandi
1289 1787 1662 1862 graventur.
1748 1777 2006 1842 Placuit
2061 1778 2264 1842 eciam
2278 1826 2297 1860 ,
2351 1775 2529 1862 quod
2581 1777 2853 1840 tercium
2910 1775 3292 1862 prandium,
3353 1776 3530 1863 quod
3584 1775 3666 1840 fit

792 1874 1242 1963 principaliter
1283 1897 1403 1962 pro
1443 1875 1683 1944 solacio
1726 1879 2242 1944 examinatorum
2283 1882 2349 1940 et
2386 1896 2704 1940 novorum
2742 1876 2812 1939 in
2853 1873 3103 1939 artibus
3138 1873 3661 1958 licenciatorum,

793 1974 1111 2039 habeatur
1152 1976 1219 2038 in
1262 1974 1532 2039 meridie
1574 1984 1640 2040 et
1680 1997 2093 2063 nequaquam
2135 1996 2365 2040 versus
2407 1983 2684 2057 noctem,
2726 1997 2809 2039 ne
2850 1973 3244 2039 insolenciae
3284 1985 3353 2040 et
3397 1973 3661 2040 exorbi-

793 2077 1048 2139 tanciae
1114 2073 1228 2158 (ad
1285 2096 1448 2160 quas
1505 2096 1640 2139 nox
1695 2085 1852 2162 apta
1909 2073 2036 2154 est)
2092 2075 2260 2138 inter
2316 2073 2684 2138 licentiatos
2740 2073 2999 2161 aliaque
3057 2074 3432 2161 supposita,
3488 2074 3663 2138 sicut

716 2184 777 2238 15
798 2175 981 2260 prius
1026 2175 1269 2256 evenit,
1313 2174 1623 2237 oriantur.

962 2346 1053 2406 16.
1116 2355 1309 2416 QUOD
1356 2355 1683 2403 TEMPORE
1742 2353 2584 2404 1UD1011*EXAM1NATORUM
2625 2357 2999 2405 HABEATUR
3039 2357 3487 2406 MODERATUH

2018 2453 2426 2503 convrvnm.

959 2569 1201 2653 Placet,
1261 2570 1433 2658 quod
1487 2578 1779 2656 tempore
1821 2568 2046 2633 iudicii
2090 2577 2557 2656 temptatorum
2602 2593 2716 2635 seu
2762 2571 3298 2654 examinatorum,
3343 2581 3478 2636 tam
3524 2595 3650 2660 pro

790 2668 1002 2754 gradu
1067 2671 1430 2755 magisterii
1495 2691 1686 2756 quam
1741 2667 2219 2732 baccalariatus
2235 2717 2254 2751 ,
2317 2669 2601 2735 decanus
2663 2693 2811 2736 cum
2876 2671 3006 2735 suis
3070 2670 3655 2754 examinatoribus,

708 2777 775 2832 20
795 2767 1089 2833 similiter
1143 2767 1748 2860 vicecancellarius,
1810 2766 2095 2832 habeant
2157 2768 2557 2835 moderatum
2615 2772 3012 2852 convivium,
3075 2771 3242 2835 sicut
3296 2771 3655 2836 transactis

791 2868 1190 2954 temporibus
1234 2877 1297 2930 et
1339 2866 1660 2954 longaeva
1702 2867 2166 2931 consuetudine
2216 2878 2314 2932 est
2354 2868 2790 2952 observatum,
2849 2869 2941 2934 ita
2984 2880 3200 2935 tamen
3242 2869 3419 2955 quod
3462 2869 3654 2934 deca-

789 2989 913 3030 nus
955 2966 1057 3030 vel
1102 2966 1675 3030 vicecancellarius
1719 2964 1879 3029 illud
1909 2953 2229 3052 expediat
2271 2967 2689 3054 paucioribus
2732 2970 3058 3055 expensis,
3110 2966 3348 3055 quibus
3389 2971 3654 3055 poterit,

790 3088 872 3130 ne
931 3067 1203 3130 nimium
1264 3067 1740 3130 examinatores
1802 3086 1921 3151 per
1977 3064 2347 3131 huiusmodi
2403 3066 2661 3153 prandii
2728 3080 3020 3153 sumptus
3082 3069 3149 3132 in
3205 3067 3653 3133 defalcacionc

790 3164 1108 3229 mercedis
1152 3164 1447 3230 laborum
1489 3188 1752 3233 suorum
1794 3173 2170 3250 graventur,
2210 3167 2336 3232 nisi
2377 3167 2672 3256 paucitas
2716 3166 3306 3251 promovendorum
3337 3167 3651 3234 obstaret.

703 3354 771 3411 25
949 3355 1038 3414 17.
1083 3366 1176 3412 DE
1222 3346 1822 3413 COMMENDATIONE
1867 3342 2512 3414 MAGISTRANDdRUM
2551 3366 2657 3413 EIS
2700 3366 3091 3415 INTIMANDA
3130 3368 3266 3416 PER
3305 3368 3498 3416 VIGE-

1679 3460 2215 3513 CAN'CELLARIUM
2259 3465 2386 3513 SUB
2430 3466 2761 3515 EXAMINE.

952 3579 1387 3665 Magistrandi
1463 3580 1529 3642 in
1609 3577 2197 3643 commendatorem
2275 3601 2496 3645 eorum
2570 3605 2701 3647 non
2780 3581 3019 3646 debent
3092 3580 3375 3668 aliquem
3452 3581 3656 3647 alium

791 3675 959 3765 [11²²]
1023 3702 1216 3766 quam
1278 3687 1592 3743 rectorem
1650 3678 2097 3742 universitatis
2159 3678 2427 3764 eligere,
2496 3681 2549 3743 si
2608 3682 2801 3746 fuerit
2857 3681 2957 3753 de.
2993 3679 3263 3753 consilio
3320 3681 3657 3746 facultafis

795 3780 1071 3861 arcium3
1131 3779 1184 3841 si
1229 3800 1385 3841 vero
1428 3798 1558 3840 non
1601 3776 1796 3841 fuerit
1837 3776 1918 3840 de
1969 3776 2194 3841 eodem
2247 3778 2538 3863 consiliO,
2594 3789 2746 3845 tunc
2788 3780 3030 3867 eligant
3083 3779 3413 3845 decanum·
3453 3780 3655 3846 facul-

707 3879 947 3942 30tatis
993 3877 1300 3941 eiusdem.
1387 3875 1478 3939 Et
1517 3876 1694 3938 facta
1739 3876 2309 3941 commendacione
2352 3878 2457 3942 vel
2512 3879 2704 3965 paulo
2762 3890 2930 3963 ante,
2984 3881 3329 3966 propinam
3381 3902 3650 3945 consue-

789 3989 944 4058 tam,
1000 3985 1071 4039 ut
1113 3998 1311 4039 unam
1354 3996 1588 4039 novam
1648 3994 2065 4060 sexagenam,
2125 3975 2407 4041 mediam
2468 4001 2733 4064 scopam
2775 4001 3009 4045 novam
3071 4001 3218 4043 cum
3261 3980 3415 4044 vino
3472 3978 3646 4043 dulci

788 4085 851 4140 et
895 4074 1040 4143 aliis
1084 4074 1462 4161 poculentis,
1508 4076 1691 4138 iuxta
1735 4074 2273 4139 consuetudinem
2316 4099 2433 4141 suo
2477 4078 2982 4145 commendatori
3026 4076 3318 4143 hilariter
3364 4078 3643 4144 offerant

787 4183 849 4239 et
890 4173 1318 4261 persolvant.¹

890 4347 984 4408 18·
1029 4355 1502 4404 MAGISTRANDI
1542 4356 1686 4404 NON
1729 4356 2009 4404 DEBENT
2056 4357 2133 4404 SE
2175 4334 2577 4407 ABSE'NTARE
2624 4360 2949 4408 TEMPORE
2994 4360 3550 4410 LICENCIATURAE

696 4449 763 4505 36
1711 4455 1755 4501 A
1799 4454 2397 4505 COMMENDACIONE
2440 4458 2702 4513 EORUM.

950 4570 1389 4657 Magistrandi
1449 4578 1599 4657 post
1652 4570 1990 4635 licenciam
2047 4572 2140 4636 eis
2184 4572 2404 4639 datam
2460 4576 2527 4640 in
2571 4575 2819 4641 artibus
2872 4598 2989 4663 per
3039 4574 3649 4643 vicecancellarium

781 4696 910 4738 non
971 4671 1209 4737 debent
1264 4695 1332 4736 se
1392 4670 1678 4735 totaliter
1737 4669 2083 4735 absentare
2141 4695 2182 4736 a
2240 4674 2810 4740 commendacione
2867 4697 3109 4758 eorum,
3168 4675 3296 4738 nisi
3351 4676 3645 4740 raciona-

781 4773 979 4838 bilem
1022 4771 1371 4836 habuerint
1412 4792 1699 4851 causam,
1746 4788 1939 4856 quam
1982 4770 2279 4835 facultati
2322 4782 2613 4861 tempore
2653 4774 2916 4861 petendi
2956 4774 3248 4839 favorem
3287 4774 3641 4861 incipiendi

782 4881 1166 4958 proponant.
1257 4869 1344 4935 Et
1403 4869 1527 4935 hoc
1582 4871 1797 4955 ipsum
1851 4869 2431 4937 vicecancellarius
2486 4872 2592 4938 vel
2646 4873 2929 4939 decanus
2986 4882 3281 4959 tempore
3336 4873 3642 4941 distribu—

698 4982 765 5036 40
786 4973 989 5037 cionis
1032 4971 1394 5035 officiorum
1439 4991 1660 5034 eorum
1703 4969 2006 5033 intimare
2045 4968 2240 5034 debet
2269 4980 2333 5035 et
2361 4981 2633 5056 tenetur,
2673 4995 2754 5037 ne
2782 4996 2901 5060 per
2926 4974 3375 5059 ignoranciam
3402 4995 3641 5055 eorum,

780 5072 945 5135 sicut
986 5092 1183 5156 saepe
1223 5068 1486 5155 accidit,
1528 5051 1922 5135 contrarium
1971 5068 2187 5134 facere
2227 5079 2623 5158 attemptent.

936 5267 1108 5324 1Am
1141 5267 1365 5325 Raude:
1419 5266 1580 5320 Illud
1601 5284 1709 5338 per
1734 5269 2050 5340 principem
2081 5270 2433 5327 moderatum.
