4038 6358
1239 630 1342 680 Die
1375 629 1740 680 Reformation
1773 643 1900 680 vom
1934 627 2101 680 Jahre
2140 633 2285 680 1⁴96.
3107 627 3189 690 25

301 807 526 874 fuerit.
627 809 726 876 Et
763 807 890 873 hoc
908 858 929 891 ,
972 808 1030 874 si
1068 810 1140 874 in
1183 809 1350 874 ista¹
1393 811 1816 876 universitate
1867 819 2021 874 ante
2074 807 2143 873 in
2197 807 2637 874 baccalarium
2693 814 3027 896 promotus
3084 804 3189 869 sit.

303 907 378 972 Si
415 929 600 972 vero
657 909 920 974 omnino
961 917 1310 974 extraneus
1351 908 1564 990 fuerit,
1610 907 1696 973 ad
1737 909 1978 992 integri
2017 907 2174 972 anni
2204 906 2594 973 curriculum
2625 909 2763 974 vita
2794 915 2857 972 et
2894 903 3186 970 moribus

305 1007 832 1094 comprobetur,
869 1017 937 1072 et
993 1006 1255 1073 tandem
1311 1010 1498 1074 iuxta
1548 1005 1874 1072 facultatis
1928 1007 2165 1071 artium
2228 1013 2468 1070 statuta
2522 1015 2910 1088 assumatur,
2952 1006 3045 1069 ita
3087 1011 3183 1068 ta-

303 1127 480 1186 men,
525 1106 724 1194 quod
744 1115 1016 1194 uterque
1045 1128 1162 1172 sex
1184 1106 1466 1173 florenos
1507 1127 1813 1169 renenses
1840 1103 2070 1186 solvat,
2118 1126 2392 1191 quorum
2434 1104 2749 1171 medietas
2794 1103 2985 1169 cedat
3024 1103 3183 1168 fisco

304 1202 668 1270 facultatis
710 1206 984 1288 artium,
1023 1205 1156 1270 alia
1195 1227 1350 1272 vero
1393 1203 1706 1269 medietas
1751 1225 1872 1291 pro
1914 1202 2265 1268 refectione
2306 1204 2766 1290 magistrorum
2810 1202 3185 1290 praedictae
3234 1208 3268 1264 ⁵

305 1302 668 1369 facultatis
711 1305 954 1368 artium
993 1301 1440 1368 distribuatur.

595 1508 700 1570 26.
742 1520 838 1568 ns
876 1518 1083 1567 vo'ns
1123 1517 1520 1566 rusenms
1559 1519 1634 1568 m
1675 1517 2087 1566 nonnum
2130 1518 2395 1567 aarum
2432 1517 2923 1570 Paomsxms.

485 1631 824 1698 Volumus
869 1640 935 1696 et
976 1631 1352 1714 statuimus,
1407 1631 1582 1719 quod
1638 1633 1939 1718 magistri
1982 1629 2066 1696 de
2123 1631 2391 1697 consilio
2449 1631 2775 1697 facultatis
2828 1632 3066 1696 artium
3118 1629 3186 1691 in

315 1730 642 1796 omnibus
687 1729 1262 1797 convocationibus
1319 1731 1453 1794 suis
1496 1750 1539 1793 a
1575 1731 1744 1794 votis
1787 1731 2147 1817 pungitivis
2190 1740 2254 1794 et
2292 1731 2623 1796 iniuriosis
2664 1752 2914 1795 necnon
2956 1750 2997 1792 a
3036 1748 3185 1792 con-

315 1831 518 1894 viciis
591 1831 856 1895 omnino
913 1828 1314 1910 abstineant,
1370 1828 1490 1892 sub
1544 1850 1757 1915 poena
1809 1830 2004 1893 trium
2062 1828 2455 1894 florenorum
2510 1829 2805 1895 facultati
2851 1829 2921 1892 in
2968 1823 3183 1891 triduo
3207 1833 3271 1887 10

313 1928 877 1995 irremissibiliter
938 1926 1534 2015 persolvendorum.
1631 1926 1844 2007 Quam
1909 1929 1967 1992 si
2032 1929 2512 1993 contrafaciens
2567 1951 2699 1993 non
2757 1926 3025 1994 solverit
3074 1932 3187 1989 aut

316 2029 718 2116 persolvere
755 2029 826 2092 in
865 2026 1082 2094 triduo
1117 2026 1552 2108 recusaverit,
1598 2035 1820 2090 careat
1858 2028 2341 2112 acturegentiae
2392 2048 2509 2114 per
2546 2028 2873 2112 integrum
2925 2045 3185 2104 annum,

321 2149 678 2216 quousque
731 2123 1102 2193 huiusmodi
1137 2146 1418 2210 poenam
1467 2123 1886 2189 effectualiter
1939 2124 2355 2210 persolverit,
2412 2124 2595 2191 salvo
2648 2147 2725 2190 eo
2772 2123 2947 2212 quod
2988 2120 3188 2187 facul-

323 2237 430 2290 tas
487 2228 654 2314 ipsa
693 2224 1026 2289 discernat
1085 2232 1198 2288 aut
1249 2221 1618 2289 discernere
1660 2222 1928 2304 habeat,
1993 2245 2079 2289 an
2118 2225 2208 2306 is,
2252 2225 2365 2312 qui
2406 2222 2687 2311 aliquem
2726 2224 3183 2309 magistrorum

325 2327 702 2412 pupugisse
753 2322 1190 2404 contenditur,
1235 2331 1463 2387 contra
1504 2320 1910 2409 praedictum
1967 2330 2279 2386 statutum
2328 2345 2474 2386 cum
2536 2321 2764 2388 effectu
2826 2321 3186 2408 deliquerit,
3210 2327 3270 2383 1⁵

327 2425 440 2510 qui
483 2433 788 2511 tempore
830 2421 1240 2486 discretionis
1284 2419 1654 2486 huiusmodi
1695 2419 1924 2486 cedere
1965 2418 2309 2485 tenebitur.

1210 2621 1312 2682 27.
1355 2635 1450 2682 DE
1491 2635 1798 2684 Pmmo
1836 2633 2313 2684 ARESTOTILIS.

503 2749 870 2816 Statuimus
923 2759 986 2815 et
1038 2748 1412 2814 ordinamus
1431 2797 1450 2830 ,
1517 2745 1690 2834 quod
1745 2748 1876 2813 tale
1929 2747 2279 2834 prandium
2318 2747 2691 2814 Arestotilis
2744 2746 3051 2833 deinceps
3096 2746 3190 2810 sic

331 2848 744 2931 moderetur,
789 2846 963 2936 quod
1001 2847 1207 2915 solum
1250 2869 1368 2912 sex
1406 2845 1654 2911 fercula
1697 2847 1840 2912 dari
1883 2845 2169 2912 debeant
2219 2847 2539 2928 invitatis,
2594 2858 2661 2912 et
2714 2846 2798 2912 de
2851 2847 3005 2910 vino
3055 2866 3185 2909 me·

337 2948 486 3013 liori
545 2970 669 3034 pro
721 2945 1012 3036 qualibet
1059 2967 1286 3011 mensa
1333 2967 1466 3010 una
1521 2966 1724 3032 scopa
1744 2994 1762 3029 ,
1816 2945 2076 3034 aliaque
2124 2947 2281 3010 vina
2343 2955 2409 3011 et
2446 2947 2715 3032 potagia
2757 2952 3016 3033 praeter
3056 2944 3271 3008 istam

335 3057 618 3134 possunt
655 3046 1010 3112 ministrari
1051 3053 1301 3109 tannim
1348 3053 1658 3130 quantum
1699 3045 2055 3109 necessitas
2096 3045 2331 3133 exigit,
2389 3053 2453 3109 et
2495 3053 2727 3110 caveat
2767 3043 3051 3109 decanus
3090 3041 3183 3106 fa·

341 3146 602 3211 cultatis
647 3147 886 3211 artium
927 3165 1058 3210 una
1101 3166 1246 3209 cum
1309 3141 1860 3208 examinatoribus
1877 3193 1896 3226 ,
1953 3166 2037 3209 ne
2088 3143 2571 3229 magistrandos
2624 3144 2692 3209 in
2733 3142 2858 3208 hoc
2909 3139 3185 3231 prandio

336 3246 404 3309 in
447 3243 722 3311 emendo
761 3246 918 3309 vina
958 3244 1258 3331 preciosa
1297 3244 1568 3307 nimium
1606 3251 1906 3327 gravant,
1953 3264 2148 3329 super
2192 3267 2319 3333 quo
2358 3254 2499 3310 tota
2539 3242 2816 3311 facultas
2852 3238 3187 3307 intendere

207 3352 218 3363 ⁹
339 3343 599 3409 habeat.

1137 3544 1238 3607 28.
1281 3559 1376 3606 nn
1421 3556 1878 3619 Quonnms'ro
1915 3557 2387 3608 mmmm-Anno,
3200 3546 3268 3603 25

510 3670 830 3737 Volumus
873 3680 940 3736 et
977 3671 1372 3755 ordinamus,
1411 3682 1486 3736 ut
1525 3669 1968 3760 quodlibetum
2001 3670 2311 3760 deinceps
2354 3684 2419 3739 et
2458 3674 2525 3739 in
2567 3673 2852 3739 futurum
2888 3670 2969 3735 de
3000 3670 3183 3759 quin-

347 3772 622 3859 quennio
665 3772 736 3837 in
777 3771 1284 3859 quinquennium
1330 3770 1712 3858 disputetur,
1756 3779 1823 3833 et
1847 3770 2063 3856 prima
2106 3770 2447 3837 collatione
2492 3771 2791 3860 deposita
2816 3778 2965 3859 post
2991 3768 3185 3833 finem

351 3869 716 3937 huiusmodi
755 3879 940 3934 actus
983 3867 1296 3934 laboriosi
1339 3890 1458 3956 pro
1504 3867 1802 3933 omnibus
1840 3870 2174 3955 magistris
2220 3880 2285 3935 et
2324 3869 2699 3937 doctoribus
2756 3868 3015 3935 collatio
3060 3867 3185 3933 sol-

349 3968 574 4035 lemnis
617 3968 1005 4057 expediatur
1041 3988 1120 4032 ac
1161 3965 1535 4033 celebretur.
1635 3966 1727 4033 Et
1777 3966 2004 4034 electio
2050 3968 2507 4056 quodlibetarii
2554 3990 2807 4057 semper
2847 3968 2965 4033 fiat
3006 3967 3183 4033 circa

353 4067 586 4135 festum
629 4070 840 4133 sancti
879 4066 1365 4133 Bartholomaei
1375 4115 1396 4151 ,
1441 4089 1566 4155 quo
1613 4066 1816 4132 electo
1860 4090 1980 4153 per
2034 4067 2407 4134 facultatem
2446 4070 2683 4133 artium
2724 4067 2899 4133 idem
2940 4066 3181 4133 electus
3200 4075 3269 4133 30

347 4170 706 4253 praefatum
755 4166 1196 4255 quodlibetum
1237 4174 1386 4253 post
1425 4164 1680 4254 lapsum
1725 4166 2014 4231 eiusdem
2062 4170 2217 4233 anni
2268 4170 2447 4235 circa
2496 4166 2902 4255 praedictum
2950 4166 3185 4233 festum

349 4264 782 4333 Bartolomaei
823 4266 1160 4354 disputare
1198 4266 1492 4353 incipiat.

1027 4471 1124 4532 29.
1165 4483 1260 4531 DE
1304 4481 1581 4531 onemo
1623 4482 1714 4530 m·
1760 4482 1905 4531 sms
1949 4480 2505 4529 nncuronmus.
2560 4488 2575 4495 ·

500 4594 842 4677 Volumus,
887 4594 1061 4683 quod
1103 4604 1482 4662 executores
1529 4604 1917 4661 statutorum
1955 4593 2287 4659 facultatis
2314 4595 2571 4676 artium,
2622 4594 3183 4679 quocienscunque

348 4692 618 4781 aliquem
659 4692 980 4758 defectum
1014 4694 1120 4760 vel
1163 4714 1520 4776 excessum,
1562 4702 1790 4759 contra
1831 4692 2074 4758 bonum
2111 4690 2215 4756 vel
2254 4690 2659 4757 honestatem
2699 4688 3027 4754 facultatis
3071 4698 3183 4753 aut
3200 4699 3265 4755 35

352 4793 472 4857 eius
519 4800 765 4857 statuta
800 4802 1199 4878 vergentem,
1239 4792 1522 4857 viderint
1563 4790 1666 4856 vel
1710 4790 2295 4872 consideraverint,
2342 4790 2461 4855 sub
2506 4790 2639 4855 suis
2680 4787 3061 4852 iuramentis
3104 4809 3183 4852 ac

349 4912 552 4976 poena
593 4890 1038 4977 suspensionis
1082 4889 1166 4955 ab
1225 4890 1523 4955 omnibus
1584 4887 2010 4954 emolimentis
2068 4887 2396 4953 facultatis
2450 4889 2687 4951 artium
2733 4886 2871 4957 sint
2909 4886 3180 4969 astricti,

349 4999 406 5054 et
439 5000 735 5078 tempore
777 5010 934 5054 suae
981 4987 1312 5055 electionis
1337 5009 1454 5076 per
1492 4989 1808 5054 decanum
1838 4984 2097 5073 publice
2134 5006 2215 5049 ac
2243 4985 2636 5052 sollemniter
2674 4982 2761 5048 ad
2787 4983 2913 5051 hoc
2946 4985 3179 5049 astrin-

473 5274 496 5325 1
541 5270 652 5325 Im
675 5268 939 5325 bedentet
957 5270 1018 5325 in
1045 5270 1156 5327 den
1173 5267 1684 5327 Statutenbiichern
1698 5268 1798 5325 der
1816 5265 2161 5327 Universitiit
2183 5272 2343 5323 stetu:
2368 5266 2561 5337 dieser,
2586 5268 2687 5323 der
2706 5266 2933 5339 Menige,
2944 5266 3189 5339 unsrige.
