4038 6358
910 591 1026 656 166
1560 633 1565 642 .
2014 585 2124 636 Der
2160 584 2628 637 Statutenentwurf

902 769 1178 837 ecclesia
1238 769 1446 836 sancti
1490 768 1589 834 .N.
1632 769 2041 852 conveniant,
2083 766 2329 855 vigiliis
2369 766 2613 833 ibidem
2655 766 3101 852 decantandis,
3164 778 3228 836 et
3277 789 3428 836 cras
3467 768 3630 836 hora
3681 791 3764 834 ‚n-

902 871 1121 936 missis
1182 869 1345 936 inibi
1400 867 1805 935 celebrandis
1862 890 2005 933 sese
2065 866 2492 955 personaliter
2548 867 2879 935 offerendo
2934 877 3382 957 praesentent,
3452 870 3761 936 consimi-

904 970 1064 1036 lium
1124 992 1394 1057 operum
1455 970 1719 1058 pietatis
1780 968 2349 1055 participationem
2408 976 2561 1055 post
2623 968 2854 1035 fimera
2915 991 3036 1036 sua
3093 970 3425 1056 gavisura.
3502 968 3762 1038 Datum

901 1079 1263 1139 rectoratus
1307 1069 1428 1138 sub
1470 1068 1747 1157 sigillo.“
2857 1099 2862 1104 ·

819 1231 853 1288 5
1435 1219 1523 1284 Et
1562 1220 1863 1308 quoniam
1906 1240 1989 1284 ex
2031 1219 2218 1285 iustis
2260 1217 2672 1285 Bavarorum
2711 1220 2891 1287 natio
2938 1221 3151 1288 causis

1380 1393 1387 1398 ,
1523 1319 1711 1385 Fecit
1752 1327 1816 1386 et
1856 1319 2139 1386 instituit
2176 1319 2302 1385 hoc
2344 1319 2611 1406 pietatis
2653 1342 2836 1407 opus,

1433 1418 1743 1507 Expedit,
1785 1428 1857 1484 ut
1895 1428 2173 1506 protunc
2217 1418 2482 1506 pietatis
2526 1412 2722 1505 opus*
2730 1418 3106 1506 peragendo

1530 1517 1821 1601 Quilibet
1862 1517 1986 1584 hiis
2029 1517 2331 1584 Bavarus
2371 1519 2537 1584 assit
2576 1519 2646 1584 in
2687 1518 2925 1585 offitiis.

2010 1617 2198 1684 Haec
2236 1615 2544 1688 werdea.

827 1947 888 2003 10
1072 1941 1208 2016 Auf
1241 1942 1351 2000 der
1390 1939 1704 2004 Biickseite
1747 1934 1873 2024 [ΒΖ.
1917 1934 2019 2024 5¹³}
2075 1942 2181 2001 kat
2223 1939 2350 2000 eine
2390 1942 2631 2016 epatere
2671 1939 2883 2012 Hand,
2935 1937 3046 1997 wie
3087 1937 3206 1998 mir
3247 1939 3478 1998 scheint
3518 1936 3608 1997 die
3651 1938 3757 1996 des

914 2041 1122 2101 [nv-ich
1164 2039 1460 2112 Steudler,
1506 2042 1620 2099 den
1644 2042 1979 2117 folgenden
2019 2042 2341 2100 Beeckluss
2383 2040 2797 2117 einqctraqen:

1226 2208 1317 2270 13.
1378 2218 1751 2268 surorum
1789 2219 2155 2270 conm'rtm
2199 2220 2377 2296 ros‘r
2421 2220 2692 2269 osu-tm
2731 2218 3073 2268 rumonus
3119 2216 3428 2267 Gnoson.

1069 2333 1349 2416 Quando
1391 2335 1460 2399 in
1506 2333 2002 2402 Lutheranismo
2047 2358 2122 2402 eo
2165 2343 2550 2423 perventum
2592 2343 2720 2418 est,
2774 2344 2849 2401 ut
2903 2356 3112 2422 neque
3170 2333 3468 2421 corporis
3510 2329 3756 2399 Christi

905 2436 1138 2501 festum
1199 2433 1561 2506 celebretur
1618 2434 1899 2522 amplius
1952 2458 2161 2524 neque
2212 2436 2495 2503 nationis
2558 2433 2869 2500 candelae
2922 2433 3483 2516 circumferantur,
3541 2430 3756 2520 placet

825 2545 884 2601 15
905 2533 1180 2616 nationi,
1237 2543 1313 2599 ut
1365 2534 1781 2600 nihilominus
1842 2534 1969 2601 duo
2026 2534 2355 2622 magistri,
2412 2558 2573 2623 quos
2627 2531 3001 2602 collectores
3057 2541 3324 2614 vocant,
3378 2554 3510 2598 non
3566 2553 3751 2596 secus

905 2644 1098 2723 atque
1139 2642 1292 2699 ante
1334 2635 1585 2699 astricti
1641 2636 1771 2700 sint
1812 2657 1855 2698 a
1909 2633 2181 2721 singulis
2222 2635 2507 2700 nationis
2563 2642 2827 2702 nostrae
2883 2631 3191 2698 studiosis
3242 2629 3436 2698 binos
3490 2653 3751 2718 grossos

903 2735 1188 2820 exigere,
1234 2755 1395 2820 quos
1439 2733 1506 2797 in
1552 2755 1695 2798 eum
1738 2757 1926 2799 usum
1967 2734 2228 2800 interim
2270 2743 2526 2801 vertere
2568 2735 2745 2800 natio
2793 2731 3005 2815 debet,
3048 2739 3139 2815 ut,
3183 2732 3240 2795 si
3281 2733 3426 2818 quis
3467 2730 3749 2796 Bavaro·

905 2857 1048 2898 rum
1091 2830 1270 2919 apud
1310 2855 1429 2898 nos
1471 2833 1640 2898 inter
1682 2832 2007 2899 studiosos
2051 2835 2285 2901 misere
2327 2833 2793 2918 succumberet,
2852 2831 3093 2898 habeat
3147 2830 3325 2896 natio
3388 2828 3564 2918 quod
3602 2852 3747 2917 pro-

903 2932 1007 2998 cul
1066 2954 1108 2996 a
1161 2930 1540 3018 parentibus
1594 2941 1657 2996 et
1715 2933 1946 3000 amicis
1999 2931 2413 3000 decumbenti
2449 2935 2516 3000 in
2556 2934 2671 3001 illa
2710 2930 2774 3022 [6
2791 2930 2843 3021 ⁸]
2890 2954 3009 2997 sua
3052 2938 3339 3017 egestate
3383 2927 3746 3017 suppedite-

820 3043 886 3098 20
904 3041 1029 3113 tur,
1071 3030 1165 3095 ita
1208 3037 1425 3095 tamen
1463 3039 1534 3094 ut
1573 3038 1710 3097 tota
1755 3053 1872 3096 sua
1914 3031 2210 3119 supellex
2265 3033 2351 3098 sit
2401 3035 2648 3099 nationi
2691 3031 2987 3121 pignoris
3027 3028 3170 3096 loco
3214 3052 3362 3095 cum
3402 3050 3748 3116 praeroga·

900 3134 1040 3198 tiva
1083 3139 1232 3196 ante
1272 3129 1435 3197 alios
1481 3131 1615 3196 eius
1660 3130 2032 3199 creditores.
2110 3130 2257 3199 Hoc
2303 3142 2610 3199 statutum
2646 3155 2764 3221 per
2806 3141 3010 3199 totam
3048 3130 3378 3196 nationem
3423 3126 3745 3195 conditum

906 3242 1003 3297 est
1049 3253 1219 3298 anno
1270 3234 1426 3299 1539
1470 3230 1796 3297 dominica
1838 3240 1989 3317 post
2030 3231 2292 3299 vincula
2328 3232 2529 3298 Petri.

1684 4001 1758 4067 Β.
1799 4001 1959 4068 DIE
2001 4000 2511 4069 POLNISCHE
2552 3999 2907 4068 NATION.

1474 4188 1517 4239 1.
1563 4190 1706 4240 DER
1741 4188 2479 4242 STATUTENENTWURF
2513 4185 2671 4238 VOM
2708 4187 2941 4238 JAHRE
2979 4186 3154 4240 1442.ι

824 4359 891 4415 25
1501 4371 1817 4421 surum
1858 4371 2186 4421 nanoms
2226 4369 2662 4421 Pononomm
2703 4369 2776 4417 m
2815 4353 3144 4418 mrem)

1072 4501 1396 4582 Quoniam
1450 4524 1914 4592 nonnunquam
1967 4526 2133 4592 quae
2194 4504 2567 4571 coniectura
2627 4502 2966 4590 profutura
3019 4503 3298 4571 credidit
3351 4503 3746 4592 subsequens

909 4603 1325 4687 experiencia
1366 4600 1607 4668 clarius
1648 4603 1948 4686 intuetur,
1991 4603 2144 4670 hinc
2185 4613 2303 4686 est,
2348 4601 2542 4688 quod,
2595 4599 2747 4667 licet
2788 4603 2870 4667 de
2911 4624 3081 4671 anno
3125 4602 3370 4670 domini
3411 4603 3746 4669 millesimo

907 4699 2059 4788 quadringentesimovicesimotercio
2119 4694 2331 4781 (1423)
2394 4701 2689 4790 deputati
2751 4702 3010 4768 fuerunt
3069 4704 3370 4789 magistri
3430 4702 3746 4770 Iohannes

907 4798 1238 4889 Grosscop
1286 4801 1368 4867 de
1409 4801 1775 4888 Stregonia,
1833 4824 2061 4868 sacrae
2103 4802 2470 4889 theologiae
2513 4800 2943 4887 baccalarius,
3000 4812 3065 4869 et
3114 4803 3438 4871 Iohannes
3477 4802 3745 4870 Suesch·

1058 5021 1081 5071 1
1123 5015 1525 5074 Abschrifflich
1559 5020 1809 5076 erhalten
1850 5021 1907 5076 in
1941 5022 2041 5079 der
2073 5018 2441 5077 Handschrift
2472 5021 2574 5078 der
2605 5019 3281 5078 Universitiitsbibliothek
3328 5020 3468 5079 Nm.
3507 5027 3624 5092 176,
3659 5022 3744 5078 BL

909 5102 1045 5238 {2⁴2⁸
1058 5100 1164 5237 131·
1194 5101 1361 5241 h{srgL
1398 5102 1669 5160 Urkundl.
1709 5105 1943 5172 Quellen
1988 5107 2044 5162 S.
2080 5111 2178 5163 719
2212 5123 2267 5161 u.
2305 5109 2422 5162 735.
2488 5103 2597 5161 Die
2632 5103 2987 5176 Bezifferung
3021 5105 3120 5161 der
3149 5105 3553 5179 Paragraphen
3599 5106 3747 5162 riihrt

932 5342 941 5351 .
1067 5269 1684 5326 2AmRandestcht:
1757 5270 3682 5347 SmtatamtioniaePolomnaemeodmahmuibuappmbata.
