4038 6358
1426 624 1668 678 Libellus
1703 628 2021 679 formulario.
2552 602 2559 614 '
3030 626 3147 689 113

527 814 623 875 54.
681 824 1070 874 mnarum
1114 825 1208 873 ΒΕ
1252 825 1598 873 mls'rms
1636 826 1922 874 namn
1961 825 2415 875 ARISTOTELIS
2457 824 2603 873 Nou
2644 822 3097 871 msnmnms

1475 926 1610 973 vnn
1647 925 2156 975 ormnnnnms.

481 1039 748 1105 Mandat
787 1039 1082 1106 omnibus
1129 1050 1282 1106 etc.:
1346 1052 1661 1129 quatenus
1717 1041 2002 1106 crastina
2053 1041 2195 1107 luce
2238 1050 2387 1129 post
2427 1050 2641 1106 actum
2674 1040 3151 1109 recommenda-

317 1142 516 1207 tionis
571 1138 975 1205 dominorum
1028 1140 1619 1226 magistrandorum
1677 1141 1746 1205 in
1790 1139 2078 1227 collegiis
2121 1163 2200 1205 ac
2238 1140 2453 1206 bursis
2502 1164 2765 1206 suarum
2806 1141 3150 1206 habitatio-

311 1265 475 1307 num
529 1241 669 1305 sive
721 1242 1110 1305 stantiarum
1163 1263 1305 1306 sese
1361 1240 1758 1323 contineant,
1815 1262 1937 1304 nec
1995 1243 2304 1305 convivas
2360 1239 2622 1326 prandii
2663 1239 3032 1307 Aristotelis
3077 1262 3155 1304 ac
3173 1251 3205 1304 5

314 1344 607 1429 ipsorum
645 1341 978 1407 ministros
1017 1341 1087 1405 in
1130 1338 1234 1406 vel
1278 1348 1466 1405 extra
1505 1338 1739 1423 locum,
1784 1338 1895 1405 ubi
1941 1338 2184 1409 dictum
2223 1337 2567 1405 habebitur
2590 1340 2957 1426 prandium,
3001 1362 3153 1425 quo-

319 1444 430 1505 vis
463 1438 650 1506 modo
692 1439 1083 1528 impediant,
1138 1439 1506 1522 molestent,
1562 1437 1945 1505 conturbent
1960 1489 1978 1522 ,
2039 1462 2157 1505 >seu
2196 1439 2419 1504 verbis
2463 1449 2573 1504 aut
2610 1440 2801 1505 factis
2843 1441 3153 1505 iniuriose

323 1538 802 1628 quomodolibet
864 1540 1221 1622 offendant,
1291 1562 1414 1605 nec
1467 1540 1662 1604 etiam
1716 1538 1906 1603 dictis
1971 1538 2287 1603 ministris
2342 1540 2511 1603 inter
2558 1538 3039 1626 apportandum
3093 1550 3156 1603 et

324 1638 790 1727 deportandum
844 1638 1093 1705 cibaria
1147 1649 1211 1704 et
1268 1643 1538 1727 potagia
1592 1638 1838 1727 aliquid
1893 1662 1928 1704 e
1981 1638 2281 1705 manibus
2295 1687 2317 1722 ,
2385 1638 2666 1705 scutellis
2738 1661 2853 1704 seu
2905 1638 3157 1727 poculis

322 1738 633 1805 violenter
671 1738 900 1809 ,tollere
941 1762 1305 1828 rapereque
1346 1748 1781 1828 praesumant.
1867 1736 2003 1805 Sub
2045 1760 2257 1826 poena
2295 1740 2483 1803 unius
2526 1738 2756 1804 floreni
2798 1748 2919 1806 etc.
3180 1750 3242 1805 10

421 1946 516 2007 55.
576 1957 965 2006 ΜΔΝΒΔΤΠΜ
1002 1958 1097 2005 DE
1137 1958 1282 2007 NON
1326 1956 1799 2006 OFFENDENDO
1845 1955 2185 2005 CONVIVAS
2227 1956 2365 2004 AUT
2408 1954 2651 2005 EORUM
2690 1956 3061 2006 MINISTROS

1417 2056 1595 2105 POST
1638 2056 2033 2105 VESPERIAS.

489 2168 608 2259 [131.
640 2176 718 2239 24
735 2169 788 2260 ⁸]
856 2172 1132 2239 Mandat
1171 2171 1468 2240 omnibus
1513 2182 1670 2237 etc.:
1737 2179 2057 2257 quatenus
2113 2169 2240 2237 hoc
2293 2173 2553 2258 vesperi
2592 2180 2745 2259 post
2787 2182 3003 2240 actum
3048 2198 3157 2242 ve-

323 2274 676 2360 speriarum
691 2322 710 2355 ‚
769 2294 890 2361 pro
950 2272 1230 2339 dominis
1282 2294 1508 2337 sacrae
1563 2271 1928 2359 theologiae
1982 2270 2342 2335 licenciatis
2382 2271 2451 2334 in
2490 2268 2757 2337 lectorio
2800 2274 3157 2340 ordinaria-

319 2394 470 2437 rum
507 2371 1018 2460 disputationum
1064 2371 1318 2461 collegii
1359 2395 1436 2437 .n.
1481 2372 1748 2437 iamiam
1788 2369 2279 2453 celebrandum,
2332 2369 2419 2435 ad
2460 2369 2734 2458 collegia
2775 2374 2879 2438 vel
2921 2374 3154 2439 bursas
3180 2386 3240 2440 ¹5

324 2496 580 2537 suarum
630 2472 1106 2539 habitationum
1165 2473 1304 2539 sive
1359 2472 1740 2536 stantiarum
1796 2492 1939 2535 sese
2002 2470 2325 2556 recipiant
2375 2478 2441 2534 et
2492 2468 2738 2537 ibidem
2778 2494 2919 2539 sese
2961 2476 3158 2539 conti-

323 2582 542 2657 neant,
581 2596 702 2639 nec
739 2574 1124 2659 magistros,
1183 2570 1480 2637 doctores
1522 2571 1812 2656 aliosque
1854 2569 2163 2656 hospites,
2220 2567 2307 2633 ad
2352 2567 2670 2635 dictarum
2712 2574 3157 2660 vesperiarum

327 2672 728 2739 collationem
771 2674 1099 2756 invitatos,
1141 2674 1210 2737 in
1250 2670 1354 2736 vel
1399 2680 1586 2735 extra
1629 2669 1886 2736 stubam
1934 2692 2032 2753 .n.,
2088 2667 2198 2734 ubi
2250 2667 2401 2733 talis
2445 2669 2703 2737 collatio
2746 2671 2850 2738 vel
2889 2673 3153 2739 refectio

325 2772 690 2856 habebitur,
735 2774 964 2860 quovis
1007 2770 1210 2837 modo,
1247 2770 1637 2859 impediant,
1679 2767 2023 2834 molestent
2063 2791 2178 2834 seu
2216 2768 2575 2852 offendant,
2638 2793 2759 2836 nec
2803 2774 2999 2837 etiam
3039 2776 3154 2839 mi-

328 2874 542 2937 nistris
595 2871 941 2939 eorundem
995 2871 1324 2958 hospitum
1365 2872 1536 2935 inter
1579 2868 2058 2958 apportandum
2102 2878 2167 2933 et
2207 2867 2680 2956 deportandum
2725 2872 3153 2940 confectiones
3174 2884 3241 2941 20

333 2983 392 3037 et
439 2975 696 3059 potagia
750 2970 996 3059 aliquid
1057 2994 1092 3035 e
1146 2968 1440 3036 lancibus
1493 2969 1599 3035 vel
1649 2968 1902 3057 poculis
1957 2966 2185 3035 tollere
2232 2989 2349 3032 seu
2386 2990 2623 3057 rapere
2662 2971 2768 3037 vel
2811 2974 3158 3061 quomodo-

331 3071 482 3137 libet
517 3072 810 3136 iniuriari
853 3078 1290 3159 praesumant.
1375 3069 1511 3136 Sub
1555 3091 1768 3159 poena
1805 3070 1998 3133 unius
2043 3068 2273 3134 floreni
2318 3079 2438 3135 etc.

496 3263 591 3326 56.
650 3273 1040 3322 munuum
1082 3273 1176 3320 m:
1219 3272 1364 3321 Nou
1406 3271 1881 3323 counucmmo
1929 3271 2073 3320 cmc
2112 3271 2319 3320 sams
2358 3273 2493 3320 vm,
2538 3272 2974 3323 cnmonmus

1497 3371 1969 3422 anesum-rus.

483 3488 756 3555 Mandat
819 3488 1115 3557 omnibus
1175 3499 1320 3556 etc.:
1385 3499 1700 3576 quatenus
1765 3489 2009 3554 nullum
2076 3491 2365 3576 ipsorum
2434 3489 2739 3578 deinceps
2798 3489 3153 3558 studentem
3174 3502 3241 3559 25

337 3589 430 3654 vel
473 3589 828 3673 studentes,
872 3613 956 3655 ex
997 3588 1120 3656 hoc
1163 3588 1405 3677 oppido
1449 3587 1855 3676 repatriandi
1893 3586 2000 3652 vel
2039 3587 2170 3652 alia
2212 3611 2412 3654 causa
2453 3590 2859 3656 recedentem
2910 3615 3023 3658 seu
3061 3617 3157 3660 re—

339 3689 618 3754 cedentes
632 3739 651 3774 ,
709 3713 854 3756 cum
897 3687 1167 3776 gladiis,
1224 3687 1601 3777 cuspidibus
1645 3688 1875 3753 aliisve
1917 3689 2147 3772 armis,
2203 3710 2584 3777 quocunque
2624 3693 2883 3758 nomine
2923 3716 3003 3758 ea
3046 3717 3157 3784 ap-

343 3787 556 3873 pellax-i
595 3791 960 3875 contigerit,
1005 3798 1117 3854 aut
1156 3789 1373 3855 velata
1413 3789 1582 3854 facie
1626 3787 1984 3855 conducere
2027 3787 2132 3852 vel
2180 3791 2349 3853 inter
2396 3788 2884 3857 conducendum
2929 3794 3158 3861 clamo-

340 3909 432 3950 res
469 3887 810 3952 horribiles
852 3889 1139 3954 excitare
1183 3911 1298 3954 seu
1338 3887 1692 3954 cantilenas
1729 3887 2104 3954 inhonestas
2131 3910 2252 3976 per
2280 3890 2461 3954 vicos
2488 3899 2551 3954 et
2577 3889 2826 3976 plateas
2855 3894 3158 3981 vagando

344 3983 699 4070 decantare,
762 3985 868 4052 vel
934 4009 1352 4075 quaecunque
1412 3987 1542 4052 alia
1601 3988 1694 4054 illi
1709 3985 1812 4075 [24
1825 3983 1879 4076 b]
1895 3990 2025 4052 cita
2082 3986 2574 4076 indecentiaque
2640 3999 2879 4066 extunc
2931 4016 3156 4082 perpe·
3178 4005 3245 4062 30

343 4094 498 4152 trare
538 4097 928 4174 praesumat.
1013 4087 1149 4154 Sub
1191 4107 1404 4174 poena
1443 4088 1635 4152 unius
1678 4108 2045 4174 sexagenae
2088 4110 2297 4154 novae
2342 4098 2459 4154 etc.

938 4277 1036 4338 57.
1099 4288 1336 4338 romu
1376 4288 1767 4338 mumolus
1810 4287 2131 4338 Amemus
2173 4289 2551 4339 snrposrn.

489 4403 626 4469 Nos
669 4403 765 4468 .N.
809 4414 1024 4472 rector
1065 4414 1288 4472 tenore
1330 4407 1770 4494 praesentium
1811 4403 2073 4493 publice
2120 4406 2509 4494 requirimus
2555 4417 2750 4496 atque
2792 4422 3156 4499 perempto·

351 4501 431 4565 rie
470 4505 738 4569 citamus
783 4503 878 4569 Ν.
919 4514 983 4570 et
1025 4504 1119 4571 .N.
1136 4554 1155 4589 ,
1199 4505 1414 4570 dictae
1453 4514 1716 4571 nostrae
1754 4505 2196 4570 universitatis
2240 4506 2595 4591 studentes,
2642 4519 2957 4597 quatenus
2989 4512 3159 4575 infra

351 4609 460 4666 tres
501 4601 638 4667 dies
653 4653 671 4685 ,
735 4602 1101 4670 huiusmodi
1140 4615 1401 4670 nostrae
1442 4605 1841 4692 requisitioni
1883 4627 1963 4669 ac
2001 4605 2289 4670 citationi
2331 4606 2651 4692 parendo,
2707 4630 2927 4675 coram
2966 4608 3154 4675 nobis
3173 4619 3239 4676 35

353 4703 688 4788 nostrisque
731 4701 1118 4769 consiliariis
1160 4714 1225 4771 et
1266 4703 1706 4771 assessoribus
1751 4705 1819 4769 in
1869 4713 2133 4768 nostrae
2172 4703 2401 4770 solitae
2441 4705 2829 4773 residentiae
2874 4720 2982 4775 aut
3026 4709 3154 4776 alio

353 4802 430 4866 eis
466 4800 856 4888 assignando
900 4801 1044 4869 loco
1085 4804 1512 4893 personaliter
1556 4812 2002 4892 compareant,
2049 4803 2430 4870 obiiciendis
2470 4827 2589 4894 per
2629 4828 2747 4873 nos
2797 4830 2876 4872 ac
2914 4831 3154 4897 propo-

354 4901 552 4968 nendis
595 4903 888 4968 veritatis
930 4905 1295 4970 interventu
1336 4905 1712 4992 responsuri
1727 4953 1746 4988 ,
1809 4924 1878 4968 se
1920 4923 2177 4990 quoque
2220 4902 2302 4968 de
2340 4914 2405 4969 et
2446 4929 2643 4994 super
2683 4907 3005 4974 nonnullis
3048 4933 3155 4976 ex-

357 5001 614 5068 cessibus
671 5023 788 5090 per
847 5023 958 5068 eos
1002 5005 1126 5079 (uti
1168 5004 1581 5070 vehementer
1621 5002 2059 5091 praesumitur
2100 5011 2163 5067 et
2206 5006 2595 5090 suspicatur)
2638 5011 3028 5096 perpetratis
3068 5009 3155 5074 le-

359 5101 546 5186 gitime
589 5123 670 5168 ac
713 5103 1020 5168 canonice
1060 5104 1488 5190 expurgaturi
1499 5153 1517 5187 ,
1561 5111 1672 5170 aut
1709 5123 1974 5190 poenas,
2022 5104 2079 5166 si
2120 5124 2189 5166 se
2232 5125 2429 5190 super
2470 5105 2834 5174 huiusmodi
2874 5111 3149 5174 excessi·
3170 5119 3239 5174 40

359 5197 456 5264 bus
501 5200 883 5267 obiiciendis
921 5201 1207 5288 legitime
1248 5224 1378 5267 non
1419 5197 1846 5290 purgaverint
1889 5211 2000 5267 aut
2037 5224 2321 5288 purgare
2362 5205 2804 5291 nequiverint,
2858 5208 3153 5274 effectua-

362 5294 478 5364 liter
513 5300 920 5387 persoluturi.
1001 5301 1306 5390 Alioquin
1365 5301 1540 5370 dicto
1596 5301 1932 5368 citacionis
1983 5303 2255 5368 termino
2310 5301 2550 5369 effluxo
2603 5304 2690 5371 ad
2734 5328 2951 5372 eorum
2996 5306 3155 5372 rele-

470 5417 898 5455 sururnumou
933 5419 1048 5456 nnn
1083 5419 1228 5457 οων.
1264 5419 1505 5457 nummo.
2783 5413 2821 5474 8
