4038 6358
769 649 847 713 38
1260 647 1428 696 Lehr-
1465 646 1572 695 und
1608 644 1976 709 Stundeuplan
2013 646 2095 697 fiir
2129 647 2235 699 alle
2268 647 2577 697 Facultateu
2619 663 2741 697 vom
2774 648 2941 699 Jahro
2986 653 3113 698 1⁵19

1258 866 1269 871 -
1355 825 1688 913 capitulis,
1745 848 1912 913 quae
1970 836 2121 892 sunt
2177 826 2353 892 facta
2392 836 2659 914 propter
2707 827 3001 894 diversas
3051 829 3390 915 opiniones
3435 854 3528 897 or-

1356 936 1458 990 tas
1506 927 1674 991 inter
1721 936 2258 992 commentatores
2302 927 2715 1013 antiquarum
2762 926 3200 994 decretalium.

1795 1075 2139 1142 Lectiones
2182 1075 2688 1165 pomeridianae.

820 1218 835 1229 ⁵
937 1194 1028 1258 In
1070 1195 1260 1259 iure
1304 1192 1542 1259 civili
1585 1193 1778 1258 hora
1822 1192 2182 1258 secunda
2222 1191 2334 1257 fiet
2372 1191 2566 1258 lectio

721 1302 755 1357 5
1108 1294 1318 1382 primo
1360 1315 1530 1357 anno
1570 1294 1639 1356 in
1685 1292 1897 1379 prima
1936 1300 2126 1379 parte
2166 1291 2539 1358 Inforciati:
2585 1291 2793 1358 soluto
2836 1292 3246 1358 matrimonio
3264 1342 3283 1376 ,
3346 1293 3427 1359 de
3466 1292 3624 1359 libe·

1272 1393 1364 1457 ris
1413 1400 1478 1456 et
1519 1391 1878 1478 posthumis
1900 1439 1918 1474 ‚
1962 1389 2044 1454 de
2089 1390 2349 1476 vulgari
2394 1400 2457 1456 et
2501 1390 2845 1479 pupillari,
2891 1390 2973 1459 de
3016 1392 3432 1477 acquirenda.

1109 1490 1390 1557 secundo
1443 1492 1514 1556 in
1570 1489 1855 1559 secunda
1896 1500 2085 1577 parte
2125 1490 2191 1554 ff.
2237 1492 2509 1556 veteris:
2571 1490 2653 1555 de
2707 1490 2901 1556 rebus
2959 1489 3257 1573 creditis,
3316 1491 3397 1556 de
3455 1493 3621 1557 iure·

1276 1589 1583 1673 iurand0‚
1631 1589 1711 1655 de
1753 1590 1823 1653 in
1863 1588 2044 1654 litem
2090 1589 2399 1674 iurando,
2467 1590 2548 1655 de
2587 1590 3011 1671 ‘condictione
3065 1588 3149 1654 ob
3203 1612 3496 1674 causam,
3538 1590 3621 1656 de

1274 1689 1681 1756 condictione
1723 1687 2012 1754 indebiti.

697 1799 761 1854 10
1113 1789 1306 1854 tertio
1346 1790 1415 1853 in
1457 1787 1742 1854 secunda
1783 1796 1972 1876 parte
2012 1789 2379 1855 Inforciati:
2423 1790 2504 1855 de
2549 1790 2783 1876 legatis
2829 1787 3264 1876 praestandis,
3310 1789 3392 1855 de
3435 1789 3629 1856 rebus

852 1887 869 1903 '
1277 1886 1529 1971 dubiis,
1585 1887 1667 1952 de
1709 1887 2186 1953 conditionibus
2239 1898 2303 1954 et
2347 1889 3036 1971 demonstrationibus,
3098 1887 3186 1953 ad
3224 1886 3431 1975 legem
3477 1890 3629 1955 Fal-

1277 1987 1517 2052 cidiam
1532 2036 1551 2070 ,
1595 1986 1683 2051 ad
1723 1995 1983 2053 senatus
2028 1987 2390 2054 consultum
2436 1988 2941 2054 Trebellianum.

1115 2089 1393 2174 quarto¹
1445 2086 1528 2153 de
1584 2088 1854 2181 crimine
1916 2087 2067 2153 falsi
2082 2138 2102 2172 ,
2162 2086 2244 2153 de
2283 2087 2661 2154 excessibus
2716 2087 3192 2176 praelatorum,
3243 2086 3327 2152 de
3367 2087 3631 2175 privile·

1275 2187 1436 2273 giis,
1480 2186 1561 2251 de
1603 2187 2019 2274 purgatione3
2077 2210 2287 2255 canon
2331 2187 2414 2254 de
2452 2189 2771 2252 sententia
2811 2188 3512 2253 excommunicationis.

696 2297 760 2352 15
946 2286 1048 2350 Ita
1103 2295 1174 2350 ut
1231 2284 1317 2350 ad
1372 2285 1878 2373 comparandam
1928 2296 2051 2351 utr.
2090 2288 2251 2353 iuris
2294 2288 2632 2353 scientiam
2673 2287 2834 2352 nihil
2888 2287 3082 2375 plane
3124 2286 3351 2352 deesse
3393 2288 3637 2374 poterit

782 2408 862 2451 ac
904 2383 1286 2451 desiderari.
1373 2385 1541 2449 Nam
1585 2394 1649 2449 et
1702 2386 2286 2452 institutiones
2327 2387 2599 2475 singulis
2642 2387 2831 2451 annis
2868 2384 3296 2473 legendaeet
3336 2408 3633 2476 praeser-

777 2486 944 2549 tim²
987 2493 1328 2568 quartus
1395 2482 1970 2550 decretalium.
2059 2485 2225 2550 Tres
2263 2484 2416 2551 libri
2460 2486 2513 2553 C
2562 2495 2625 2551 et
2666 2509 2863 2550 usus
2924 2483 3347 2551 feudorum
3397 2508 3540 2551 cum
3584 2509 3628 2551 a

780 2582 1157 2651 doctoribus
1196 2591 1331 2648 tum
1375 2605 1416 2648 a
1455 2583 1802 2649 licentiatis
1846 2592 1911 2648 et
1952 2583 2344 2650 bacculariis
2388 2585 2662 2652 subinde
2704 2587 3001 2651 enarrari
3045 2584 3276 2650 solent.

944 2682 1441 2770 Disputationes
1495 2682 1815 2749 habentur
1871 2681 2179 2771 deinceps
2224 2683 2495 2771 singulis
2538 2686 2706 2750 forte
2748 2683 3079 2751 mensibus
3123 2693 3187 2748 et
3228 2684 3296 2747 in
3338 2685 3635 2766 materia,

697 2792 767 2849 20
784 2804 952 2871 quae
992 2784 1060 2846 in
1100 2780 1374 2847 lectione
1406 2783 1802 2847 examussim
1854 2790 1955 2847 est
2004 2782 2317 2850 ventilata
2339 2833 2357 2866 ‚
2414 2807 2539 2871 quo
2601 2784 2973 2851 scholastici
3017 2780 3298 2849 studiosi
3341 2804 3413 2851 se
3452 2805 3636 2848 exer—

782 2904 930 2948 cere
970 2891 1272 2969 poterunt
1313 2881 1705 2948 felicissime.

1864 3049 2222 3099 FACULTAS
2266 3050 2549 3100 MEDICA.

948 3146 1143 3230 Quod
1192 3150 1599 3216 necessarius
1664 3152 1752 3217 sit
1799 3150 1867 3215 in
1917 3147 2081 3216 urbe
2137 3151 2383 3237 peritus
2425 3148 2746 3232 medicus,
2801 3171 2885 3216 ex
2927 3148 3054 3215 hoc
3096 3150 3416 3217 coniicere
3455 3149 3629 3232 lieet,

783 3250 957 3338 quod
998 3249 1332 3336 Augustus
1379 3250 1655 3333 Caesar,
1701 3252 1978 3320 caeteris
2002 3250 2029 3292 ³
2067 3251 2303 3315 artium
2344 3248 2720 3315 doctoribus
2764 3249 3088 3335 expulsis,
3131 3248 3305 3314 solos
3347 3248 3635 3314 medicos

698 3360 766 3417 25
786 3349 947 3416 urbe
1004 3348 1313 3431 detinuit,
1382 3349 1520 3415 sine
1589 3349 1823 3436 quibus
1875 3371 1995 3414 nec
2046 3349 2417 3435 respublica
2469 3371 2589 3414 nec
2651 3348 2784 3413 ulla
2833 3348 3161 3413 hominum
3213 3357 3395 3414 aetas
3448 3347 3632 3413 salva

784 3471 928 3518 esse
968 3458 1202 3565 potest.
1294 3446 1558 3514 Scilicet
1581 3450 1605 3491 ⁴
1645 3448 1736 3513 hii
1780 3448 2033 3514 civibus
2077 3450 2450 3531 sanitatem,
2509 3471 2639 3535 qua
2681 3446 2843 3516 nihil
2886 3457 2986 3513 est
3028 3449 3504 3535 praestantius,
3570 3456 3636 3511 et

788 3551 991 3618 animi
1029 3549 1323 3635 vigorem
1366 3546 1453 3613 ad
1497 3570 1687 3613 sacra
1724 3545 2127 3634 reipublicae
2171 3548 2390 3614 officia
2444 3545 2746 3613 obeunda
2781 3549 3166 3628 restituunt,
3222 3548 3362 3612 sine
3401 3545 3634 3632 quibus

788 3648 1033 3730 morbi,
1102 3646 1630 3713 truculentissimi
1700 3668 2045 3734 corporum
2091 3648 2343 3728 hostes,
2414 3650 2591 3718 cives
2664 3656 3092 3732 prosternunt.
3193 3645 3493 3733 Quippe,
3563 3655 3637 3710 ut

783 3750 996 3817 bonus
1038 3750 1393 3834 imperator
1437 3748 1614 3812 cives
1656 3747 1740 3812 ab
1781 3746 2077 3812 hostibus
2122 3748 2316 3833 eripit
2367 3757 2431 3812 et
2470 3746 2888 3812 insidiatores
2931 3746 3159 3832 abigit,
3201 3746 3296 3810 ita
3337 3744 3625 3814 medicus

707 3860 777 3917 30
798 3873 841 3915 a
878 3847 1078 3914 multo
1125 3846 1555 3911 atrocioribus
1597 3846 1916 3911 humanae
1972 3847 2271 3911 sanitatis
2331 3846 2629 3913 hostibus
2686 3847 2861 3911 cives
2926 3845 3162 3911 liberat
3217 3865 3456 3929 eosque
3507 3843 3640 3909 iam

787 3947 1200 4013 semianimes
1240 3967 1325 4010 ex
1366 3944 1661 4014 Plutonis
1701 3944 1998 4012 faucibus
2041 3947 2255 4033 eripit.
2339 3945 2551 4027 Adde,
2593 3946 2771 4033 quod
2812 3955 2876 4010 et
2918 3953 3119 4009 totam
3157 3941 3432 4008 Illiriam
3463 3942 3628 4031 Hip-

788 4054 1089 4135 pocrates
1130 4043 1419 4110 medicus
1464 4046 1723 4132 ignibus
1760 4067 1804 4110 a
1834 4045 2189 4131 pestilitate
2211 4044 2581 4111 vindicarit.
2604 4049 2630 4087 ⁵
2713 4043 2804 4110 Ut
2842 4053 3133 4110 nostrum
3176 4065 3430 4130 quoque
3457 4065 3639 4129 gym-

786 4145 1042 4212 nasium
1084 4143 1449 4211 huiusmodi
1490 4145 1779 4212 homines
1825 4145 2181 4232 proferret,
2235 4144 2707 4212 illustrissimus
2750 4145 3055 4232 princeps
3109 4164 3188 4207 ac
3248 4142 3386 4207 dux
3435 4139 3639 4207 Geor-

786 4248 953 4333 gius,
997 4252 1069 4309 ut
1110 4253 1282 4310 totus
1325 4244 1682 4310 medicinae
1724 4266 1950 4309 cursus
1992 4245 2273 4310 triennio
2318 4245 2601 4331 perfecte
2642 4244 3012 4325 doceretur,
3061 4241 3393 4307 ordinavit
3445 4240 3639 4306 modo

701 4356 769 4412 3⁵
790 4343 1186 4430 subscripto:

948 4441 1186 4524 Mane
1239 4442 1440 4508 hora
1493 4444 1836 4531 septima
1876 4444 1955 4508 in
2009 4442 2320 4528 hyeme,
2373 4443 2453 4507 in
2498 4451 2827 4508 aestate
2869 4463 3061 4508 vero
3101 4451 3343 4507 sexta
3384 4441 3639 4527 legetur

786 4565 1016 4609 cursus
1057 4540 1526 4612 medicinae
1568 4541 2032 4608 theoricae⁰
2073 4542 2480 4628 triennioque
2522 4540 2815 4606 finiatur:

927 4812 951 4863 1
990 4805 1103 4861 Die
1152 4803 1448 4876 folgenden
1491 4802 1641 4858 Titel
1683 4803 1926 4875 gehssren
1970 4802 2130 4858 nicht
2163 4802 2251 4858 ins
2284 4803 2370 4859 ius
2407 4802 2570 4859 civile
2583 4845 2597 4874 ,
2646 4804 2882 4859 sondern
2926 4802 2984 4857 in
3017 4803 3108 4858 die
3144 4800 3489 4857 Deci-etalem.
3553 4800 3641 4855 *Es

791 4890 1009 4947 scheint
1038 4888 1156 4944 also
1189 4888 1280 4943 ein
1319 4903 1527 4960 ganzer
1562 4886 1866 4942 Abschnitt
1898 4886 2244 4957 ausgefallen
2278 4904 2350 4942 zu
2386 4888 2521 4944 sein.

921 4979 954 5030 2
982 4973 1303 5044 praesentia
1333 4971 1528 5044 Vogel.
1835 4977 1866 5028 3
1902 4980 2134 5028 caetera.

923 5063 959 5112 4
992 5056 1212 5112 Anders
1243 5072 1471 5126 ver-mag
1503 5055 1599 5111 ich
1635 5057 1857 5129 Vogel’s
1889 5056 2279 5132 nachgemalte
2312 5056 2661 5128 Abkiirzung
2692 5054 2849 5110 nicht
2886 5053 3225 5112 aufzuliisen.

928 5145 960 5195 5
993 5139 1125 5210 Vgl.
1161 5139 1437 5196 Theriaca
1471 5140 1543 5195 ad
1576 5140 1831 5197 Pisonem
1857 5183 1872 5211 ‚
1907 5158 2033 5212 cap.
2072 5147 2150 5197 16.

935 5229 968 5280 6
1004 5223 1080 5280 So
1122 5224 1198 5279 ist
1247 5223 1618 5294 aeschrieben.
1705 5225 1833 5297 Vgl.
1889 5226 2190 5282 chamoam
2247 5225 2551 5279 mdia-inae
2608 5223 2899 5280 ordinarie
2958 5223 3136 5293 leym
3187 5220 3409 5277 Panzer
3448 5219 3643 5276 Anna-

784 5306 867 5364 les
897 5307 942 5363 1.
981 5312 1110 5376 400,
1145 5312 1225 5363 49.
1303 5306 1359 5363 S.
1395 5307 1539 5362 auch
1574 5307 1716 5364 oben
1756 5313 1847 5377 37,
1886 5314 1951 5366 29
1986 5308 2248 5366 theorica.
