4038 6358
872 635 992 704 418
1816 610 1817 613 ¹
1846 636 1950 688 Die
1985 633 2423 701 philosophische
2454 632 2712 688 Facultfit.

875 818 1223 885 dicamenti
1250 818 1560 882 terminus
1590 818 1858 906 quisque
1887 820 2258 906 propositus
2283 821 2386 901 sit,
2427 829 2491 885 et
2534 818 2682 902 alia,
2728 839 2893 903 quae
2934 815 3303 882 huiusmodi
3347 817 3709 884 considera-

875 919 1079 983 cionis
1113 925 1262 981 sunt
1285 916 1636 1003 generalia,
1666 918 2054 1005 generaliter
2080 920 2391 984 senciunt.
2451 918 2592 983 Hos
2628 926 2847 983 autem
2879 925 3141 1002 reputat
3167 916 3443 982 facultas
3466 920 3532 983 in
3560 918 3710 983 aliis

880 1025 1314 1105 competenter
1348 1039 1418 1081 se
1444 1015 1704 1102 habere,
1750 1020 1861 1107 qui
1901 1018 2149 1107 aliquid
2191 1018 2272 1084 de
2312 1017 2724 1106 generalibus
2765 1018 2834 1082 in
2877 1015 3005 1081 hiis
3051 1016 3363 1098 sencinnt,
3404 1018 3492 1081 ita
3529 1018 3709 1105 quod

876 1118 1321 1203 ignoranciam
1378 1118 1750 1202 negacionis
1810 1120 2070 1184 omnino
2122 1140 2251 1183 non
2307 1117 2624 1200 habeant,
2667 1127 2731 1181 et
2784 1118 3137 1203 praecipue
3177 1116 3247 1181 in
3289 1138 3459 1181 nova
3492 1115 3705 1203 loyca,

795 1223 826 1281 5
882 1215 1040 1304 quid
1077 1214 1465 1302 silogismus,
1504 1216 1735 1283 modus
1766 1227 1833 1284 et
1870 1218 2082 1304 figura
2109 1221 2213 1301 sit,
2258 1227 2323 1283 et
2363 1215 2714 1283 secundum
2757 1215 3050 1282 diversos
3094 1214 3322 1280 modos
3368 1225 3432 1280 et
3466 1216 3712 1303 figuras

878 1313 1359 1401 silogismorum
1411 1315 1837 1381 formaciones
1849 1367 1868 1401 ‚
1925 1326 1987 1382 et
2033 1339 2258 1382 eorum
2299 1315 2716 1381 reducciones
2731 1364 2751 1399 ,
2796 1324 2859 1380 et
2910 1313 3299 1401 generaliter
3343 1313 3501 1398 alia,
3543 1338 3712 1403 quae

875 1413 1065 1479 huius
1096 1413 1642 1480 consideracionis
1672 1425 1838 1500 sunt,
1880 1426 1954 1482 ut
1996 1416 2262 1500 scilicet,
2305 1414 2463 1503 quid
2503 1414 2789 1480 inductio
2833 1414 3194 1479 enthimera
3232 1422 3299 1478 et
3343 1414 3708 1502 exemplum

885 1513 991 1596 sit,
1035 1522 1469 1600 competenter
1508 1515 2023 1603 generaliterque
2060 1515 2446 1601 intelligunt,
2491 1523 2556 1580 et
2595 1514 2876 1579 formare
2915 1514 2984 1578 in
3027 1514 3118 1578 eis
3165 1512 3518 1600 exempla.¹

1042 1611 1299 1679 Placuit
1327 1613 1532 1678 eciam
1560 1636 1636 1680 eo
1679 1623 1832 1680 tunc
1871 1614 2165 1681 facultati
2210 1613 2634 1696 concorditer,
2675 1612 2847 1702 quod
2885 1610 3155 1698 quilibet
3192 1611 3476 1678 decanus
3512 1612 3711 1678 facul-

799 1721 864 1777 10
882 1712 1036 1776 tatis
1095 1713 1341 1776 arcium
1354 1761 1373 1794 ‚
1418 1714 1627 1779 eciam
1679 1714 1748 1778 in
1800 1713 2085 1780 futurum
2140 1712 2476 1801 eligendus
2493 1763 2510 1797 ,
2556 1736 2637 1779 ex
2682 1710 2898 1777 debito
2940 1712 3043 1775 sui
3086 1710 3284 1775 officii
3325 1720 3393 1776 et
3433 1735 3544 1777 suo
3593 1712 3711 1778 sub

878 1811 1237 1875 iuramento
1275 1809 1401 1877 hoc
1441 1822 1754 1881 stamtum
1799 1824 2214 1881 manutenere
2257 1824 2322 1879 et
2364 1812 2638 1900 singulis
2679 1810 3079 1897 temporibus
3118 1812 3609 1898 temptaminum
3652 1823 3714 1878 et

885 1910 1256 1975 examinum
1302 1913 1669 1998 practicare
1714 1914 1800 1978 sit
1842 1915 2167 1980 astrictus.
2707 1902 2712 1909 ⁸

1046 2166 1359 2227 Hier-nacla
1413 2187 1529 2227 von
1572 2170 1682 2227 der
1722 2171 1919 2231 Hand
1969 2171 2073 2227 des
2120 2165 2368 2226 Com-ad
2408 2165 2826 2239 Schomborch,
2884 2167 3093 2226 Decan
3138 2169 3372 2238 1477,
3311 2174 3342 2203 ⁸
3428 2165 3552 2223 eine
3601 2186 3707 2224 we-

881 2265 1160 2327 sentlicke
1217 2267 1581 2345 Aenderuny
1637 2271 1740 2328 des
1797 2270 2157 2330 Wortlautes
2211 2269 2313 2326 des
2369 2266 2448 2325 im
2504 2268 3022 2343 voransqelaenden
3069 2265 3305 2344 Capitol
3344 2266 3710 2331 επιὸαῑιεπεπ

800 2370 864 2424 15
881 2365 1080 2423 Eides.

960 2515 1019 2577 2.
1077 2506 1201 2598 [Bl.
1234 2517 1307 2579 21
1323 2510 1376 2599 ⁸]
1431 2530 1890 2580 mammon
1946 2531 2424 2581 sunscmp‘ruu
2472 2529 2725 2578 mmm
2767 2528 3046 2576 Dnsmwr
3096 2528 3634 2578 ammons-s

1659 2630 1917 2679 s‘rA'rm
1955 2631 2134 2680 Pos'r
2177 2631 2422 2680 nomm
2469 2627 2939 2678 Ensc'rmmffl.

1052 2758 1241 2847 „Ego
1272 2761 1368 2826 ..N
1407 2761 1571 2844 iuro,
1616 2760 1847 2849 quod'
1828 2785 1898 2827 m
1941 2773 2134 2827 antea
2176 2761 2258 2827 de
2297 2761 2613 2827 faciendis
2652 2783 2772 2849 per
2812 2782 2916 2823 me
2960 2781 3085 2845 quo
3126 2757 3216 2823 ad
3258 2759 3707 2826 admissionem

886 2857 993 2924 vel
1034 2861 1450 2925 reiectionem
1490 2862 1896 2948 temptamini
1937 2860 2044 2927 vel
2104 2862 2387 2926 examini
2446 2884 2616 2927 nunc
2670 2882 2740 2926 se
2793 2857 3345 2943 submittendum,
3392 2882 3582 2948 quem
3620 2858 3714 2924 vel

807 2966 877 3024 20
895 2979 1055 3046 quos
1083 2980 1205 3046 ego
1237 2958 1578 3025 admittere
1614 2960 1720 3024 vel
1760 2962 2005 3026 reicere
2045 2936 2271 3044 velim,
2305 2960 2527 3047 quales
2568 2961 2775 3026 eciam
2818 2959 2945 3045 ipsi
2986 2956 3182 3021 michi
3221 2957 3328 3024 vel
3370 2963 3534 3025 meis
3575 2982 3711 3025 exa·

889 3058 1316 3124 minatoribus
1375 3058 1669 3124 dederint
1726 3062 2216 3147 responsiones,
2272 3069 2422 3125 ante
2472 3058 2781 3124 iudicium
2799 3107 2818 3141 ‚
2875 3057 2955 3122 de
3005 3056 3120 3122 tali
3173 3057 3278 3123 vel
3332 3059 3606 3143 talibus,

885 3159 1305 3247 temptamine
1346 3156 1452 3224 vel
1496 3160 1796 3224 examine
1855 3161 2200 3226 constituto
2244 3156 2350 3225 vel
2403 3158 2769 3226 constitutis
2786 3208 2805 3241 ‚
2859 3158 3043 3223 iuxta
3096 3156 3426 3224 facultatis
3483 3159 3713 3224 arcium

888 3257 1417 3323 consuetudinem
1456 3258 1698 3323 factum
1741 3267 1804 3324 et
1846 3259 2236 3347 completum
2249 3308 2267 3342 ‚
2309 3257 2555 3324 nullum
2596 3260 2854 3346 penitus
2896 3258 3253 3323 certificare
3306 3267 3419 3325 aut
3475 3258 3557 3323 de
3603 3257 3714 3323 hoc

893 3377 1115 3422 coram
1160 3356 1375 3444 aliquo
1417 3366 1729 3423 extraneo
1772 3367 1885 3424 aut
1926 3359 2133 3424 eciam
2174 3381 2255 3423 ex
2300 3358 2498 3423 michi
2540 3356 2984 3443 condeputatis
3028 3356 3587 3423 examinatoribus
3622 3376 3713 3420 me

804 3463 871 3520 25
891 3454 1248 3539 resolvere,
1295 3457 1660 3543 praemissa
1701 3466 1919 3522 tamen
1964 3456 2460 3526 interlocucione
2510 3453 2798 3543 generali
2855 3455 2936 3520 de
2991 3457 3543 3541 circumstanciis‚
3592 3465 3713 3521 tam

887 3575 1014 3639 quo
1059 3554 1146 3619 ad
1193 3578 1405 3622 mores
1450 3579 1646 3644 quam
1703 3558 2015 3622 sciencias
2074 3578 2501 3644 personarum
2554 3562 2618 3619 et
2670 3557 2843 3619 vitae
2883 3556 3218 3639 meritum,
3273 3578 3394 3622 nec
3450 3555 3712 3641 aliquem

895 3675 979 3719 ex
1007 3652 1139 3719 illis
1178 3656 1246 3720 in
1287 3656 1712 3743 praescriptis
1750 3655 1837 3721 ad
1880 3679 1949 3722 se
1990 3655 2445 3721 resolvendum
2488 3653 2814 3735 inducere,
2859 3653 2973 3718 sed
3018 3653 3370 3720 secundum
3402 3653 3713 3720 facultatis

892 3754 1142 3818 arcium
1184 3763 1429 3820 statuta
1464 3753 1702 3842 'dignos
1747 3754 2126 3842 simpliciter
2181 3753 2523 3820 admittere
2566 3762 2630 3818 et
2669 3752 2969 3839 indignos
3027 3753 3409 3841 simpliciter
3463 3755 3711 3833 reicere,

895 3863 960 3917 et
1004 3862 1155 3939 post
1194 3853 1544 3936 iudicium,
1587 3876 1705 3941 per
1747 3876 1851 3919 me
1891 3864 1955 3919 et
1996 3853 2160 3920 alios
2201 3854 2441 3919 factum
2459 3902 2477 3936 ‚
2521 3851 2681 3941 quid
2724 3873 2843 3937 ego
2887 3861 3001 3916 aut
3042 3851 3276 3940 aliquis
3319 3853 3712 3918 coexamina·

807 3960 877 4017 30
897 3960 1110 4017 torum
1142 3974 1431 4018 meorum
1464 3952 1827 4035 fecerimus,
1866 3952 2027 4019 nulli
2067 3952 2361 4020 revelare
2401 3950 2572 4019 volo,
2658 3950 2768 4016 Sic
2807 3972 2911 4016 me
2956 3949 3113 4017 deus
3156 3951 3423 4017 adiuvet
3465 3964 3532 4018 et
3571 3951 3712 4017 haee

892 4059 1120 4118 sancta
1166 4051 1271 4116 dei
1314 4050 1684 4137 ewangelia.
1691 4052 1732 4087 “

1057 4150 1149 4216 Et
1189 4150 1278 4217 ad
1320 4149 1494 4216 idem
1532 4160 1787 4217 tenetur
1830 4119 2112 4218 decanus
2158 4160 2224 4238 et
2265 4150 2833 4217 vicecancellarius
2874 4151 3200 4216 facultatis
3242 4151 3519 4216 arcium.

1064 4442 1254 4500 Dama
1318 4460 1434 4500 von
1503 4442 1612 4500 der
1685 4442 1881 4501 Hand
1946 4444 2050 4501 des
2117 4443 2420 4501 Iohannes
2475 4443 2722 4501 Brandt
2783 4444 2856 4501 de
2910 4441 3275 4521 Rott‘nburq,
3337 4445 3450 4502 der
3524 4436 3708 4508 1482*

889 4540 1102 4599 Decem
1141 4560 1291 4599 war.

807 4692 948 4755 353.
996 4703 1371 4754 STATUTUM
1410 4703 1808 4754 RESPICIENS
1865 4704 2253 4755 MAGISTBOS
2293 4705 2383 4753 ET
2426 4703 2896 4754 BACCALABIOS
2934 4705 3241 4758 amalum
3281 4705 3707 4755 Umvmzsru·

1377 4804 1524 4851 TUM
1566 4801 1925 4852 PETENTES
1965 4804 2264 4854 assum
2303 4805 2397 4852 AD
2440 4804 2757 4854 GREMIUM
2795 4804 3246 4854 FAOULTATIS.

1062 4936 1250 5001 Anno
1317 4934 1557 5001 domini
1624 4935 3328 5025 millesimoquadringentesimooctuagesimosecundo
3389 4939 3497 5003 die
3549 4937 3706 5003 Mar·

892 5036 1014 5118 tis,
1059 5034 1311 5101 decima
1368 5037 1609 5102 mensis
1663 5035 2051 5102 Decembris
2111 5040 2301 5112 (1482
2341 5043 2398 5102 d.
2447 5044 2539 5106 10.
2582 5041 2955 5121 December),
3008 5038 3183 5103 facta
3220 5037 3415 5124 plena
3458 5059 3707 5126 congre-

894 5136 1157 5221 gatione
1230 5137 1687 5221 magistrorum
1767 5136 1847 5201 de
1914 5135 2180 5201 consilio
2250 5136 2575 5202 facultatis
2640 5139 2882 5202 arcium
2947 5137 3068 5202 sub
3135 5136 3353 5203 debito
3426 5136 3708 5224 praestiti

1066 5305 1089 5356 1
1134 5299 1241 5356 Die
1274 5300 1471 5357 Worte
1504 5309 1553 5355 et
1571 5306 1834 5371 scrutare
1866 5303 1927 5356 in
1960 5303 2041 5356 eis
2072 5302 2316 5374 ampla
2352 5302 2474 5358 sind
2507 5302 2935 5375 nachgetragen.
