4038 6358
1030 626 1198 678 Dritte
1234 627 1772 690 Statutenredaction‚
1807 641 1915 678 von
1953 625 2332 682 nub-1490.
2989 626 3111 691 419

153 805 610 874 iuramenti
632 858 655 893 ,
725 810 880 897 quia
941 808 1254 896 praefatis
1317 810 1648 897 magistris
1725 817 2003 896 protunc
2060 812 2531 881 rationabiliter
2600 810 2816 874 visum
2879 806 3109 888 fuerat,

155 905 644 994 plerumque
687 931 830 974 esse
873 917 938 973 et
986 909 1126 974 fore
1175 932 1304 974 non
1359 931 1593 996 parum
1656 908 2122 996 praeiudiciale
2175 911 2312 976 fere
2377 909 2671 980 omnibus
2690 958 2707 990 ,
2762 907 3116 993 praecipue

159 1015 430 1071 tamen
501 1007 898 1075 iunioribus
950 1005 1138 1072 huius
1189 1017 1450 1074 nostrae
1512 1008 1721 1074 almae
1777 1011 2219 1076 universitatis
2264 1011 2631 1098 magistris,
2678 1008 3113 1092 cuiuscunque

164 1108 416 1170 eciam
467 1108 793 1173 nationis
837 1107 1186 1197 extiterint,
1227 1109 1576 1194 magistros
1604 1102 1908 1173 videlicet
1947 1107 2220 1176 aliarum
2255 1112 2779 1189 universitatum,
2824 1103 2909 1170 ad
2944 1104 3114 1169 hanc

169 1207 434 1293 ipsam
475 1218 808 1273 nostram
835 1206 1254 1293 Liptzensem
1295 1208 1786 1273 universitatem
1832 1207 2245 1295 confluentes,
2292 1209 2641 1277 admodum
2687 1206 2767 1271 de
2809 1203 2988 1269 facili
3031 1225 3110 1267 ac
3164 1210 3196 1266 5

173 1306 398 1392 quasi
440 1305 560 1370 ad
601 1305 808 1373 solam
835 1307 1206 1393 petitionem
1234 1307 1542 1393 ipsorum,
1571 1309 1710 1372 vita
1753 1331 1880 1372 sew
1926 1309 2214 1375 moribus
2257 1310 2544 1376 nondum
2588 1307 2882 1393 cognitiS,
2921 1301 3116 1367 nullis

180 1406 430 1470 eciam
509 1407 844 1493 expensis
865 1455 883 1489 ,
925 1404 1159 1492 quibus
1217 1409 1422 1471 nostri
1474 1407 1908 1494 magistrandi
1967 1411 2330 1496 magisterii
2381 1421 2675 1495 tempore
2733 1411 3113 1492 gravantur,

191 1503 684 1589 praehabitis
729 1514 841 1570 aut
865 1506 1087 1587 factis,
1128 1505 1215 1570 ad
1255 1507 1743 1592 responsionem
1783 1529 1904 1594 pro
1943 1504 2085 1574 loco
2130 1508 2471 1575 admittere
2514 1530 2591 1573 ac
2632 1503 2899 1571 tandem
2939 1502 3118 1589 ipsos

190 1603 286 1668 ad
331 1603 779 1669 facultatem
824 1626 1240 1670 assummere.
1337 1602 1620 1693 Ideoque
1678 1615 1830 1671 tunc
1886 1629 2005 1694 per
2058 1609 2428 1696 praedictos
2480 1605 2812 1673 facultatis
2871 1604 3118 1668 arcium

189 1705 620 1788 magistros
662 1703 1087 1786 concorditer,
1133 1702 1434 1790 nulloque
1458 1705 1958 1790 contradicente,
2001 1731 2134 1774 non
2174 1710 2311 1774 sine
2352 1704 2852 1775 rationabilibus
2896 1700 3109 1767 causis
3134 1706 3195 1762 10

203 1802 652 1869 conclusum
681 1812 746 1868 et
789 1812 1100 1868 statutum
1139 1804 1261 1868 fuit
1303 1814 1368 1869 et
1406 1812 1536 1870 est:
1581 1805 1758 1893 quod
1797 1808 2109 1894 magister
2150 1807 2415 1874 alterius
2452 1807 2915 1886 universitatis,
2959 1800 3119 1866 Ger-

197 1905 514 1970 maniae
569 1902 808 1970 saltem
821 1951 844 1985 ,
885 1901 974 1968 ad
1013 1913 1302 1968 nostram
1341 1906 1829 1971 universitatem
1871 1906 2071 1972 studii
2130 1929 2331 1973 causa
2386 1906 2719 1973 confluens
2733 1955 2752 1988 ,
2812 1903 3119 1986 deinceps

207 2003 302 2067 ad
350 2004 894 2092 responsionem
937 2022 1056 2090 pro
1115 2001 1257 2069 loco
1315 2027 1442 2069 non
1501 2004 1878 2070 admittatur
1921 2014 2033 2072 aut
2085 2017 2235 2094 post
2287 2007 2779 2095 responsionem
2834 2020 3119 2068 assuma-

205 2113 345 2185 tur,
409 2103 577 2168 nisi
633 2103 816 2190 prius
881 2100 970 2166 ad
1021 2125 1217 2167 unum
1269 2103 1593 2190 integrum
1653 2128 1890 2170 annum
1946 2106 2014 2170 in
2058 2108 2197 2172 vita
2256 2116 2322 2172 et
2377 2105 2667 2172 moribus
2722 2101 3118 2169 sufficienter

219 2201 621 2288 probetur,
654 2225 781 2290 quo
813 2200 1218 2289 probationis
1248 2225 1416 2267 anno
1449 2201 1635 2290 lapso
1666 2203 2081 2291 moribusque
2113 2206 2320 2292 ipsius
2353 2228 2474 2294 per
2515 2205 2862 2290 magistros
2907 2200 3121 2265 dictae
3148 2204 3206 2260 15

217 2300 604 2366 facultatis
648 2298 1120 2389 comprobatis,
1166 2300 1251 2365 ad
1293 2303 1780 2388 responsionem
1827 2306 2014 2368 unius
2068 2305 2308 2391 integri
2367 2302 2497 2370 diei
2556 2303 2954 2381 admittatur,
2999 2317 3127 2384 qua

230 2400 608 2487 completa
651 2398 842 2466 debet
885 2422 1029 2465 esse
1073 2401 1376 2469 astrictus
1419 2401 1505 2466 ad
1548 2401 1915 2468 faciendum
1972 2403 2273 2470 omnibus
2332 2404 2663 2490 magistris
2705 2403 2774 2466 in
2818 2400 2992 2464 dicta
3029 2396 3123 2463 fa-

227 2499 502 2566 cultate
540 2501 797 2566 arcium
823 2511 974 2566 actu
997 2500 1371 2587 regentibus
1415 2501 1749 2568 honestam
1789 2501 2204 2569 refectionem
2250 2525 2363 2569 seu
2398 2499 2749 2591 prandium
2790 2508 2903 2566 aut
2945 2495 3127 2562 dabit

239 2619 290 2664 x
335 2601 736 2682 florenos3¹
801 2609 1182 2688 tantumque
1237 2601 1560 2666 tenebitur
1622 2624 1742 2688 pro
1795 2601 1952 2668 fisco
2012 2601 2304 2667 eiusdem
2358 2601 2688 2668 facultatis
2738 2598 3128 2687 expendere,

237 2709 591 2786 quantum
647 2703 882 2784 nostri,
939 2701 1301 2787 magisterii
1366 2699 1620 2786 apicem
1684 2703 1976 2767 nancisci
2047 2703 2409 2789 cupientes,
2472 2700 2841 2789 expendere
2902 2697 3124 2764 solent.
3143 2703 3212 2760 20

251 2799 567 2886 Insuper
631 2799 849 2864 iurare
912 2799 1263 2882 tenebitur,
1318 2798 1491 2885 quod
1551 2800 1635 2864 sit
1687 2799 1972 2887 legitime
2027 2813 2253 2887 natus;
2320 2802 2452 2868 alia
2494 2803 2700 2867 eciam
2742 2800 3126 2881 iuramenta,

245 2897 765 2985 magistrandos
817 2907 1078 2964 nostros
1131 2899 1592 2986 respiciencia,
1647 2899 1776 2966 illis
1825 2909 2078 2968 tannim
2146 2901 2445 2988 seclusis,
2504 2919 2671 2989 quae
2732 2907 3130 2986 temptamen

247 3007 460 3084 atque
513 3019 795 3063 examen
838 3009 1249 3082 concernunt,
1291 2996 1552 3064 iurabit.

341 3224 402 3282 4.
454 3211 588 3303 [Bl.
623 3219 696 3281 21
719 3210 772 3302 ¹²]
819 3232 1191 3313 summu
1233 3231 1636 3282 nnsrmmns
1675 3234 2162 3284 nAccALARmM
2204 3238 2299 3285 ms
2341 3238 2501 3287 Anu
2542 3234 3048 3286 umvsssrra‘rn

1463 3332 1948 3383 assummum.
3146 3324 3213 3381 25

448 3483 626 3549 Item
681 3504 806 3569 quo
867 3481 955 3547 ad
1009 3480 1416 3548 baccalarios
1473 3480 1749 3547 aliarum
1811 3484 2337 3568 universitatum,
2382 3485 2536 3573 quia
2590 3480 2943 3548 baccalarii
2994 3504 3129 3548 sco-

273 3580 450 3647 lares
500 3604 650 3647 esse
693 3592 1051 3664 censentur,
1091 3604 1225 3648 non
1278 3582 1668 3670 recipientes
1712 3580 2141 3649 emolumenta
2180 3585 2623 3649 universitatis
2675 3582 2792 3649 sed
2833 3580 3129 3650 substan*

277 3682 452 3746 ciam
511 3702 744 3748 eorum
796 3682 1000 3745 instar
1051 3691 1420 3748 nostrorum
1483 3684 1968 3769 suppositorum
2032 3693 2544 3751 consummentes
2560 3732 2578 3766 ,
2635 3692 2942 3747 statutum
3009 3700 3129 3768 pro

272 3790 428 3846 tunc
457 3782 608 3865 fuit,
650 3778 821 3867 quod
867 3778 1274 3847 baccalarius
1318 3780 1584 3847 alterius
1623 3782 2089 3865 universitatis,
2135 3783 2190 3847 si
2229 3782 2380 3850 talis
2421 3782 2635 3867 fuerit,
2676 3781 2850 3870 quod
2889 3782 2958 3845 in
3001 3780 3132 3846 alia

279 3881 707 3946 universitate
749 3881 817 3945 in
862 3888 995 3945 toto
1032 3878 1139 3944 vel
1185 3882 1372 3968 quasi
1415 3882 1482 3943 in
1523 3888 1656 3945 toto
1702 3902 1820 3967 pro
1865 3881 2245 3966 magisterio
2290 3882 2749 3969 compleverit,
2772 3891 2997 3969 petens
3041 3880 3127 3946 ad
3147 3890 3215 3946 30

280 3982 776 4067 responsionem
820 3978 1075 4045 admitti
1134 4000 1211 4043 ac
1270 3978 1356 4044 ad
1397 3979 1769 4044 facultatem
1809 3989 2078 4045 nostrae
2126 3982 2568 4046 universitatis
2630 3983 2939 4046 assummi
2952 4030 2971 4063 ,
3026 3980 3131 4045 de-

287 4077 475 4146 bebit
503 4088 571 4146 et
592 4079 916 4145 tenebitur
957 4100 1078 4166 pro
1127 4077 1355 4143 solatio
1405 4080 1868 4165 magistrorum
1916 4079 1997 4144 de
2040 4077 2310 4146 consilio
2355 4079 2767 4167 saepedictae
2805 4078 3133 4144 facultatis

295 4182 547 4247 arcium
590 4190 720 4245 tres
755 4179 1035 4245 florenos
1074 4177 1365 4243 rinenses
1408 4174 1565 4243 dare
1609 4178 2155 4267 effectualiterque
2199 4178 2591 4267 persolvere.
2678 4178 2749 4244 Si
2785 4202 2941 4245 vero
2982 4176 3132 4243 talis

294 4282 601 4361 extiterit,
619 4326 628 4335 .
647 4278 820 4367 quod
861 4280 930 4343 in
975 4276 1106 4343 alia
1149 4278 1571 4342 universitate
1614 4302 1846 4366 parum
1891 4288 2005 4346 aut
2049 4279 2245 4345 nichil
2285 4301 2406 4366 pro
2449 4280 2826 4366 magisterio
2859 4278 3133 4366 comple-

289 4376 483 4463 verit,
542 4400 663 4466 pro
717 4378 1157 4465 praefatorum
1211 4378 1668 4462 magistrorum
1723 4378 2035 4444 solamine
2092 4378 2255 4445 duos
2309 4377 2589 4444 florenos
2644 4380 2935 4444 rinenses
2986 4400 3131 4443 cum
3148 4388 3213 4442 35

294 4476 520 4543 effectu
576 4478 951 4566 expendere
1006 4476 1365 4561 tenebitur,
1426 4475 1770 4563 utrobique
1810 4479 2127 4565 peccunia
2166 4500 2287 4565 pro
2327 4478 2485 4544 fisco
2531 4475 2895 4543 antedictae
2936 4476 3133 4543 facul·

295 4580 440 4643 tatis
471 4580 721 4643 arcium
763 4588 827 4644 et
865 4580 1118 4666 signeto
1164 4576 1384 4643 debita
1424 4598 1683 4663 semper
1723 4575 1924 4661 salva,
1964 4578 2091 4642 nisi
2134 4579 2341 4664 ipsius
2386 4574 2825 4643 assummendi
2868 4577 3133 4643 evidens

298 4674 581 4744 obstaret
620 4688 995 4766 paupertas.
1079 4676 1395 4784 Pimissio
1453 4686 1669 4741 tamen
1727 4698 1856 4741 sew
1918 4678 2261 4743 minoratio
2304 4677 2408 4743 vel
2464 4680 2713 4743 taxatio
2766 4676 3131 4743 huiusmodi

299 4778 645 4859 peccuniae
687 4780 757 4842 in
799 4785 935 4843 toto
976 4775 1082 4841 vel
1125 4780 1194 4840 in
1237 4788 1425 4865 parte
1469 4799 1590 4863 pro
1634 4774 1947 4863 qualitate
1990 4800 2120 4841 sew
2164 4777 2539 4845 differencia
2568 4776 2963 4863 opulenciae,
3005 4800 3134 4842 me-

302 4871 650 4943 diocritatis
694 4899 810 4943 seu
848 4878 1254 4963 paupertatis
1293 4898 1550 4963 semper
1595 4874 1712 4940 sub
1750 4871 2025 4940 arbitrio
2068 4874 2469 4962 praelibatae
2509 4876 2837 4942 facultatis
2882 4878 3131 4942 arcium
3150 4886 3219 4941 40

302 4972 511 5043 claudi
554 4974 748 5043 debet
785 4997 866 5042 ac
907 4976 1239 5041 contineri.

309 5305 439 5363 selu-i
465 5224 648 5364 {nme
691 5224 886 5283 Worte
934 5232 1031 5279 ane
1063 5223 1164 5279 ‘bis
1199 5224 1444 5293 florenos
1494 5225 1616 5280 sind
1669 5244 1776 5281 von
1825 5228 2073 5295 spaterer
2123 5224 2291 5279 Hand
2353 5224 2622 5280 zwischen
2668 5225 2761 5281 die
2808 5225 2995 5281 Zeilen
3039 5243 3131 5299 ge-

439 5324 472 5364 e
541 5326 594 5364 n.

2678 5398 2797 5463 27*
