<?xml version="1.0" encoding="UTF-8"?>
<!DOCTYPE html PUBLIC "-//W3C//DTD XHTML 1.0 Transitional//EN"
    "http://www.w3.org/TR/xhtml1/DTD/xhtml1-transitional.dtd">
<html xmlns="http://www.w3.org/1999/xhtml" xml:lang="en" lang="en">
 <head>
  <title>
</title>
<meta http-equiv="Content-Type" content="text/html;charset=utf-8" />
  <meta name='ocr-system' content='tesseract 3.04.00' />
  <meta name='ocr-capabilities' content='ocr_page ocr_carea ocr_par ocr_line ocrx_word'/>
</head>
<body>
  <div class='ocr_page' id='page_1' title='image "./diestatutenbche02leipgoog_0273.png"; bbox 0 0 4038 6358; ppageno 0'>
   <div class='ocr_carea' id='block_1_1' title="bbox 1414 676 3199 745">
    <p class='ocr_par' dir='ltr' id='par_1_1' title="bbox 1414 676 3199 745">
     <span class='ocr_line' id='line_1_1' title="bbox 1414 676 3199 745; baseline 0.01 -18"><span class='ocrx_word' id='word_1_1' title='bbox 1414 678 1518 728; x_wconf 73' lang='lat' dir='ltr'><strong>nie</strong></span> <span class='ocrx_word' id='word_1_2' title='bbox 1553 676 1793 731; x_wconf 64' lang='lat' dir='ltr'><strong>samen</strong></span> <span class='ocrx_word' id='word_1_3' title='bbox 1830 691 1938 730; x_wconf 79' lang='lat' dir='ltr'><strong>von</strong></span> <span class='ocrx_word' id='word_1_4' title='bbox 1976 678 2124 730; x_wconf 77' lang='lat'><strong>1554.</strong></span> <span class='ocrx_word' id='word_1_5' title='bbox 3076 681 3199 745; x_wconf 82' lang='lat'><strong>257</strong></span> 
     </span>
    </p>
   </div>
   <div class='ocr_carea' id='block_1_2' title="bbox 1286 908 2256 1080">
    <p class='ocr_par' dir='ltr' id='par_1_2' title="bbox 1286 908 2256 1080">
     <span class='ocr_line' id='line_1_2' title="bbox 1286 908 2256 958; baseline 0.002 -2"><span class='ocrx_word' id='word_1_6' title='bbox 1286 908 1381 956; x_wconf 80' lang='lat' dir='ltr'><strong>DE</strong></span> <span class='ocrx_word' id='word_1_7' title='bbox 1423 908 1852 958; x_wconf 76' lang='lat' dir='ltr'>ABSENTIBUS</span> <span class='ocrx_word' id='word_1_8' title='bbox 1896 909 2256 958; x_wconf 82' lang='lat' dir='ltr'>COLLEGIS.</span> 
     </span>
     <span class='ocr_line' id='line_1_3' title="bbox 1507 1027 2063 1080; baseline 0.005 -4"><span class='ocrx_word' id='word_1_9' title='bbox 1507 1027 1851 1080; x_wconf 72' lang='lat' dir='ltr'><strong>statutum</strong></span> <span class='ocrx_word' id='word_1_10' title='bbox 1884 1028 2063 1080; x_wconf 84' lang='lat' dir='ltr'>XIII.</span> 
     </span>
    </p>
   </div>
   <div class='ocr_carea' id='block_1_3' title="bbox 320 1137 3293 2416">
    <p class='ocr_par' dir='ltr' id='par_1_3' title="bbox 320 1137 3293 2416">
     <span class='ocr_line' id='line_1_4' title="bbox 506 1137 3205 1226; baseline 0.003 -24"><span class='ocrx_word' id='word_1_11' title='bbox 506 1137 615 1202; x_wconf 82' lang='lat' dir='ltr'><strong>Ad</strong></span> <span class='ocrx_word' id='word_1_12' title='bbox 658 1137 906 1226; x_wconf 78' lang='lat' dir='ltr'><strong>aliquot</strong></span> <span class='ocrx_word' id='word_1_13' title='bbox 948 1138 1109 1220; x_wconf 88' lang='lat' dir='ltr'><strong>dies,</strong></span> <span class='ocrx_word' id='word_1_14' title='bbox 1165 1138 1611 1208; x_wconf 88' lang='lat' dir='ltr'><strong>hebdomadas</strong></span> <span class='ocrx_word' id='word_1_15' title='bbox 1655 1152 1720 1207; x_wconf 92' lang='lat' dir='ltr'><strong>et</strong></span> <span class='ocrx_word' id='word_1_16' title='bbox 1759 1164 2013 1208; x_wconf 88' lang='lat' dir='ltr'><strong>menses</strong></span> <span class='ocrx_word' id='word_1_17' title='bbox 2073 1140 2337 1207; x_wconf 79' lang='lat' dir='ltr'><strong>cuilibet</strong></span> <span class='ocrx_word' id='word_1_18' title='bbox 2395 1143 2534 1206; x_wconf 86' lang='lat' dir='ltr'><strong>sine</strong></span> <span class='ocrx_word' id='word_1_19' title='bbox 2589 1143 2996 1210; x_wconf 87' lang='lat' dir='ltr'><strong>incommodo</strong></span> <span class='ocrx_word' id='word_1_20' title='bbox 3055 1144 3205 1209; x_wconf 90' lang='lat' dir='ltr'><strong>licet</strong></span> 
     </span>
     <span class='ocr_line' id='line_1_5' title="bbox 322 1234 3203 1328; baseline 0.003 -28"><span class='ocrx_word' id='word_1_21' title='bbox 322 1234 594 1318; x_wconf 85' lang='lat' dir='ltr'><strong>abesse,</strong></span> <span class='ocrx_word' id='word_1_22' title='bbox 637 1258 956 1302; x_wconf 87' lang='lat' dir='ltr'><strong>consensu</strong></span> <span class='ocrx_word' id='word_1_23' title='bbox 994 1248 1213 1302; x_wconf 88' lang='lat' dir='ltr'><strong>tamen</strong></span> <span class='ocrx_word' id='word_1_24' title='bbox 1251 1241 1610 1326; x_wconf 80' lang='lat' dir='ltr'><strong>praepositi</strong></span> <span class='ocrx_word' id='word_1_25' title='bbox 1655 1251 1719 1305; x_wconf 91' lang='lat' dir='ltr'><strong>et</strong></span> <span class='ocrx_word' id='word_1_26' title='bbox 1763 1240 1988 1306; x_wconf 90' lang='lat' dir='ltr'><strong>relicto</strong></span> <span class='ocrx_word' id='word_1_27' title='bbox 2033 1250 2472 1328; x_wconf 81' lang='lat' dir='ltr'><strong>procuratore,</strong></span> <span class='ocrx_word' id='word_1_28' title='bbox 2515 1241 2633 1307; x_wconf 90' lang='lat' dir='ltr'><strong>sub</strong></span> <span class='ocrx_word' id='word_1_29' title='bbox 2677 1264 2889 1328; x_wconf 90' lang='lat' dir='ltr'><strong>poena</strong></span> <span class='ocrx_word' id='word_1_30' title='bbox 2929 1243 3203 1308; x_wconf 90' lang='lat' dir='ltr'><strong>arbitra-</strong></span> 
     </span>
     <span class='ocr_line' id='line_1_6' title="bbox 320 1332 3287 1426; baseline 0.003 -28"><span class='ocrx_word' id='word_1_31' title='bbox 320 1336 441 1398; x_wconf 85' lang='lat' dir='ltr'><strong>ria</strong></span> <span class='ocrx_word' id='word_1_32' title='bbox 485 1332 761 1421; x_wconf 86' lang='lat' dir='ltr'><strong>collegii.</strong></span> <span class='ocrx_word' id='word_1_33' title='bbox 844 1336 935 1400; x_wconf 92' lang='lat' dir='ltr'><strong>Iis</strong></span> <span class='ocrx_word' id='word_1_34' title='bbox 978 1358 1154 1418; x_wconf 90' lang='lat' dir='ltr'><strong>vero,</strong></span> <span class='ocrx_word' id='word_1_35' title='bbox 1210 1339 1320 1426; x_wconf 90' lang='lat' dir='ltr'><strong>qui</strong></span> <span class='ocrx_word' id='word_1_36' title='bbox 1366 1338 1726 1404; x_wconf 89' lang='lat' dir='ltr'><strong>studiorum</strong></span> <span class='ocrx_word' id='word_1_37' title='bbox 1771 1361 1971 1404; x_wconf 87' lang='lat' dir='ltr'><strong>causa</strong></span> <span class='ocrx_word' id='word_1_38' title='bbox 2014 1338 2143 1405; x_wconf 89' lang='lat' dir='ltr'><strong>alio</strong></span> <span class='ocrx_word' id='word_1_39' title='bbox 2188 1363 2258 1405; x_wconf 90' lang='lat' dir='ltr'><strong>se</strong></span> <span class='ocrx_word' id='word_1_40' title='bbox 2302 1340 2667 1424; x_wconf 86' lang='lat' dir='ltr'><strong>conferunt,</strong></span> <span class='ocrx_word' id='word_1_41' title='bbox 2732 1340 2961 1406; x_wconf 90' lang='lat' dir='ltr'><strong>abesse</strong></span> <span class='ocrx_word' id='word_1_42' title='bbox 3012 1343 3204 1406; x_wconf 88' lang='lat' dir='ltr'><strong>etiam</strong></span> <span class='ocrx_word' id='word_1_43' title='bbox 3254 1350 3287 1406; x_wconf 80' lang='lat'><strong>5</strong></span> 
     </span>
     <span class='ocr_line' id='line_1_7' title="bbox 322 1433 3206 1528; baseline 0.003 -32"><span class='ocrx_word' id='word_1_44' title='bbox 322 1433 600 1519; x_wconf 89' lang='lat' dir='ltr'><strong>longius</strong></span> <span class='ocrx_word' id='word_1_45' title='bbox 656 1433 839 1517; x_wconf 84' lang='lat' dir='ltr'><strong>licet,</strong></span> <span class='ocrx_word' id='word_1_46' title='bbox 898 1437 1335 1501; x_wconf 77' lang='lat' dir='ltr'><strong>consentiente</strong></span> <span class='ocrx_word' id='word_1_47' title='bbox 1392 1436 1661 1526; x_wconf 89' lang='lat' dir='ltr'><strong>collegio</strong></span> <span class='ocrx_word' id='word_1_48' title='bbox 1708 1434 1838 1526; x_wconf 84' lang='lat'>[17]</span> <span class='ocrx_word' id='word_1_49' title='bbox 1899 1447 1962 1502; x_wconf 85' lang='lat' dir='ltr'><strong>et</strong></span> <span class='ocrx_word' id='word_1_50' title='bbox 2021 1440 2368 1503; x_wconf 83' lang='lat' dir='ltr'><strong>constituto</strong></span> <span class='ocrx_word' id='word_1_51' title='bbox 2424 1451 2870 1526; x_wconf 82' lang='lat' dir='ltr'><strong>procuratore,</strong></span> <span class='ocrx_word' id='word_1_52' title='bbox 2927 1439 3206 1528; x_wconf 88' lang='lat' dir='ltr'><strong>dumque</strong></span> 
     </span>
     <span class='ocr_line' id='line_1_8' title="bbox 328 1532 3210 1625; baseline 0.002 -28"><span class='ocrx_word' id='word_1_53' title='bbox 328 1532 692 1598; x_wconf 80' lang='lat' dir='ltr'><strong>commoda</strong></span> <span class='ocrx_word' id='word_1_54' title='bbox 729 1555 859 1600; x_wconf 89' lang='lat' dir='ltr'><strong>non</strong></span> <span class='ocrx_word' id='word_1_55' title='bbox 899 1536 1285 1622; x_wconf 83' lang='lat' dir='ltr'><strong>percipiant,</strong></span> <span class='ocrx_word' id='word_1_56' title='bbox 1329 1535 1632 1602; x_wconf 86' lang='lat' dir='ltr'><strong>oneribus</strong></span> <span class='ocrx_word' id='word_1_57' title='bbox 1674 1561 1804 1603; x_wconf 93' lang='lat' dir='ltr'><strong>non</strong></span> <span class='ocrx_word' id='word_1_58' title='bbox 1846 1545 2034 1602; x_wconf 88' lang='lat' dir='ltr'><strong>erunt</strong></span> <span class='ocrx_word' id='word_1_59' title='bbox 2076 1537 2514 1623; x_wconf 89' lang='lat' dir='ltr'><strong>aggravandi;</strong></span> <span class='ocrx_word' id='word_1_60' title='bbox 2558 1537 2686 1603; x_wconf 86' lang='lat' dir='ltr'><strong>illis</strong></span> <span class='ocrx_word' id='word_1_61' title='bbox 2710 1540 2925 1622; x_wconf 87' lang='lat' dir='ltr'><strong>etiam,</strong></span> <span class='ocrx_word' id='word_1_62' title='bbox 2968 1541 3081 1625; x_wconf 89' lang='lat' dir='ltr'><strong>qui</strong></span> <span class='ocrx_word' id='word_1_63' title='bbox 3123 1537 3210 1603; x_wconf 87' lang='lat' dir='ltr'><strong>ad</strong></span> 
     </span>
     <span class='ocr_line' id='line_1_9' title="bbox 331 1631 3209 1724; baseline 0.002 -29"><span class='ocrx_word' id='word_1_64' title='bbox 331 1643 602 1700; x_wconf 82' lang='lat' dir='ltr'><strong>certum</strong></span> <span class='ocrx_word' id='word_1_65' title='bbox 661 1631 945 1698; x_wconf 84' lang='lat' dir='ltr'><strong>officium</strong></span> <span class='ocrx_word' id='word_1_66' title='bbox 997 1636 1212 1700; x_wconf 85' lang='lat' dir='ltr'><strong>vocati</strong></span> <span class='ocrx_word' id='word_1_67' title='bbox 1277 1633 1546 1719; x_wconf 84' lang='lat' dir='ltr'><strong>abeunt,</strong></span> <span class='ocrx_word' id='word_1_68' title='bbox 1609 1638 1954 1702; x_wconf 86' lang='lat' dir='ltr'><strong>triennium</strong></span> <span class='ocrx_word' id='word_1_69' title='bbox 2012 1635 2404 1718; x_wconf 85' lang='lat' dir='ltr'><strong>conceditur,</strong></span> <span class='ocrx_word' id='word_1_70' title='bbox 2465 1638 2521 1700; x_wconf 88' lang='lat' dir='ltr'><strong>si</strong></span> <span class='ocrx_word' id='word_1_71' title='bbox 2579 1647 3089 1724; x_wconf 87' lang='lat' dir='ltr'><strong>procuratorem,</strong></span> <span class='ocrx_word' id='word_1_72' title='bbox 3141 1640 3209 1701; x_wconf 90' lang='lat' dir='ltr'><strong>in</strong></span> 
     </span>
     <span class='ocr_line' id='line_1_10' title="bbox 327 1731 3207 1822; baseline 0.002 -27"><span class='ocrx_word' id='word_1_73' title='bbox 327 1752 537 1817; x_wconf 88' lang='lat' dir='ltr'><strong>quem</strong></span> <span class='ocrx_word' id='word_1_74' title='bbox 570 1731 916 1818; x_wconf 84' lang='lat' dir='ltr'><strong>collegium</strong></span> <span class='ocrx_word' id='word_1_75' title='bbox 960 1735 1151 1800; x_wconf 88' lang='lat' dir='ltr'><strong>sicuti</strong></span> <span class='ocrx_word' id='word_1_76' title='bbox 1193 1736 1261 1799; x_wconf 90' lang='lat' dir='ltr'><strong>in</strong></span> <span class='ocrx_word' id='word_1_77' title='bbox 1304 1733 1477 1800; x_wconf 87' lang='lat' dir='ltr'><strong>illius</strong></span> <span class='ocrx_word' id='word_1_78' title='bbox 1520 1734 1769 1801; x_wconf 88' lang='lat' dir='ltr'><strong>abitum</strong></span> <span class='ocrx_word' id='word_1_79' title='bbox 1809 1737 2225 1817; x_wconf 77' lang='lat' dir='ltr'><strong>consenserit,</strong></span> <span class='ocrx_word' id='word_1_80' title='bbox 2268 1745 2415 1820; x_wconf 87' lang='lat' dir='ltr'><strong>post</strong></span> <span class='ocrx_word' id='word_1_81' title='bbox 2452 1757 2522 1799; x_wconf 91' lang='lat' dir='ltr'><strong>se</strong></span> <span class='ocrx_word' id='word_1_82' title='bbox 2559 1735 2961 1822; x_wconf 88' lang='lat' dir='ltr'><strong>deliquerint.</strong></span> <span class='ocrx_word' id='word_1_83' title='bbox 3003 1735 3207 1800; x_wconf 89' lang='lat' dir='ltr'><strong>Habi-</strong></span> 
     </span>
     <span class='ocr_line' id='line_1_11' title="bbox 329 1831 3293 1922; baseline 0.002 -27"><span class='ocrx_word' id='word_1_84' title='bbox 329 1832 660 1897; x_wconf 84' lang='lat' dir='ltr'><strong>tationem</strong></span> <span class='ocrx_word' id='word_1_85' title='bbox 728 1854 884 1897; x_wconf 88' lang='lat' dir='ltr'><strong>vero</strong></span> <span class='ocrx_word' id='word_1_86' title='bbox 959 1855 1144 1897; x_wconf 88' lang='lat' dir='ltr'><strong>suam</strong></span> <span class='ocrx_word' id='word_1_87' title='bbox 1209 1843 1502 1920; x_wconf 89' lang='lat' dir='ltr'><strong>tempore</strong></span> <span class='ocrx_word' id='word_1_88' title='bbox 1574 1833 1910 1900; x_wconf 84' lang='lat' dir='ltr'><strong>absentiae</strong></span> <span class='ocrx_word' id='word_1_89' title='bbox 1988 1843 2258 1920; x_wconf 89' lang='lat' dir='ltr'><strong>propter</strong></span> <span class='ocrx_word' id='word_1_90' title='bbox 2332 1831 2535 1898; x_wconf 90' lang='lat' dir='ltr'><strong>libros</strong></span> <span class='ocrx_word' id='word_1_91' title='bbox 2607 1843 2670 1898; x_wconf 89' lang='lat' dir='ltr'><strong>et</strong></span> <span class='ocrx_word' id='word_1_92' title='bbox 2743 1834 3208 1922; x_wconf 86' lang='lat' dir='ltr'><strong>supellectilem</strong></span> <span class='ocrx_word' id='word_1_93' title='bbox 3231 1844 3293 1900; x_wconf 90' lang='lat'><strong>10</strong></span> 
     </span>
     <span class='ocr_line' id='line_1_12' title="bbox 336 1930 3211 2020; baseline 0.002 -26"><span class='ocrx_word' id='word_1_94' title='bbox 336 1930 847 1996; x_wconf 85' lang='lat' dir='ltr'><strong>custodiendam</strong></span> <span class='ocrx_word' id='word_1_95' title='bbox 902 1930 1237 1998; x_wconf 89' lang='lat' dir='ltr'><strong>habebunt</strong></span> <span class='ocrx_word' id='word_1_96' title='bbox 1278 1933 1571 1999; x_wconf 87' lang='lat' dir='ltr'><strong>liberam.</strong></span> <span class='ocrx_word' id='word_1_97' title='bbox 1660 1932 1791 2015; x_wconf 84' lang='lat' dir='ltr'><strong>Qui</strong></span> <span class='ocrx_word' id='word_1_98' title='bbox 1839 1945 2076 2014; x_wconf 89' lang='lat' dir='ltr'><strong>autem,</strong></span> <span class='ocrx_word' id='word_1_99' title='bbox 2121 1954 2242 1996; x_wconf 90' lang='lat' dir='ltr'><strong>nec</strong></span> <span class='ocrx_word' id='word_1_100' title='bbox 2282 1933 2475 1997; x_wconf 86' lang='lat' dir='ltr'><strong>venia</strong></span> <span class='ocrx_word' id='word_1_101' title='bbox 2511 1934 2861 2019; x_wconf 87' lang='lat' dir='ltr'><strong>impetrata</strong></span> <span class='ocrx_word' id='word_1_102' title='bbox 2904 1957 3023 1999; x_wconf 90' lang='lat' dir='ltr'><strong>nec</strong></span> <span class='ocrx_word' id='word_1_103' title='bbox 3064 1957 3211 2020; x_wconf 89' lang='lat' dir='ltr'><strong>pro-</strong></span> 
     </span>
     <span class='ocr_line' id='line_1_13' title="bbox 333 2031 3210 2118; baseline 0.001 -25"><span class='ocrx_word' id='word_1_104' title='bbox 333 2040 649 2095; x_wconf 88' lang='lat' dir='ltr'><strong>curatore</strong></span> <span class='ocrx_word' id='word_1_105' title='bbox 716 2031 1065 2097; x_wconf 87' lang='lat' dir='ltr'><strong>constituto</strong></span> <span class='ocrx_word' id='word_1_106' title='bbox 1076 2080 1094 2114; x_wconf 95' lang='lat'><strong>,</strong></span> <span class='ocrx_word' id='word_1_107' title='bbox 1161 2032 1404 2114; x_wconf 87' lang='lat' dir='ltr'><strong>aberit,</strong></span> <span class='ocrx_word' id='word_1_108' title='bbox 1466 2033 1640 2097; x_wconf 89' lang='lat' dir='ltr'><strong>omni</strong></span> <span class='ocrx_word' id='word_1_109' title='bbox 1705 2031 2133 2097; x_wconf 89' lang='lat' dir='ltr'><strong>emolumento</strong></span> <span class='ocrx_word' id='word_1_110' title='bbox 2192 2042 2483 2118; x_wconf 87' lang='lat' dir='ltr'><strong>tempore</strong></span> <span class='ocrx_word' id='word_1_111' title='bbox 2547 2032 2882 2098; x_wconf 82' lang='lat' dir='ltr'><strong>absentiae</strong></span> <span class='ocrx_word' id='word_1_112' title='bbox 2942 2032 3210 2099; x_wconf 88' lang='lat' dir='ltr'><strong>carebit.</strong></span> 
     </span>
     <span class='ocr_line' id='line_1_14' title="bbox 331 2128 3207 2219; baseline 0.001 -27"><span class='ocrx_word' id='word_1_113' title='bbox 331 2129 632 2217; x_wconf 86' lang='lat' dir='ltr'><strong>Tempus</strong></span> <span class='ocrx_word' id='word_1_114' title='bbox 667 2151 826 2195; x_wconf 88' lang='lat' dir='ltr'><strong>vero</strong></span> <span class='ocrx_word' id='word_1_115' title='bbox 873 2128 1207 2197; x_wconf 81' lang='lat' dir='ltr'><strong>absentiae</strong></span> <span class='ocrx_word' id='word_1_116' title='bbox 1249 2141 1313 2196; x_wconf 85' lang='lat' dir='ltr'><strong>et</strong></span> <span class='ocrx_word' id='word_1_117' title='bbox 1353 2131 1649 2197; x_wconf 87' lang='lat' dir='ltr'><strong>similiter</strong></span> <span class='ocrx_word' id='word_1_118' title='bbox 1691 2130 1938 2197; x_wconf 89' lang='lat' dir='ltr'><strong>reditus</strong></span> <span class='ocrx_word' id='word_1_119' title='bbox 1981 2132 2292 2219; x_wconf 87' lang='lat' dir='ltr'><strong>cuiusque</strong></span> <span class='ocrx_word' id='word_1_120' title='bbox 2333 2131 2603 2218; x_wconf 86' lang='lat' dir='ltr'><strong>incipiet</strong></span> <span class='ocrx_word' id='word_1_121' title='bbox 2642 2129 2727 2196; x_wconf 88' lang='lat' dir='ltr'><strong>ab</strong></span> <span class='ocrx_word' id='word_1_122' title='bbox 2771 2154 2847 2197; x_wconf 91' lang='lat' dir='ltr'><strong>eo</strong></span> <span class='ocrx_word' id='word_1_123' title='bbox 2893 2133 3207 2213; x_wconf 86' lang='lat' dir='ltr'><strong>semestri,</strong></span> 
     </span>
     <span class='ocr_line' id='line_1_15' title="bbox 335 2227 3213 2318; baseline 0.001 -27"><span class='ocrx_word' id='word_1_124' title='bbox 335 2227 520 2314; x_wconf 87' lang='lat' dir='ltr'><strong>quod</strong></span> <span class='ocrx_word' id='word_1_125' title='bbox 582 2227 755 2293; x_wconf 87' lang='lat' dir='ltr'><strong>diem</strong></span> <span class='ocrx_word' id='word_1_126' title='bbox 810 2227 1148 2295; x_wconf 82' lang='lat' dir='ltr'><strong>absentiae</strong></span> <span class='ocrx_word' id='word_1_127' title='bbox 1217 2232 1356 2296; x_wconf 87' lang='lat' dir='ltr'><strong>sive</strong></span> <span class='ocrx_word' id='word_1_128' title='bbox 1417 2230 1668 2296; x_wconf 90' lang='lat' dir='ltr'><strong>reditus</strong></span> <span class='ocrx_word' id='word_1_129' title='bbox 1723 2231 2034 2318; x_wconf 88' lang='lat' dir='ltr'><strong>cuiusque</strong></span> <span class='ocrx_word' id='word_1_130' title='bbox 2097 2230 2393 2315; x_wconf 88' lang='lat' dir='ltr'><strong>proxime</strong></span> <span class='ocrx_word' id='word_1_131' title='bbox 2450 2240 2770 2318; x_wconf 88' lang='lat' dir='ltr'><strong>sequetur.</strong></span> <span class='ocrx_word' id='word_1_132' title='bbox 2852 2229 3213 2297; x_wconf 82' lang='lat' dir='ltr'><strong>Commoda</strong></span> 
     </span>
     <span class='ocr_line' id='line_1_16' title="bbox 334 2327 3292 2416; baseline 0.001 -25"><span class='ocrx_word' id='word_1_133' title='bbox 334 2337 560 2392; x_wconf 86' lang='lat' dir='ltr'><strong>autem</strong></span> <span class='ocrx_word' id='word_1_134' title='bbox 605 2327 971 2394; x_wconf 89' lang='lat' dir='ltr'><strong>absentium</strong></span> <span class='ocrx_word' id='word_1_135' title='bbox 1015 2339 1392 2416; x_wconf 85' lang='lat' dir='ltr'><strong>praesentes</strong></span> <span class='ocrx_word' id='word_1_136' title='bbox 1432 2330 1602 2394; x_wconf 89' lang='lat' dir='ltr'><strong>inter</strong></span> <span class='ocrx_word' id='word_1_137' title='bbox 1644 2351 1714 2394; x_wconf 88' lang='lat' dir='ltr'><strong>se</strong></span> <span class='ocrx_word' id='word_1_138' title='bbox 1756 2328 2071 2394; x_wconf 89' lang='lat' dir='ltr'><strong>divident.</strong></span> <span class='ocrx_word' id='word_1_139' title='bbox 3229 2339 3292 2394; x_wconf 82' lang='lat'><strong>15</strong></span> 
     </span>
    </p>
   </div>
   <div class='ocr_carea' id='block_1_4' title="bbox 1042 2525 2514 2713">
    <p class='ocr_par' dir='ltr' id='par_1_4' title="bbox 1042 2525 2514 2713">
     <span class='ocr_line' id='line_1_17' title="bbox 1042 2525 2514 2614; baseline -0.001 -21"><span class='ocrx_word' id='word_1_140' title='bbox 1042 2525 1131 2614; x_wconf 81' lang='lat' dir='ltr'><strong>[S.</strong></span> <span class='ocrx_word' id='word_1_141' title='bbox 1184 2525 1280 2614; x_wconf 82' lang='grc'><strong>18]</strong></span> <span class='ocrx_word' id='word_1_142' title='bbox 1327 2546 1420 2593; x_wconf 77' lang='grc' dir='ltr'><strong>ΒΕ</strong></span> <span class='ocrx_word' id='word_1_143' title='bbox 1463 2544 2051 2593; x_wconf 77' lang='lat' dir='ltr'>HABITATIONIBUS</span> <span class='ocrx_word' id='word_1_144' title='bbox 2095 2544 2514 2593; x_wconf 69' lang='lat' dir='ltr'>ABSENTIUM.</span> 
     </span>
     <span class='ocr_line' id='line_1_18' title="bbox 1493 2662 2082 2713; baseline -0.002 0"><span class='ocrx_word' id='word_1_145' title='bbox 1493 2663 1686 2713; x_wconf 82' lang='lat' dir='ltr'><strong>Statu</strong></span> <span class='ocrx_word' id='word_1_146' title='bbox 1705 2671 1832 2712; x_wconf 88' lang='lat' dir='ltr'><strong>tum</strong></span> <span class='ocrx_word' id='word_1_147' title='bbox 1869 2662 2082 2713; x_wconf 84' lang='lat' dir='ltr'>xl111.</span> 
     </span>
    </p>
   </div>
   <div class='ocr_carea' id='block_1_5' title="bbox 343 2774 3295 3261">
    <p class='ocr_par' dir='ltr' id='par_1_5' title="bbox 343 2774 3295 3261">
     <span class='ocr_line' id='line_1_19' title="bbox 513 2774 3208 2863; baseline -0.001 -21"><span class='ocrx_word' id='word_1_148' title='bbox 513 2776 645 2857; x_wconf 78' lang='lat' dir='ltr'><strong>Qui</strong></span> <span class='ocrx_word' id='word_1_149' title='bbox 698 2776 935 2843; x_wconf 85' lang='lat' dir='ltr'><strong>absens</strong></span> <span class='ocrx_word' id='word_1_150' title='bbox 990 2778 1186 2842; x_wconf 87' lang='lat' dir='ltr'><strong>fuerit</strong></span> <span class='ocrx_word' id='word_1_151' title='bbox 1240 2776 1343 2843; x_wconf 83' lang='lat' dir='ltr'><strong>vel</strong></span> <span class='ocrx_word' id='word_1_152' title='bbox 1400 2787 1590 2842; x_wconf 86' lang='lat' dir='ltr'><strong>extra</strong></span> <span class='ocrx_word' id='word_1_153' title='bbox 1648 2774 1987 2862; x_wconf 82' lang='lat' dir='ltr'><strong>collegium</strong></span> <span class='ocrx_word' id='word_1_154' title='bbox 2040 2777 2108 2841; x_wconf 90' lang='lat' dir='ltr'><strong>in</strong></span> <span class='ocrx_word' id='word_1_155' title='bbox 2173 2776 2335 2841; x_wconf 89' lang='lat' dir='ltr'><strong>urbe</strong></span> <span class='ocrx_word' id='word_1_156' title='bbox 2389 2777 2813 2859; x_wconf 85' lang='lat' dir='ltr'><strong>habitaverit,</strong></span> <span class='ocrx_word' id='word_1_157' title='bbox 2871 2776 3208 2863; x_wconf 88' lang='lat' dir='ltr'><strong>vaporarii</strong></span> 
     </span>
     <span class='ocr_line' id='line_1_20' title="bbox 343 2874 3206 2964; baseline 0.001 -27"><span class='ocrx_word' id='word_1_158' title='bbox 343 2875 447 2938; x_wconf 90' lang='lat' dir='ltr'><strong>sui</strong></span> <span class='ocrx_word' id='word_1_159' title='bbox 491 2874 901 2941; x_wconf 84' lang='lat' dir='ltr'><strong>inhabitandi</strong></span> <span class='ocrx_word' id='word_1_160' title='bbox 943 2878 1042 2941; x_wconf 90' lang='lat' dir='ltr'><strong>ius</strong></span> <span class='ocrx_word' id='word_1_161' title='bbox 1086 2876 1312 2941; x_wconf 88' lang='lat' dir='ltr'><strong>offeret</strong></span> <span class='ocrx_word' id='word_1_162' title='bbox 1354 2876 1747 2962; x_wconf 82' lang='lat' dir='ltr'><strong>praeposite,</strong></span> <span class='ocrx_word' id='word_1_163' title='bbox 1792 2876 1904 2964; x_wconf 86' lang='lat' dir='ltr'><strong>qui</strong></span> <span class='ocrx_word' id='word_1_164' title='bbox 1948 2874 2017 2939; x_wconf 90' lang='lat' dir='ltr'><strong>id</strong></span> <span class='ocrx_word' id='word_1_165' title='bbox 2059 2876 2306 2940; x_wconf 86' lang='lat' dir='ltr'><strong>referre</strong></span> <span class='ocrx_word' id='word_1_166' title='bbox 2349 2874 2542 2941; x_wconf 90' lang='lat' dir='ltr'><strong>debet</strong></span> <span class='ocrx_word' id='word_1_167' title='bbox 2593 2875 2682 2941; x_wconf 89' lang='lat' dir='ltr'><strong>ad</strong></span> <span class='ocrx_word' id='word_1_168' title='bbox 2735 2874 3021 2963; x_wconf 82' lang='lat' dir='ltr'><strong>reliquos</strong></span> <span class='ocrx_word' id='word_1_169' title='bbox 3084 2876 3206 2942; x_wconf 88' lang='lat' dir='ltr'><strong>col-</strong></span> 
     </span>
     <span class='ocr_line' id='line_1_21' title="bbox 343 2972 3295 3063; baseline 0.001 -26"><span class='ocrx_word' id='word_1_170' title='bbox 343 2972 563 3059; x_wconf 79' lang='lat' dir='ltr'><strong>legas3</strong></span> <span class='ocrx_word' id='word_1_171' title='bbox 630 2975 811 3062; x_wconf 90' lang='lat' dir='ltr'><strong>sique</strong></span> <span class='ocrx_word' id='word_1_172' title='bbox 874 2986 1169 3063; x_wconf 91' lang='lat' dir='ltr'><strong>repertus</strong></span> <span class='ocrx_word' id='word_1_173' title='bbox 1227 2976 1448 3055; x_wconf 84' lang='lat' dir='ltr'><strong>fuerit,</strong></span> <span class='ocrx_word' id='word_1_174' title='bbox 1512 2976 1623 3059; x_wconf 91' lang='lat' dir='ltr'><strong>qui</strong></span> <span class='ocrx_word' id='word_1_175' title='bbox 1684 2974 2045 3040; x_wconf 89' lang='lat' dir='ltr'><strong>conducere</strong></span> <span class='ocrx_word' id='word_1_176' title='bbox 2107 2986 2450 3040; x_wconf 83' lang='lat' dir='ltr'><strong>vacantem</strong></span> <span class='ocrx_word' id='word_1_177' title='bbox 2508 2974 2974 3040; x_wconf 87' lang='lat' dir='ltr'><strong>habitationem</strong></span> <span class='ocrx_word' id='word_1_178' title='bbox 3035 2975 3295 3058; x_wconf 48' lang='lat' dir='ltr'><strong>veliam</strong></span> 
     </span>
     <span class='ocr_line' id='line_1_22' title="bbox 345 3072 3213 3160; baseline 0.001 -24"><span class='ocrx_word' id='word_1_179' title='bbox 345 3072 515 3155; x_wconf 83' lang='lat' dir='ltr'><strong>aliis,</strong></span> <span class='ocrx_word' id='word_1_180' title='bbox 559 3083 818 3140; x_wconf 87' lang='lat' dir='ltr'><strong>servato</strong></span> <span class='ocrx_word' id='word_1_181' title='bbox 865 3075 1090 3140; x_wconf 89' lang='lat' dir='ltr'><strong>ordine</strong></span> <span class='ocrx_word' id='word_1_182' title='bbox 1135 3075 1316 3155; x_wconf 88' lang='lat' dir='ltr'><strong>senii,</strong></span> <span class='ocrx_word' id='word_1_183' title='bbox 1363 3074 1745 3160; x_wconf 85' lang='lat' dir='ltr'><strong>praefertur.</strong></span> <span class='ocrx_word' id='word_1_184' title='bbox 1806 3073 1912 3138; x_wconf 91' lang='lat' dir='ltr'><strong>De</strong></span> <span class='ocrx_word' id='word_1_185' title='bbox 1952 3076 2162 3159; x_wconf 92' lang='lat' dir='ltr'><strong>pretio</strong></span> <span class='ocrx_word' id='word_1_186' title='bbox 2204 3072 2627 3139; x_wconf 86' lang='lat' dir='ltr'><strong>habitationis</strong></span> <span class='ocrx_word' id='word_1_187' title='bbox 2672 3074 2727 3137; x_wconf 91' lang='lat' dir='ltr'><strong>si</strong></span> <span class='ocrx_word' id='word_1_188' title='bbox 2772 3076 3213 3140; x_wconf 87' lang='lat' dir='ltr'><strong>controversia</strong></span> 
     </span>
     <span class='ocr_line' id='line_1_23' title="bbox 345 3171 3213 3261; baseline 0.001 -25"><span class='ocrx_word' id='word_1_189' title='bbox 345 3173 515 3237; x_wconf 89' lang='lat' dir='ltr'><strong>inter</strong></span> <span class='ocrx_word' id='word_1_190' title='bbox 556 3171 908 3239; x_wconf 86' lang='lat' dir='ltr'><strong>locatorem</strong></span> <span class='ocrx_word' id='word_1_191' title='bbox 954 3182 1017 3238; x_wconf 89' lang='lat' dir='ltr'><strong>et</strong></span> <span class='ocrx_word' id='word_1_192' title='bbox 1072 3173 1529 3240; x_wconf 88' lang='lat' dir='ltr'><strong>conductorem</strong></span> <span class='ocrx_word' id='word_1_193' title='bbox 1574 3172 1915 3257; x_wconf 88' lang='lat' dir='ltr'><strong>acciderit,</strong></span> <span class='ocrx_word' id='word_1_194' title='bbox 1973 3184 2397 3261; x_wconf 88' lang='lat' dir='ltr'><strong>componetur</strong></span> <span class='ocrx_word' id='word_1_195' title='bbox 2453 3197 2495 3239; x_wconf 94' lang='lat' dir='ltr'><strong>a</strong></span> <span class='ocrx_word' id='word_1_196' title='bbox 2551 3171 2843 3260; x_wconf 88' lang='lat' dir='ltr'><strong>collegio.</strong></span> <span class='ocrx_word' id='word_1_197' title='bbox 2929 3172 3003 3239; x_wconf 89' lang='lat' dir='ltr'><strong>Si</strong></span> <span class='ocrx_word' id='word_1_198' title='bbox 3055 3197 3213 3241; x_wconf 87' lang='lat' dir='ltr'><strong>vero</strong></span> 
     </span>
    </p>
   </div>
   <div class='ocr_carea' id='block_1_6' title="bbox 345 3271 3207 3458">
    <p class='ocr_par' dir='ltr' id='par_1_6' title="bbox 345 3271 3207 3458">
     <span class='ocr_line' id='line_1_24' title="bbox 345 3271 3207 3361; baseline 0.001 -26"><span class='ocrx_word' id='word_1_199' title='bbox 345 3294 431 3335; x_wconf 86' lang='lat' dir='ltr'><strong>ex</strong></span> <span class='ocrx_word' id='word_1_200' title='bbox 475 3271 745 3358; x_wconf 87' lang='lat' dir='ltr'><strong>collegis</strong></span> <span class='ocrx_word' id='word_1_201' title='bbox 800 3271 1259 3339; x_wconf 85' lang='lat' dir='ltr'><strong>conductorem</strong></span> <span class='ocrx_word' id='word_1_202' title='bbox 1302 3295 1429 3337; x_wconf 90' lang='lat' dir='ltr'><strong>non</strong></span> <span class='ocrx_word' id='word_1_203' title='bbox 1485 3274 1801 3359; x_wconf 87' lang='lat' dir='ltr'><strong>reperiat,</strong></span> <span class='ocrx_word' id='word_1_204' title='bbox 1860 3272 2135 3339; x_wconf 90' lang='lat' dir='ltr'><strong>liberum</strong></span> <span class='ocrx_word' id='word_1_205' title='bbox 2180 3274 2239 3338; x_wconf 90' lang='lat' dir='ltr'><strong>ei</strong></span> <span class='ocrx_word' id='word_1_206' title='bbox 2284 3274 2427 3357; x_wconf 89' lang='lat' dir='ltr'><strong>erit,</strong></span> <span class='ocrx_word' id='word_1_207' title='bbox 2473 3275 2833 3361; x_wconf 88' lang='lat' dir='ltr'><strong>cuicunque</strong></span> <span class='ocrx_word' id='word_1_208' title='bbox 2878 3283 2941 3338; x_wconf 90' lang='lat' dir='ltr'><strong>et</strong></span> <span class='ocrx_word' id='word_1_209' title='bbox 2982 3275 3207 3361; x_wconf 88' lang='lat' dir='ltr'><strong>quanti</strong></span> 
     </span>
     <span class='ocr_line' id='line_1_25' title="bbox 348 3370 1480 3458; baseline 0.001 -24"><span class='ocrx_word' id='word_1_210' title='bbox 348 3370 505 3436; x_wconf 86' lang='lat' dir='ltr'><strong>velit</strong></span> <span class='ocrx_word' id='word_1_211' title='bbox 548 3372 973 3458; x_wconf 82' lang='lat' dir='ltr'><strong>vaporarium</strong></span> <span class='ocrx_word' id='word_1_212' title='bbox 1014 3394 1200 3438; x_wconf 90' lang='lat' dir='ltr'><strong>suum</strong></span> <span class='ocrx_word' id='word_1_213' title='bbox 1241 3371 1480 3438; x_wconf 90' lang='lat' dir='ltr'><strong>locare.</strong></span> 
     </span>
    </p>
   </div>
   <div class='ocr_carea' id='block_1_7' title="bbox 869 3552 3292 3758">
    <p class='ocr_par' dir='ltr' id='par_1_7' title="bbox 869 3552 3292 3758">
     <span class='ocr_line' id='line_1_26' title="bbox 869 3552 3292 3642; baseline -0.001 -20"><span class='ocrx_word' id='word_1_214' title='bbox 869 3554 959 3641; x_wconf 88' lang='lat' dir='ltr'><strong>[S.</strong></span> <span class='ocrx_word' id='word_1_215' title='bbox 1008 3552 1104 3642; x_wconf 87' lang='lat'><strong>19]</strong></span> <span class='ocrx_word' id='word_1_216' title='bbox 1150 3573 1243 3621; x_wconf 80' lang='lat' dir='ltr'><strong>DE.</strong></span> <span class='ocrx_word' id='word_1_217' title='bbox 1288 3572 1486 3621; x_wconf 70' lang='lat' dir='ltr'><strong>nono</strong></span> <span class='ocrx_word' id='word_1_218' title='bbox 1532 3572 1864 3621; x_wconf 65' lang='lat' dir='ltr'><strong>Palmum</strong></span> <span class='ocrx_word' id='word_1_219' title='bbox 1907 3574 2099 3633; x_wconf 67' lang='lat' dir='ltr'><strong>quau</strong></span> <span class='ocrx_word' id='word_1_220' title='bbox 2146 3573 2696 3623; x_wconf 64' lang='lat' dir='ltr'><strong>mammarum.</strong></span> <span class='ocrx_word' id='word_1_221' title='bbox 3225 3563 3292 3620; x_wconf 81' lang='lat'><strong>25</strong></span> 
     </span>
     <span class='ocr_line' id='line_1_27' title="bbox 1529 3707 2030 3758; baseline -0.002 -1"><span class='ocrx_word' id='word_1_222' title='bbox 1529 3707 1566 3757; x_wconf 82' lang='lat' dir='ltr'>S</span> <span class='ocrx_word' id='word_1_223' title='bbox 1578 3710 1599 3757; x_wconf 89' lang='lat' dir='ltr'><strong>t</strong></span> <span class='ocrx_word' id='word_1_224' title='bbox 1613 3723 1646 3757; x_wconf 88' lang='lat' dir='ltr'><strong>a</strong></span> <span class='ocrx_word' id='word_1_225' title='bbox 1656 3716 1676 3757; x_wconf 89' lang='lat' dir='ltr'><strong>t</strong></span> <span class='ocrx_word' id='word_1_226' title='bbox 1689 3724 1720 3757; x_wconf 87' lang='lat' dir='ltr'><strong>u</strong></span> <span class='ocrx_word' id='word_1_227' title='bbox 1735 3716 1755 3758; x_wconf 81' lang='lat' dir='ltr'><strong>t</strong></span> <span class='ocrx_word' id='word_1_228' title='bbox 1769 3725 1799 3757; x_wconf 89' lang='lat' dir='ltr'><strong>u</strong></span> <span class='ocrx_word' id='word_1_229' title='bbox 1818 3723 1868 3757; x_wconf 90' lang='lat' dir='ltr'><strong>m</strong></span> <span class='ocrx_word' id='word_1_230' title='bbox 1908 3709 1953 3756; x_wconf 82' lang='lat' dir='ltr'>X</span> <span class='ocrx_word' id='word_1_231' title='bbox 1966 3708 2030 3757; x_wconf 91' lang='lat' dir='ltr'><strong>V.</strong></span> 
     </span>
    </p>
   </div>
   <div class='ocr_carea' id='block_1_8' title="bbox 352 3819 3213 4109">
    <p class='ocr_par' dir='ltr' id='par_1_8' title="bbox 352 3819 3213 4109">
     <span class='ocr_line' id='line_1_28' title="bbox 517 3819 3211 3909; baseline -0.001 -21"><span class='ocrx_word' id='word_1_232' title='bbox 517 3823 730 3903; x_wconf 82' lang='lat' dir='ltr'><strong>Quem</strong></span> <span class='ocrx_word' id='word_1_233' title='bbox 775 3821 1117 3908; x_wconf 86' lang='lat' dir='ltr'><strong>collegium</strong></span> <span class='ocrx_word' id='word_1_234' title='bbox 1157 3822 1241 3888; x_wconf 91' lang='lat' dir='ltr'><strong>ob</strong></span> <span class='ocrx_word' id='word_1_235' title='bbox 1286 3822 1747 3887; x_wconf 87' lang='lat' dir='ltr'><strong>contumatiam</strong></span> <span class='ocrx_word' id='word_1_236' title='bbox 1792 3819 2129 3886; x_wconf 88' lang='lat' dir='ltr'><strong>absentiae</strong></span> <span class='ocrx_word' id='word_1_237' title='bbox 2173 3843 2330 3886; x_wconf 87' lang='lat' dir='ltr'><strong>suae</strong></span> <span class='ocrx_word' id='word_1_238' title='bbox 2372 3821 2764 3909; x_wconf 89' lang='lat' dir='ltr'><strong>privandum</strong></span> <span class='ocrx_word' id='word_1_239' title='bbox 2806 3820 3211 3903; x_wconf 87' lang='lat' dir='ltr'><strong>iudicaverit,</strong></span> 
     </span>
     <span class='ocr_line' id='line_1_29' title="bbox 352 3919 3211 4009; baseline 0 -24"><span class='ocrx_word' id='word_1_240' title='bbox 352 3943 498 3986; x_wconf 87' lang='lat' dir='ltr'><strong>eum</strong></span> <span class='ocrx_word' id='word_1_241' title='bbox 542 3920 798 3987; x_wconf 83' lang='lat' dir='ltr'><strong>curabit</strong></span> <span class='ocrx_word' id='word_1_242' title='bbox 841 3923 1181 4009; x_wconf 88' lang='lat' dir='ltr'><strong>ipsiusmet</strong></span> <span class='ocrx_word' id='word_1_243' title='bbox 1222 3923 1534 4007; x_wconf 90' lang='lat' dir='ltr'><strong>impensis</strong></span> <span class='ocrx_word' id='word_1_244' title='bbox 1581 3922 1897 4004; x_wconf 89' lang='lat' dir='ltr'><strong>revocari,</strong></span> <span class='ocrx_word' id='word_1_245' title='bbox 1960 3923 2146 4006; x_wconf 88' lang='lat' dir='ltr'><strong>sique</strong></span> <span class='ocrx_word' id='word_1_246' title='bbox 2189 3919 2404 3985; x_wconf 86' lang='lat' dir='ltr'><strong>redire</strong></span> <span class='ocrx_word' id='word_1_247' title='bbox 2447 3920 2534 3985; x_wconf 90' lang='lat' dir='ltr'><strong>ad</strong></span> <span class='ocrx_word' id='word_1_248' title='bbox 2594 3919 3008 4006; x_wconf 86' lang='lat' dir='ltr'><strong>praefinitum</strong></span> <span class='ocrx_word' id='word_1_249' title='bbox 3054 3930 3211 3985; x_wconf 87' lang='lat' dir='ltr'><strong>tem-</strong></span> 
     </span>
     <span class='ocr_line' id='line_1_30' title="bbox 352 4017 3213 4109; baseline -0.001 -23"><span class='ocrx_word' id='word_1_250' title='bbox 352 4043 472 4107; x_wconf 89' lang='lat' dir='ltr'><strong>pus</strong></span> <span class='ocrx_word' id='word_1_251' title='bbox 516 4019 900 4106; x_wconf 87' lang='lat' dir='ltr'><strong>neglexerit,</strong></span> <span class='ocrx_word' id='word_1_252' title='bbox 954 4022 1098 4109; x_wconf 87' lang='lat' dir='ltr'><strong>ipso</strong></span> <span class='ocrx_word' id='word_1_253' title='bbox 1156 4020 1326 4086; x_wconf 86' lang='lat' dir='ltr'><strong>facto</strong></span> <span class='ocrx_word' id='word_1_254' title='bbox 1370 4022 1454 4085; x_wconf 90' lang='lat' dir='ltr'><strong>sit</strong></span> <span class='ocrx_word' id='word_1_255' title='bbox 1493 4021 1788 4108; x_wconf 89' lang='lat' dir='ltr'><strong>privatus</strong></span> <span class='ocrx_word' id='word_1_256' title='bbox 1836 4017 2278 4105; x_wconf 86' lang='lat' dir='ltr'><strong>collegiatura,</strong></span> <span class='ocrx_word' id='word_1_257' title='bbox 2334 4030 2397 4082; x_wconf 90' lang='lat' dir='ltr'><strong>et</strong></span> <span class='ocrx_word' id='word_1_258' title='bbox 2450 4021 2518 4084; x_wconf 90' lang='lat' dir='ltr'><strong>in</strong></span> <span class='ocrx_word' id='word_1_259' title='bbox 2558 4021 2697 4085; x_wconf 87' lang='lat' dir='ltr'><strong>eius</strong></span> <span class='ocrx_word' id='word_1_260' title='bbox 2750 4019 2960 4085; x_wconf 89' lang='lat' dir='ltr'><strong>locum</strong></span> <span class='ocrx_word' id='word_1_261' title='bbox 3013 4020 3213 4107; x_wconf 90' lang='lat' dir='ltr'><strong>eliga-</strong></span> 
     </span>
    </p>
   </div>
   <div class='ocr_carea' id='block_1_9' title="bbox 353 4116 3298 4304">
    <p class='ocr_par' dir='ltr' id='par_1_9' title="bbox 353 4116 3298 4304">
     <span class='ocr_line' id='line_1_31' title="bbox 353 4116 3298 4207; baseline 0 -24"><span class='ocrx_word' id='word_1_262' title='bbox 353 4130 455 4184; x_wconf 89' lang='lat' dir='ltr'><strong>tur</strong></span> <span class='ocrx_word' id='word_1_263' title='bbox 515 4119 703 4184; x_wconf 88' lang='lat' dir='ltr'><strong>alius.</strong></span> <span class='ocrx_word' id='word_1_264' title='bbox 790 4118 981 4201; x_wconf 85' lang='lat' dir='ltr'><strong>Quod</strong></span> <span class='ocrx_word' id='word_1_265' title='bbox 1032 4119 1253 4186; x_wconf 89' lang='lat' dir='ltr'><strong>itidem</strong></span> <span class='ocrx_word' id='word_1_266' title='bbox 1303 4117 1672 4184; x_wconf 87' lang='lat' dir='ltr'><strong>faciendum</strong></span> <span class='ocrx_word' id='word_1_267' title='bbox 1716 4118 1868 4201; x_wconf 87' lang='lat' dir='ltr'><strong>erit,</strong></span> <span class='ocrx_word' id='word_1_268' title='bbox 1921 4119 1977 4183; x_wconf 88' lang='lat' dir='ltr'><strong>si</strong></span> <span class='ocrx_word' id='word_1_269' title='bbox 2025 4116 2156 4185; x_wconf 85' lang='lat' dir='ltr'><strong>alia</strong></span> <span class='ocrx_word' id='word_1_270' title='bbox 2211 4116 2290 4183; x_wconf 91' lang='lat' dir='ltr'><strong>de</strong></span> <span class='ocrx_word' id='word_1_271' title='bbox 2336 4139 2537 4185; x_wconf 84' lang='lat' dir='ltr'><strong>causa</strong></span> <span class='ocrx_word' id='word_1_272' title='bbox 2591 4119 2738 4207; x_wconf 89' lang='lat' dir='ltr'><strong>quis</strong></span> <span class='ocrx_word' id='word_1_273' title='bbox 2792 4118 3298 4205; x_wconf 72' lang='lat' dir='ltr'><strong>collegiaturasso</strong></span> 
     </span>
     <span class='ocr_line' id='line_1_32' title="bbox 355 4219 907 4304; baseline -0.004 -20"><span class='ocrx_word' id='word_1_274' title='bbox 355 4221 652 4304; x_wconf 87' lang='lat' dir='ltr'><strong>privatus</strong></span> <span class='ocrx_word' id='word_1_275' title='bbox 695 4219 907 4284; x_wconf 84' lang='lat' dir='ltr'><strong>fuerit.</strong></span> 
     </span>
    </p>
   </div>
   <div class='ocr_carea' id='block_1_10' title="bbox 801 4339 2773 4553">
    <p class='ocr_par' dir='ltr' id='par_1_10' title="bbox 801 4339 2773 4553">
     <span class='ocr_line' id='line_1_33' title="bbox 801 4339 2773 4456; baseline 0 -22"><span class='ocrx_word' id='word_1_276' title='bbox 801 4339 889 4454; x_wconf 83' lang='lat' dir='ltr'><strong>[S.</strong></span> <span class='ocrx_word' id='word_1_277' title='bbox 930 4366 1034 4456; x_wconf 84' lang='lat'><strong>20]</strong></span> <span class='ocrx_word' id='word_1_278' title='bbox 1077 4385 1173 4434; x_wconf 81' lang='lat' dir='ltr'><strong>DE.</strong></span> <span class='ocrx_word' id='word_1_279' title='bbox 1216 4384 1602 4433; x_wconf 65' lang='lat' dir='ltr'><strong>mem&#39;rxrs</strong></span> <span class='ocrx_word' id='word_1_280' title='bbox 1646 4385 1737 4432; x_wconf 78' lang='grc' dir='ltr'><strong>ΕΤ</strong></span> <span class='ocrx_word' id='word_1_281' title='bbox 1781 4382 2303 4432; x_wconf 72' lang='lat' dir='ltr'><strong>mmsmc&#39;rlons</strong></span> <span class='ocrx_word' id='word_1_282' title='bbox 2346 4385 2773 4434; x_wconf 69' lang='grc' dir='ltr'><strong>ΡΒΑΕΡοειΤι.</strong></span> 
     </span>
     <span class='ocr_line' id='line_1_34' title="bbox 1512 4500 2057 4553; baseline -0.002 -1"><span class='ocrx_word' id='word_1_283' title='bbox 1512 4502 1708 4553; x_wconf 83' lang='lat' dir='ltr'><strong>Statu</strong></span> <span class='ocrx_word' id='word_1_284' title='bbox 1724 4511 1787 4552; x_wconf 86' lang='lat' dir='ltr'><strong>tu</strong></span> <span class='ocrx_word' id='word_1_285' title='bbox 1804 4517 1854 4552; x_wconf 88' lang='lat' dir='ltr'><strong>m</strong></span> <span class='ocrx_word' id='word_1_286' title='bbox 1895 4500 2057 4552; x_wconf 87' lang='lat' dir='ltr'>XVI.</span> 
     </span>
    </p>
   </div>
   <div class='ocr_carea' id='block_1_11' title="bbox 355 4616 3303 5300">
    <p class='ocr_par' dir='ltr' id='par_1_11' title="bbox 355 4616 3303 5300">
     <span class='ocr_line' id='line_1_35' title="bbox 518 4616 3215 4705; baseline -0 -22"><span class='ocrx_word' id='word_1_287' title='bbox 518 4618 627 4683; x_wconf 91' lang='lat' dir='ltr'><strong>De</strong></span> <span class='ocrx_word' id='word_1_288' title='bbox 668 4619 1040 4705; x_wconf 84' lang='lat' dir='ltr'><strong>praeposito</strong></span> <span class='ocrx_word' id='word_1_289' title='bbox 1087 4616 1212 4682; x_wconf 90' lang='lat' dir='ltr'><strong>hoc</strong></span> <span class='ocrx_word' id='word_1_290' title='bbox 1253 4618 1668 4682; x_wconf 88' lang='lat' dir='ltr'><strong>constitutum</strong></span> <span class='ocrx_word' id='word_1_291' title='bbox 1709 4626 1825 4697; x_wconf 89' lang='lat' dir='ltr'><strong>est,</strong></span> <span class='ocrx_word' id='word_1_292' title='bbox 1883 4623 1954 4679; x_wconf 90' lang='lat' dir='ltr'><strong>ut</strong></span> <span class='ocrx_word' id='word_1_293' title='bbox 1997 4616 2083 4680; x_wconf 89' lang='lat' dir='ltr'><strong>sit</strong></span> <span class='ocrx_word' id='word_1_294' title='bbox 2127 4638 2413 4681; x_wconf 91' lang='lat' dir='ltr'><strong>summus</strong></span> <span class='ocrx_word' id='word_1_295' title='bbox 2457 4618 2875 4703; x_wconf 84' lang='lat' dir='ltr'><strong>magistratus</strong></span> <span class='ocrx_word' id='word_1_296' title='bbox 2919 4618 2987 4681; x_wconf 89' lang='lat' dir='ltr'><strong>in</strong></span> <span class='ocrx_word' id='word_1_297' title='bbox 3028 4616 3215 4683; x_wconf 89' lang='lat' dir='ltr'><strong>colle·</strong></span> 
     </span>
     <span class='ocr_line' id='line_1_36' title="bbox 357 4712 3299 4802; baseline -0 -20"><span class='ocrx_word' id='word_1_298' title='bbox 357 4718 460 4802; x_wconf 89' lang='lat' dir='ltr'><strong>gio</strong></span> <span class='ocrx_word' id='word_1_299' title='bbox 517 4728 584 4782; x_wconf 88' lang='lat' dir='ltr'><strong>et</strong></span> <span class='ocrx_word' id='word_1_300' title='bbox 639 4719 777 4782; x_wconf 89' lang='lat' dir='ltr'><strong>eius</strong></span> <span class='ocrx_word' id='word_1_301' title='bbox 831 4716 1340 4782; x_wconf 87' lang='lat' dir='ltr'><strong>iurisdictionem</strong></span> <span class='ocrx_word' id='word_1_302' title='bbox 1403 4715 1732 4781; x_wconf 88' lang='lat' dir='ltr'><strong>declinare</strong></span> <span class='ocrx_word' id='word_1_303' title='bbox 1775 4712 1935 4779; x_wconf 89' lang='lat' dir='ltr'><strong>nulli</strong></span> <span class='ocrx_word' id='word_1_304' title='bbox 1979 4713 2188 4780; x_wconf 78' lang='lat' dir='ltr'><strong>liceat.</strong></span> <span class='ocrx_word' id='word_1_305' title='bbox 2269 4715 2620 4780; x_wconf 89' lang='lat' dir='ltr'><strong>Praeterea</strong></span> <span class='ocrx_word' id='word_1_306' title='bbox 2673 4738 2986 4781; x_wconf 89' lang='lat' dir='ltr'><strong>summam</strong></span> <span class='ocrx_word' id='word_1_307' title='bbox 3030 4739 3210 4781; x_wconf 82' lang='lat' dir='ltr'><strong>reve-</strong></span> <span class='ocrx_word' id='word_1_308' title='bbox 3229 4726 3299 4782; x_wconf 78' lang='lat'><strong>35</strong></span> 
     </span>
     <span class='ocr_line' id='line_1_37' title="bbox 355 4814 3216 4905; baseline 0.001 -26"><span class='ocrx_word' id='word_1_309' title='bbox 355 4818 629 4882; x_wconf 88' lang='lat' dir='ltr'><strong>rentiam</strong></span> <span class='ocrx_word' id='word_1_310' title='bbox 679 4815 887 4881; x_wconf 87' lang='lat' dir='ltr'><strong>eidem</strong></span> <span class='ocrx_word' id='word_1_311' title='bbox 931 4815 1240 4880; x_wconf 87' lang='lat' dir='ltr'><strong>exhibere</strong></span> <span class='ocrx_word' id='word_1_312' title='bbox 1284 4838 1363 4905; x_wconf 83' lang='lat' dir='ltr'><strong>ac</strong></span> <span class='ocrx_word' id='word_1_313' title='bbox 1404 4814 1970 4900; x_wconf 87' lang='lat' dir='ltr'><strong>morigerationem</strong></span> <span class='ocrx_word' id='word_1_314' title='bbox 2030 4824 2339 4899; x_wconf 89' lang='lat' dir='ltr'><strong>tanquam</strong></span> <span class='ocrx_word' id='word_1_315' title='bbox 2395 4838 2510 4880; x_wconf 90' lang='lat' dir='ltr'><strong>suo</strong></span> <span class='ocrx_word' id='word_1_316' title='bbox 2567 4816 2977 4901; x_wconf 88' lang='lat' dir='ltr'><strong>magistratui</strong></span> <span class='ocrx_word' id='word_1_317' title='bbox 3036 4839 3216 4881; x_wconf 91' lang='lat' dir='ltr'><strong>reve·</strong></span> 
     </span>
     <span class='ocr_line' id='line_1_38' title="bbox 356 4910 3220 5003; baseline 0.001 -26"><span class='ocrx_word' id='word_1_318' title='bbox 356 4927 573 4981; x_wconf 88' lang='lat' dir='ltr'><strong>renter</strong></span> <span class='ocrx_word' id='word_1_319' title='bbox 619 4925 958 5003; x_wconf 89' lang='lat' dir='ltr'><strong>praestare</strong></span> <span class='ocrx_word' id='word_1_320' title='bbox 1014 4914 1280 4996; x_wconf 89' lang='lat' dir='ltr'><strong>debent,</strong></span> <span class='ocrx_word' id='word_1_321' title='bbox 1341 4914 1579 5002; x_wconf 91' lang='lat' dir='ltr'><strong>quique</strong></span> <span class='ocrx_word' id='word_1_322' title='bbox 1630 4910 1734 4975; x_wconf 91' lang='lat' dir='ltr'><strong>vel</strong></span> <span class='ocrx_word' id='word_1_323' title='bbox 1787 4935 1870 4976; x_wconf 85' lang='lat' dir='ltr'><strong>ex</strong></span> <span class='ocrx_word' id='word_1_324' title='bbox 1929 4910 2196 4999; x_wconf 86' lang='lat' dir='ltr'><strong>collegis</strong></span> <span class='ocrx_word' id='word_1_325' title='bbox 2249 4912 2353 4977; x_wconf 87' lang='lat' dir='ltr'><strong>vel</strong></span> <span class='ocrx_word' id='word_1_326' title='bbox 2409 4912 2572 4978; x_wconf 88' lang='lat' dir='ltr'><strong>alias</strong></span> <span class='ocrx_word' id='word_1_327' title='bbox 2631 4938 2712 4979; x_wconf 86' lang='lat' dir='ltr'><strong>ex</strong></span> <span class='ocrx_word' id='word_1_328' title='bbox 2771 4913 3102 5000; x_wconf 90' lang='lat' dir='ltr'><strong>inquilinis</strong></span> <span class='ocrx_word' id='word_1_329' title='bbox 3157 4924 3220 4979; x_wconf 90' lang='lat' dir='ltr'><strong>et</strong></span> 
     </span>
     <span class='ocr_line' id='line_1_39' title="bbox 357 5011 3216 5099; baseline 0.001 -23"><span class='ocrx_word' id='word_1_330' title='bbox 357 5013 601 5079; x_wconf 84' lang='lat' dir='ltr'><strong>familia</strong></span> <span class='ocrx_word' id='word_1_331' title='bbox 652 5013 825 5080; x_wconf 90' lang='lat' dir='ltr'><strong>illius</strong></span> <span class='ocrx_word' id='word_1_332' title='bbox 868 5015 1133 5080; x_wconf 87' lang='lat' dir='ltr'><strong>monitis</strong></span> <span class='ocrx_word' id='word_1_333' title='bbox 1176 5036 1307 5079; x_wconf 89' lang='lat' dir='ltr'><strong>non</strong></span> <span class='ocrx_word' id='word_1_334' title='bbox 1352 5011 1930 5099; x_wconf 86' lang='lat' dir='ltr'><strong>obtemperaverit,</strong></span> <span class='ocrx_word' id='word_1_335' title='bbox 1987 5011 2092 5074; x_wconf 89' lang='lat' dir='ltr'><strong>vel</strong></span> <span class='ocrx_word' id='word_1_336' title='bbox 2148 5013 2361 5094; x_wconf 87' lang='lat' dir='ltr'><strong>iussis,</strong></span> <span class='ocrx_word' id='word_1_337' title='bbox 2406 5013 2731 5079; x_wconf 87' lang='lat' dir='ltr'><strong>mandatis</strong></span> <span class='ocrx_word' id='word_1_338' title='bbox 2776 5026 2842 5079; x_wconf 91' lang='lat' dir='ltr'><strong>et</strong></span> <span class='ocrx_word' id='word_1_339' title='bbox 2881 5012 3216 5078; x_wconf 87' lang='lat' dir='ltr'><strong>edictioni-</strong></span> 
     </span>
     <span class='ocr_line' id='line_1_40' title="bbox 358 5109 3218 5202; baseline -0 -24"><span class='ocrx_word' id='word_1_340' title='bbox 358 5110 475 5178; x_wconf 87' lang='lat' dir='ltr'><strong>bus</strong></span> <span class='ocrx_word' id='word_1_341' title='bbox 519 5113 828 5200; x_wconf 88' lang='lat' dir='ltr'><strong>legitimis</strong></span> <span class='ocrx_word' id='word_1_342' title='bbox 874 5138 1000 5179; x_wconf 89' lang='lat' dir='ltr'><strong>non</strong></span> <span class='ocrx_word' id='word_1_343' title='bbox 1045 5112 1368 5202; x_wconf 89' lang='lat' dir='ltr'><strong>paruerit,</strong></span> <span class='ocrx_word' id='word_1_344' title='bbox 1413 5109 1517 5175; x_wconf 90' lang='lat' dir='ltr'><strong>vel</strong></span> <span class='ocrx_word' id='word_1_345' title='bbox 1561 5110 1998 5176; x_wconf 87' lang='lat' dir='ltr'><strong>iurisdictioni</strong></span> <span class='ocrx_word' id='word_1_346' title='bbox 2045 5132 2200 5174; x_wconf 87' lang='lat' dir='ltr'><strong>suae</strong></span> <span class='ocrx_word' id='word_1_347' title='bbox 2246 5109 2711 5199; x_wconf 90' lang='lat' dir='ltr'><strong>obstrepuerit,</strong></span> <span class='ocrx_word' id='word_1_348' title='bbox 2754 5135 2944 5198; x_wconf 87' lang='lat' dir='ltr'><strong>quam</strong></span> <span class='ocrx_word' id='word_1_349' title='bbox 2989 5114 3056 5177; x_wconf 90' lang='lat' dir='ltr'><strong>in</strong></span> <span class='ocrx_word' id='word_1_350' title='bbox 3103 5136 3218 5200; x_wconf 90' lang='lat' dir='ltr'><strong>pu·</strong></span> 
     </span>
     <span class='ocr_line' id='line_1_41' title="bbox 360 5209 3303 5300; baseline -0 -22"><span class='ocrx_word' id='word_1_351' title='bbox 360 5214 610 5278; x_wconf 88' lang='lat' dir='ltr'><strong>niendis</strong></span> <span class='ocrx_word' id='word_1_352' title='bbox 653 5212 1087 5279; x_wconf 87' lang='lat' dir='ltr'><strong>subiectorum</strong></span> <span class='ocrx_word' id='word_1_353' title='bbox 1132 5212 1385 5278; x_wconf 88' lang='lat' dir='ltr'><strong>delictis</strong></span> <span class='ocrx_word' id='word_1_354' title='bbox 1446 5211 1809 5298; x_wconf 88' lang='lat' dir='ltr'><strong>plenariam</strong></span> <span class='ocrx_word' id='word_1_355' title='bbox 1858 5219 2168 5294; x_wconf 88' lang='lat' dir='ltr'><strong>tanquam</strong></span> <span class='ocrx_word' id='word_1_356' title='bbox 2231 5209 2689 5299; x_wconf 85' lang='lat' dir='ltr'><strong>familiaspatri</strong></span> <span class='ocrx_word' id='word_1_357' title='bbox 2746 5210 3008 5300; x_wconf 84' lang='lat' dir='ltr'><strong>reliquit</strong></span> <span class='ocrx_word' id='word_1_358' title='bbox 3068 5235 3211 5277; x_wconf 88' lang='lat' dir='ltr'><strong>aca-</strong></span> <span class='ocrx_word' id='word_1_359' title='bbox 3234 5222 3303 5277; x_wconf 72' lang='lat'><strong>40</strong></span> 
     </span>
    </p>
   </div>
   <div class='ocr_carea' id='block_1_12' title="bbox 362 5309 3220 5478">
    <p class='ocr_par' dir='ltr' id='par_1_12' title="bbox 362 5309 3220 5478">
     <span class='ocr_line' id='line_1_42' title="bbox 362 5309 3220 5400; baseline -0 -23"><span class='ocrx_word' id='word_1_360' title='bbox 362 5312 569 5378; x_wconf 87' lang='lat' dir='ltr'><strong>demia</strong></span> <span class='ocrx_word' id='word_1_361' title='bbox 614 5312 908 5400; x_wconf 87' lang='lat' dir='ltr'><strong>collegio,</strong></span> <span class='ocrx_word' id='word_1_362' title='bbox 953 5314 1008 5375; x_wconf 92' lang='lat' dir='ltr'><strong>si</strong></span> <span class='ocrx_word' id='word_1_363' title='bbox 1051 5314 1234 5398; x_wconf 87' lang='lat' dir='ltr'><strong>prius</strong></span> <span class='ocrx_word' id='word_1_364' title='bbox 1281 5335 1322 5377; x_wconf 87' lang='lat' dir='ltr'><strong>a</strong></span> <span class='ocrx_word' id='word_1_365' title='bbox 1364 5321 1616 5376; x_wconf 86' lang='lat' dir='ltr'><strong>rectore</strong></span> <span class='ocrx_word' id='word_1_366' title='bbox 1661 5320 2075 5375; x_wconf 81' lang='lat' dir='ltr'><strong>anteversum</strong></span> <span class='ocrx_word' id='word_1_367' title='bbox 2121 5331 2248 5374; x_wconf 88' lang='lat' dir='ltr'><strong>non</strong></span> <span class='ocrx_word' id='word_1_368' title='bbox 2289 5309 2537 5394; x_wconf 86' lang='lat' dir='ltr'><strong>fuisset,</strong></span> <span class='ocrx_word' id='word_1_369' title='bbox 2578 5309 2682 5376; x_wconf 81' lang='lat' dir='ltr'><strong>vel</strong></span> <span class='ocrx_word' id='word_1_370' title='bbox 2726 5312 2859 5398; x_wconf 84' lang='lat' dir='ltr'><strong>ipsi</strong></span> <span class='ocrx_word' id='word_1_371' title='bbox 2911 5310 3220 5377; x_wconf 89' lang='lat' dir='ltr'><strong>molestus</strong></span> 
     </span>
     <span class='ocr_line' id='line_1_43' title="bbox 508 5419 2883 5478; baseline -0 -12"><span class='ocrx_word' id='word_1_372' title='bbox 508 5428 950 5467; x_wconf 69' lang='lat' dir='ltr'><strong>sururmucn</strong></span> <span class='ocrx_word' id='word_1_373' title='bbox 985 5428 1101 5465; x_wconf 71' lang='lat' dir='ltr'><strong>nna</strong></span> <span class='ocrx_word' id='word_1_374' title='bbox 1134 5427 1281 5466; x_wconf 72' lang='lat' dir='ltr'><strong>univ.</strong></span> <span class='ocrx_word' id='word_1_375' title='bbox 1317 5428 1559 5466; x_wconf 66' lang='lat' dir='ltr'><strong>turne.</strong></span> <span class='ocrx_word' id='word_1_376' title='bbox 2811 5419 2883 5478; x_wconf 86' lang='lat'><strong>17</strong></span> 
     </span>
    </p>
   </div>
  </div>
 </body>
</html>
