4038 6358
791 593 911 657 218
1930 589 2042 640 Du
2081 603 2268 652 grosse
2303 589 2513 654 colleg.

1994 788 2430 838 PROOEMIUM.

950 903 1147 970 Nulla
1204 904 1623 989 congregatio
1681 903 2013 969 hominum
2026 953 2044 987 ,
2112 925 2278 990 quae
2336 904 2590 968 ratione
2645 914 2709 970 et
2772 904 2998 971 ordine
3059 910 3442 991 continetur,
3499 910 3639 974 sine

788 1002 1041 1091 legibus
1089 1005 1445 1069 consistere
1492 1010 1738 1088 potest,
1796 1002 1968 1068 unde
2022 1013 2086 1070 et
2143 1002 2451 1089 legitimis
2507 1003 2800 1070 coetibus
2855 1027 3094 1072 nomen
3147 1007 3390 1072 factum
3432 1030 3642 1097 neque

789 1102 1101 1189 probrum
1156 1104 1424 1190 gravius
1478 1102 1771 1166 maiusve
1814 1105 2178 1168 convicium
2233 1117 2330 1167 est
2382 1126 2477 1184 eo,
2532 1101 2708 1188 qued
2760 1103 2977 1191 legum
3030 1106 3388 1193 participes
3447 1118 3644 1194 negat

700 1213 732 1266 5
789 1212 851 1266 et
890 1201 1259 1269 violatores
1288 1222 1430 1266 esse
1472 1201 1868 1267 criminatur.
1939 1202 2045 1268 Ea
2087 1203 2256 1267 enim
2286 1200 2562 1267 Graecis
2609 1192 2857 1282 ἀνομία
2901 1213 3018 1287 est,
3063 1205 3132 1269 id
3172 1215 3272 1270 est
3313 1206 3640 1271 iniusticia

780 1311 980 1388 atque
1021 1300 1426 1388 improbitas.
1484 1300 1649 1366 Cum
1693 1310 1908 1365 autem
1936 1302 2240 1383 omnium,
2284 1322 2453 1386 quae
2479 1301 2818 1367 edicuntur
2863 1311 3380 1391 statuunturque,
3420 1304 3637 1369 iuben-

782 1403 877 1466 tia
914 1401 1187 1466 honesta
1229 1409 1424 1485 atque
1466 1410 1646 1465 recta
1685 1411 1749 1465 et
1792 1400 2206 1487 prohibentia
2248 1401 2596 1481 contraria,
2638 1399 2783 1465 fons
2813 1411 2878 1467 et
2917 1404 3101 1489 origo
3133 1405 3215 1467 sit
3242 1401 3351 1466 dei
3395 1406 3639 1468 aeterni

785 1500 1100 1565 sententia
1152 1521 1230 1563 ac
1280 1497 1608 1564 voluntas:
1696 1502 2058 1588 quicunque
2101 1499 2289 1565 bonis
2334 1497 2854 1584 salutaribusque
2907 1499 3156 1586 legibus
3212 1523 3343 1566 non
3398 1501 3638 1567 obtem·

782 1608 989 1687 perat,
1029 1601 1087 1664 is
1130 1607 1193 1663 et
1235 1596 1551 1663 adversus
1595 1597 1786 1664 deum
1829 1609 2163 1664 aeternum
2208 1607 2556 1663 contumax
2596 1607 2695 1663 est
2739 1609 2802 1663 et
2843 1598 3033 1664 huius
3077 1598 3397 1664 voluntati
3439 1601 3636 1665 refra-

706 1710 766 1764 10
785 1699 1001 1787 gando
1046 1698 1367 1764 humanae
1414 1697 1584 1762 vitae
1645 1700 2015 1764 societatem
2064 1696 2309 1763 dirimit
2352 1707 2416 1761 et
2455 1719 2754 1762 caussam
2794 1696 2909 1762 dat
2951 1699 3019 1763 in
3064 1700 3423 1764 communis
3463 1700 3635 1765 vitae

784 1797 1208 1864 dissolutione
1268 1798 1698 1863 maximorum
1762 1798 2084 1863 malorum
2142 1807 2206 1863 et
2268 1796 2628 1862 exitialium
2695 1795 3134 1862 calamitatum
3193 1808 3260 1862 et
3319 1798 3450 1864 sibi
3512 1800 3636 1887 ipsi

784 1897 1106 1986 imprimis
1151 1905 1479 1960 extremae
1522 1895 1919 1962 infelicitatis
1964 1906 2189 1962 auctor
2227 1904 2343 1960 est.
2387 1895 2559 1960 Vere
2603 1896 2772 1960 enim
2814 1895 3069 1979 dicitur,
3124 1894 3301 1984 leges
3345 1898 3638 1985 obligare

784 2007 848 2063 et
889 1995 975 2061 ad
1021 1994 1454 2060 obedientiam
1499 2004 1561 2058 et
1602 1994 1688 2059 ad
1731 2016 2027 2081 poenam,
2071 2005 2142 2060 ut
2184 1996 2342 2061 ferri
2383 1994 2828 2081 intelligantur
2871 2005 3004 2059 tam
3050 1994 3238 2060 bonis
3289 2018 3368 2060 ac
3412 1995 3635 2084 probis

782 2118 978 2182 quam
1019 2093 1336 2180 improbis
1381 2105 1571 2179 atque
1620 2091 1826 2158 malis.
1913 2093 2080 2160 Sunt
2134 2103 2345 2159 autem
2401 2117 2440 2158 a
2498 2093 2769 2179 collegio
2818 2102 3063 2176 nosti-0,
3119 2096 3224 2158 cui
3277 2093 3635 2161 illusa-issi-

704 2207 762 2260 15
783 2217 1034 2260 morum
1087 2195 1453 2280 principum
1504 2191 1741 2257 ducum
1784 2190 2113 2259 Saxoniae
2166 2216 2248 2257 ex
2307 2194 2718 2279 septemviris
2773 2193 3281 2280 imperatoribus
3342 2193 3634 2281 legendis

782 2292 1280 2359 clementissimo
1330 2290 1643 2357 beneficio
1697 2294 2066 2378 proprietas
2111 2293 2339 2358 harum
2394 2293 2654 2358 aedium
2695 2304 2794 2358 est
2832 2292 3181 2375 attributa,
3241 2292 3326 2357 ab
3371 2295 3634 2383 antiquo

781 2391 1021 2458 utiliter
1063 2400 1127 2455 et
1169 2390 1507 2477 praeclare
1551 2413 1630 2456 ea
1657 2392 1925 2475 sancita,
1971 2391 2057 2456 ad
2101 2413 2265 2479 quae
2306 2391 2632 2456 servanda
2672 2392 2969 2479 inquilini
3011 2394 3078 2457 in
3119 2391 3222 2457 his
3263 2401 3635 2458 tenerentur

780 2492 1065 2557 universi
1109 2500 1173 2555 et
1214 2487 1342 2576 [38]
1387 2489 1634 2576 placuit
1674 2491 1788 2556 illa
1831 2490 1916 2556 ad
1969 2491 2305 2555 minimum
2356 2490 2628 2577 singulis
2682 2491 3100 2556 semestribus
3151 2490 3418 2579 publice
3476 2495 3633 2558 reci-

778 2593 924 2656 tari.
984 2590 1169 2671 Quae
1211 2591 1305 2653 sic
1345 2589 1695 2676 explicata,
1737 2603 1809 2656 ut
1848 2600 2102 2677 tempus
2146 2600 2211 2654 et
2250 2610 2357 2653 res
2395 2588 2560 2673 tulit,
2602 2592 3048 2675 communique
3093 2588 3354 2677 collegii
3393 2591 3633 2658 iudicio

694 2700 762 2756 20
780 2691 1116 2775 recognita
1175 2687 1643 2775 diligenterque
1698 2691 2066 2777 perscripta
2118 2698 2182 2753 et
2233 2688 2724 2753 accommodata
2777 2690 3139 2776 praesentis
3183 2690 3360 2754 vitae
3416 2690 3633 2756 condi·

778 2790 958 2872 tioni,
1003 2810 1174 2852 nunc
1217 2788 1432 2869 etiam,
1474 2788 2011 2875 quemadmodum
2057 2798 2208 2872 ante
2248 2787 2490 2853 factum
2517 2797 2633 2871 est,
2676 2786 3142 2853 recitabuntur.
3202 2787 3462 2870 Quibus
3506 2812 3632 2855 om·

777 2911 914 2971 nes,
969 2888 1079 2975 qui
1122 2888 1241 2954 has
1284 2886 1480 2952 aedes
1518 2887 1834 2970 incolunt,
1889 2886 2249 2975 parendum
2305 2909 2447 2951 esse
2495 2888 2701 2952 scient
2740 2896 2804 2951 et
2845 2887 2970 2952 hac
3020 2887 3170 2972 ipsa
3225 2886 3634 2954 obedientiae

778 2989 1087 3054 servitute
1148 3009 1302 3052 vere
1364 2985 1607 3052 liberos
1670 2986 2163 3074 liberaliumque
2226 2987 2463 3051 artium
2528 2986 2854 3052 studiosos
2919 3008 3061 3051 sese
3125 2986 3266 3051 fore
3335 2996 3631 3053 statuent.

774 3087 1128 3173 Magistros
1174 3085 1433 3174 quidem
1475 3085 1791 3152 bonarum
1831 3088 2068 3151 artium
2110 3094 2175 3149 et
2214 3084 2488 3150 aliorum
2530 3095 2989 3174 praeceptores
3026 3107 3144 3150 sua
3181 3085 3364 3172 ipsos
3406 3097 3633 3174 sponte

694 3198 759 3253 25
779 3189 1064 3253 facturos
1107 3209 1250 3252 esse
1285 3186 1565 3253 officium
1611 3210 1794 3252 suum
1836 3186 2217 3252 confidimus
2258 3196 2324 3250 et
2364 3196 2435 3249 ut
2471 3185 2717 3250 faciant
2761 3185 3116 3268 hortamur,
3159 3194 3292 3250 tam
3335 3187 3630 3275 exemplo

782 3308 938 3352 suae
978 3285 1132 3350 fidei
1176 3286 1261 3350 ad
1303 3286 1768 3351 instituendum
1813 3288 2195 3353 commissos
2242 3307 2435 3373 quam
2478 3283 2782 3349 doctrina
2836 3286 3099 3372 pietatis
3146 3286 3629 3373 sapientiaeque

777 3395 842 3451 et
895 3386 1153 3449 virtutis
1219 3384 1556 3450 efficiendo
1611 3384 1933 3467 meliores,
1993 3395 2066 3450 ut
2124 3394 2188 3449 et
2228 3382 2548 3449 habitatio
2604 3405 2885 3469 ususque
2949 3382 3207 3448 aedium
3265 3396 3630 3450 nostrarum

774 3483 1106 3571 inquilinis
1163 3494 1389 3570 gratus
1433 3492 1626 3568 atque
1676 3482 1993 3548 iucundus
2049 3485 2134 3548 sit
2187 3492 2251 3547 et
2305 3482 2464 3547 nihil
2523 3482 2606 3548 ab
2662 3481 2763 3546 his
2815 3481 3148 3547 molestiae
3202 3484 3631 3572 tristitiaeque

776 3583 963 3649 nobis
1007 3583 1314 3649 offeratur
1353 3591 1418 3646 et
1458 3583 1760 3648 honestas
1801 3582 1869 3645 in
1908 3580 2258 3667 tranquilla
2311 3581 2774 3647 consuetudine
2814 3580 3015 3668 digna
3053 3582 3461 3668 professione
3505 3593 3629 3647 stu·

689 3694 757 3749 30
776 3683 1031 3750 diorum
1072 3692 1438 3747 nostrorum
1482 3680 1902 3746 custodiatur.

938 3781 1262 3869 Exposita
1326 3790 1542 3845 autem
1617 3789 1765 3845 sunt
1839 3780 2207 3868 promiscue
2282 3779 2916 3845 animadversionem
2980 3777 3498 3867 edictionemque
3571 3791 3630 3845 et

773 3881 1455 3946 commonefactionem
1493 3879 1909 3967 requirentia,
1952 3901 2120 3966 quae
2163 3878 2366 3944 ordiri
2409 3877 2494 3943 ab
2539 3879 2944 3965 ingressione
2986 3880 3055 3942 in
3100 3882 3626 3945 communitatem

772 3981 1007 4045 harum
1046 3978 1303 4044 aedium
1353 3987 1419 4044 et
1461 3978 1765 4066 deinceps
1820 4000 1938 4065 per
1991 3988 2463 4044 consentaneae
2519 3980 2588 4043 in
2641 3977 2741 4043 his
2785 3980 2960 4043 vitae
3019 3985 3083 4041 et
3140 3981 3628 4064 congruentium

771 4101 1023 4145 morum
1077 4077 1580 4164 descriptionem
1639 4079 1875 4163 exequi
1927 4078 2140 4141 visum
2198 4086 2296 4141 est
2361 4079 2490 4161 ita,
2552 4076 3096 4164 quemadmodum
3148 4073 3248 4138 XI
3306 4076 3625 4166 capitibus

690 4189 756 4243 35
777 4177 1087 4243 distincta
1149 4177 1427 4243 audietis
1489 4177 1771 4242 recitari.
1864 4176 1978 4242 Sic
2039 4185 2258 4241 autem
2320 4176 2629 4259 audietis,
2694 4186 2766 4242 ut
2825 4200 2955 4242 non
3023 4175 3366 4262 patiamini
3443 4178 3628 4266 quasi

773 4279 1000 4343 inanes
1056 4299 1249 4342 sonos
1301 4275 1814 4363 praetervolare,
1874 4274 1988 4340 sed
2048 4272 2374 4339 intellecta
2433 4286 2496 4341 et
2553 4276 3025 4363 comprehensa
3081 4275 3317 4341 animis
3378 4297 3625 4340 summo

774 4375 987 4441 studio
1053 4374 1181 4463 [39]
1244 4368 1656 4457 annitamini,
1720 4383 1791 4439 ut
1856 4397 2025 4461 quae
2087 4373 2390 4438 iubentur
2450 4375 2708 4440 faciatis
2776 4384 2841 4439 et
2904 4374 3122 4439 vitetis
3184 4396 3350 4460 quae
3413 4374 3624 4461 prohi-

771 4475 1021 4541 bentur.

2033 4566 2265 4641 Caput
2298 4571 2343 4626 1.

688 4721 755 4776 4ο
1772 4724 1866 4771 m:
1909 4724 2224 4773 ransom
2262 4724 2620 4785 motuum.

937 4842 1229 4906 Primum
1273 4840 1557 4904 omnium
1601 4840 1711 4926 qui
1756 4838 2117 4905 conducere
2158 4837 2579 4907 habitationis
2618 4839 2831 4904 locum
2878 4840 3072 4922 volet,
3116 4840 3290 4906 hunc
3329 4839 3627 4907 nolumus

772 4963 853 5004 ex
898 4940 1239 5026 gymnasio
1285 4946 1397 5003 aut
1440 4937 1712 5024 collegio
1762 4937 2120 5026 relegatum
2167 4949 2279 5003 aut
2331 4938 2687 5004 exclusum.
2768 4939 3083 5005 Nolumus
3139 4939 3227 5005 ad
3283 4940 3626 5027 collegium

774 5040 987 5125 accipi
1038 5037 1495 5105 scholasticum
1546 5048 1659 5103 aut
1701 5040 1993 5126 quemvis
2044 5037 2242 5103 alium
2289 5039 2810 5126 intemperantia,
2870 5039 3464 5124 compotationibus
3520 5050 3628 5103 aut

775 5136 921 5203 alea
964 5136 1365 5205 similibusve
1403 5138 1580 5202 vitiis
1639 5138 1944 5205 infamem
1996 5145 2110 5202 aut
2156 5136 2592 5203 turbulentum
2651 5151 2714 5203 et
2765 5139 3131 5205 factiosum.
3215 5138 3442 5223 Neque
3483 5158 3624 5225 eum

690 5246 756 5300 45
778 5233 1199 5319 admittimus,
1241 5236 1343 5301 cui
1386 5258 1530 5300 cum
1574 5236 1792 5321 aliquo
1829 5258 1910 5302 ex
1957 5236 2223 5321 collegis
2263 5237 2645 5323 manifestae
2681 5238 3063 5303 inimicitiae
3101 5235 3526 5303 intercedant.
