4038 6358
834 552 957 618 280
1970 548 2084 600 Das
2125 547 2536 617 Frauoncolleg.

837 738 1244 812 statutorum,
1302 737 1498 816 atque
1552 729 1746 795 etiam
1802 751 2001 817 agere
2044 740 2429 797 conventum
2486 730 2746 818 collegii
2799 731 2887 799 ad
2941 733 3320 821 petitionem
3369 729 3743 797 cuiuscun-

832 852 958 918 que
1006 827 1299 914 collegae
1351 830 1527 895 intra
1570 828 1742 894 diem
1787 829 2170 914 naturalem,
2226 839 2292 895 et
2347 838 2590 895 statuta
2644 831 2731 896 ad
2789 831 3071 898 officium
3113 843 3327 897 meum
3384 830 3744 918 pertinen-

833 930 960 996 tia¹
1006 925 1133 1042 [ιθ]
1175 926 1352 993 bona
1405 926 1534 994 fide
1591 927 1962 1014 observare,
2013 931 2110 995 ita
2156 940 2374 995 tamen
2428 951 2512 994 ne
2567 929 2697 996 levi
2756 929 2837 997 de
2885 954 3086 998 causa
3138 931 3246 998 vel
3303 927 3744 1016 negligentia

835 1028 1194 1116 periurium
1233 1026 1584 1092 incurram.
1589 1027 1628 1063 “

752 1136 786 1192 5
1002 1125 1123 1191 XI.
1180 1125 1379 1191 Dicto
1439 1127 1801 1193 iuramento
1867 1126 2141 1213 quilibet
2203 1127 2452 1214 collega
2523 1089 2836 1217 stipulata
2902 1151 3098 1195 manu
3163 1121 3480 1194 debitam
3553 1149 3740 1194 reve-

835 1226 1115 1292 rentiam
1162 1235 1224 1290 et
1281 1223 1756 1292 oboedientiam
1807 1228 2184 1314 praeposito
2230 1236 2295 1293 et
2353 1226 2544 1293 simul
2595 1228 2880 1294 studium
2941 1237 3135 1315 atque
3188 1250 3485 1316 operam
3549 1249 3740 1292 suam

837 1348 1091 1392 omnem
1145 1325 1215 1389 in
1279 1323 1473 1391 rebus
1537 1324 1623 1391 ad
1682 1325 2063 1412 dignitatem
2136 1338 2200 1393 et
2268 1326 2609 1395 commoda
2681 1326 2938 1416 collegii
3010 1324 3514 1415 pertinentibus
3588 1348 3738 1412 pro·

833 1427 1067 1491 mittat.

1001 1522 1151 1590 XII.
1212 1522 1597 1611 Praeposito
1643 1523 1783 1589 sine
1835 1523 2090 1611 collegii
2138 1546 2454 1591 consensu
2506 1523 2666 1591 nihil
2707 1525 2901 1592 liceat
2943 1535 3228 1591 statuere
3274 1524 3356 1590 de
3407 1522 3634 1590 rebus
3675 1533 3736 1588 et

762 1635 826 1690 10
846 1623 1137 1709 negociis
1181 1621 1434 1708 collegii
1479 1620 1910 1708 gravioribus.

1002 1718 1187 1786 XIII.
1243 1720 1668 1808 Praepositus
1731 1724 2105 1809 antiquatas
2163 1723 2524 1789 successori
2585 1744 2699 1787 suo
2758 1724 2968 1810 primo
3026 1744 3247 1788 mense
3306 1720 3438 1787 sub
3511 1742 3732 1808 poena

839 1822 1029 1886 unius
1056 1842 1266 1885 novae
1294 1843 1680 1906 sexagenas,
1724 1832 2070 1909 postquam
2111 1822 2487 1908 designatus
2527 1821 2667 1904 fuit,
2712 1819 2906 1886 debet
2944 1819 3404 1909 praesentibus
3448 1818 3732 1906 reliquis

845 1919 1109 2006 collegis
1148 1917 1423 1985 reddere
1460 1920 1745 1986 rationes
1787 1921 2039 2007 accepti
2080 1931 2144 1987 et
2173 1921 2466 2010 expensi,
2510 1943 2676 2010 quae
2703 1944 2857 1986 mox
2899 1921 3320 2006 consignatae
3361 1921 3443 1984 in
3491 1919 3730 1984 fiscum

846 2042 993 2085 cum
1033 2018 1297 2084 residua
1337 2020 1633 2106 pecunia,
1682 2020 1738 2084 si
1780 2042 1911 2107 qua
1952 2021 2164 2105 merit,
2206 2023 2434 2108 reponi
2480 2019 2737 2086 debent.

760 2126 822 2184 15
1004 2117 1221 2183 ΧΙΠΙ.
1282 2117 1446 2184 Cum
1491 2117 1572 2183 de
1632 2118 1826 2184 rebus
1870 2120 2096 2185 arduis
2139 2130 2204 2186 et
2244 2121 2467 2206 magni
2507 2116 2977 2207 mo[11]menti
3026 2118 3344 2183 dissensio
3404 2124 3540 2198 est,
3597 2137 3726 2180 non

840 2218 1058 2282 statim
1113 2215 1307 2282 debet
1374 2219 1789 2306 praepositus
1852 2242 2036 2285 suam
2098 2220 2512 2306 interponere
2573 2220 2989 2307 autoritatem
3044 2215 3162 2284 sed
3218 2216 3379 2281 dare
3444 2213 3726 2299 collegis

835 2324 1092 2403 tempus
1139 2315 1573 2400 deliberandi,
1632 2326 1824 2404 prout
1878 2340 1984 2383 res
2028 2329 2091 2384 et
2134 2341 2332 2384 causa
2375 2317 2708 2407 postulare
2751 2326 2815 2382 et
2855 2317 3026 2383 ferre
3066 2315 3414 2382 videbitur.
3505 2313 3586 2379 Si
3629 2335 3722 2378 se·

838 2414 1050 2481 cundo
1094 2417 1433 2482 convocati
1484 2439 1615 2483 non
1669 2425 1973 2503 poterunt
2017 2419 2384 2501 convenire,
2436 2417 2662 2482 itidem
2706 2415 2790 2481 ab
2836 2439 2910 2482 eo
2952 2415 3082 2481 fiet.
3163 2414 3390 2480 Tertio
3439 2434 3720 2499 congre·

840 2524 1027 2602 gatos
1070 2516 1277 2581 amice
1321 2515 1702 2599 hortabitur,
1760 2526 1830 2581 ιιι
1872 2517 2061 2581 iuxta
2102 2515 2297 2583 fidem
2344 2516 2615 2603 collegio
2657 2516 3047 2603 promissam
3094 2516 3363 2603 quisque
3409 2536 3498 2579 ea
3541 2511 3716 2577 dicat

757 2622 825 2678 20
844 2621 909 2677 et
952 2613 1171 2697 faciat,
1215 2636 1381 2702 quae
1422 2616 1707 2681 maxime
1753 2614 2094 2681 videantur
2138 2615 2275 2681 fore
2317 2638 2353 2680 e
2394 2638 2466 2680 re
2509 2616 2849 2680 communi.

1007 2712 1078 2778 Si
1117 2734 1330 2801 neque
1375 2723 1511 2778 tum
1549 2715 1718 2779 inter
1757 2715 1936 2801 ipsos
1978 2714 2173 2779 fuerit
2227 2736 2600 2797 consensus,
2652 2714 3066 2803 praepositus
3122 2735 3243 2800 pro
3291 2712 3516 2780 officio
3561 2710 3713 2776 boni

840 2813 969 2877 viri
1006 2810 1103 2877 id‘
1117 2811 1439 2896 decernet,
1483 2813 1655 2901 quod
1699 2814 2008 2901 optimum
2054 2824 2117 2879 et
2159 2813 2570 2880 utilissimum
2612 2812 2947 2878 iudicabit.

1004 2928 1151 2996 XV.
1213 2927 1379 2994 Cum
1423 2928 1681 2994 scholae
1724 2938 1789 2994 et
1837 2931 2329 2995 communitates
2379 2928 2750 3015 collegiales
2803 2951 2946 2993 esse
3003 2926 3283 2996 debeant
3334 2928 3608 3014 pietatis
3650 2937 3710 2990 et

841 3027 1102 3092 virtutis
1159 3027 1455 3094 officinae
1501 3038 1565 3092 et
1606 3028 1925 3111 custodes,
1980 3028 2129 3094 ideo
2179 3029 2481 3116 inprimis
2539 3047 2697 3094 cura
2745 3049 2888 3092 esse
2934 3025 3127 3093 debet
3183 3028 3592 3115 praeposito,
3644 3031 3712 3089 ut

769 3135 837 3193 25
858 3126 1164 3193 honestas
1216 3128 1283 3192 in
1327 3126 1599 3215 collegio
1648 3138 1940 3194 servetur
1985 3137 2049 3194 et
2092 3131 2299 3195 omnis
2354 3126 2711 3216 turpitudo,
2757 3136 3068 3215 quantum
3107 3126 3249 3192 fieri
3300 3135 3540 3214 potest,
3584 3119 3706 3212 [12]

846 3227 1144 3294 evitetur.
1226 3225 1538 3292 Volumus
1610 3230 1830 3314 igitur,
1894 3237 1966 3292 ut
2033 3227 2205 3293 ultra
2268 3249 2671 3293 communem
2735 3234 3102 3313 respectum
3170 3228 3366 3291 etiam
3435 3222 3706 3310 singulis

844 3324 1263 3392 semestribus
1308 3335 1550 3391 statuta
1592 3326 1679 3391 ad
1735 3327 2087 3412 inquilinos
2131 3329 2523 3414 pertinentia
2578 3327 2930 3391 recitentur
2983 3335 3047 3390 et
3101 3325 3400 3391 lustratio
3454 3322 3704 3389 habita·

838 3427 1087 3492 tionum
1140 3424 1275 3507 fiat,
1333 3434 1399 3489 et
1454 3448 1680 3491 severe
1735 3426 2102 3512 inquiratur
2156 3427 2226 3491 in
2271 3426 2486 3491 studia
2527 3435 2592 3491 et
2638 3448 2853 3491 mores
2909 3425 3394 3513 inquilinorum,
3451 3422 3704 3535 illisque

839 3524 1236 3612 iniungatur,
1290 3534 1361 3589 ut
1403 3525 1815 3608 mundiciam,
1871 3548 2039 3614 quae
2091 3534 2155 3589 et
2195 3523 2553 3591 honorifica
2606 3535 2704 3590 est
2757 3524 3030 3610 collegio
3083 3536 3147 3589 et
3191 3525 3355 3610 ipsis
3414 3534 3479 3588 et
3531 3520 3700 3586 miri·

756 3624 964 3689 30fice
1006 3623 1311 3689 conducit
1353 3624 1641 3706 sanitati,
1697 3634 2100 3691 conservent.
2185 3622 2259 3689 Si
2313 3624 2473 3711 quid
2534 3624 2732 3689 etiam
2784 3624 3313 3689 animadversum
3370 3621 3585 3702 fuerit,
3637 3618 3698 3682 in

840 3746 967 3812 quo
1042 3731 1267 3787 contra
1346 3732 1588 3790 statuta
1663 3722 1898 3808 aliquis
1980 3723 2360 3813 deliquerit,
2439 3745 2560 3810 pro
2638 3722 2951 3811 qualitate
3028 3721 3247 3787 delicti
3321 3745 3362 3786 a
3435 3717 3698 3803 collegio

885 3822 1169 3887 uniatur.

839 3846 884 3910 p
1004 3918 1188 3986 XVI.
1252 3918 1543 4008 Collega,
1600 3922 1712 4009 qui
1755 3921 2092 3987 mulierem
2136 3932 2481 4009 suspectae
2528 3920 2884 4009 pudicitiae
2947 3944 3166 3987 secum
3204 3918 3514 3985 habuisse
3558 3939 3695 3983 con-

837 4020 1053 4085 victus
1092 4018 1288 4083 fuerit
1303 4067 1321 4100 ,
1385 4019 1718 4105 persolvat
1754 4019 1914 4086 fisco
1958 4020 2213 4107 collegii
2255 4020 2496 4088 multae
2539 4023 2800 4089 nomine
2857 4044 2974 4086 sex
3017 4020 3319 4103 florenos,
3376 4042 3538 4107 quos
3577 4014 3693 4080 nisi

840 4283 1134 4356 zugefiigt:
1168 4284 1346 4338 altero
1379 4284 1565 4339 statim
1597 4284 1690 4339 dic
1712 4292 2009 4355 postquam
2042 4287 2362 4356 acceperim,
2395 4285 2640 4340 rationes
2671 4289 2949 4339 sernesbres
2979 4285 3141 4339 statis
3175 4284 3423 4339 terminio
3457 4285 3511 4337 d.
3545 4278 3695 4336 Galla·

838 4377 892 4426 ct
925 4372 979 4423 d.
1018 4366 1257 4439 Georgii
1286 4370 1529 4424 reddere.
1587 4367 1729 4423 Eine
1765 4372 1982 4439 spatere
2016 4368 2201 4438 Hand,
2236 4369 2327 4424 die
2361 4367 2617 4440 zugleich
2650 4369 2754 4423 das
2787 4365 3407 4439 Verweisungszeichen
3445 4364 3693 4435 riehtiger

837 4458 979 4510 setzt
1026 4450 1236 4523 (hinter
1284 4452 1654 4524 diso-ime),
1700 4452 1802 4507 hat
1851 4468 1953 4506 aus
2003 4453 2183 4507 altero
2237 4453 2501 4525 gemacht
2546 4470 2628 4515 co,
2676 4451 3104 4509 unbekiimmert
3153 4469 3247 4506 um
3296 4450 3401 4506 das
3449 4446 3691 4522 folgende

829 4543 1141 4609 postquam.

992 4619 1134 4674 Eine
1171 4622 1389 4691 spiitere
1412 4618 1704 4675 Abschrift
1736 4618 1917 4675 dieser
1941 4618 2218 4689 Statuten,
2250 4619 2340 4675 die
2375 4618 2493 4675 sich
2520 4618 2791 4676 ebenfalls
2826 4619 2885 4673 in
2920 4620 3045 4674 dem
3068 4618 3312 4675 Archive
3339 4619 3439 4674 des
3461 4618 3686 4673 Frauen·

840 4702 1050 4774 collegs
1093 4702 1355 4773 befindet‚
1399 4703 1501 4758 hat
1547 4721 1646 4758 aus
1680 4702 2065 4774 Fliichtigkeit
2101 4702 2190 4758 die
2229 4721 2409 4774 ganze
2454 4704 2656 4772 Pau-tie,
2704 4703 2885 4758 neben
2933 4701 3166 4758 welcher
3201 4702 3353 4758 diese
3389 4697 3688 4756 Randnotiz

842 4785 1201 4858 gcschrieben
1253 4786 1415 4857 steht,
1465 4787 1820 4859 ausgelassen
1867 4786 2171 4857 (vielleicht
2213 4788 2272 4842 in
2320 4788 2433 4850 der,
2478 4786 2697 4843 freilich
2749 4785 3157 4858 unbegreiflich
3201 4785 3548 4853 verkehrten,
3589 4781 3690 4837 An·

838 4871 1056 4939 nahme,
1099 4871 1189 4925 die
1229 4870 1546 4926 Randnotiz
1586 4871 1720 4926 solle
1756 4872 1859 4926 das
1893 4868 2015 4926 hier
2053 4870 2127 4924 im
2164 4869 2402 4927 Context
2437 4871 2715 4928 Stehende
2748 4873 3032 4942 ersetzen),
3079 4888 3139 4925 so
3171 4870 3299 4925 dass
3349 4870 3449 4925 der
3483 4870 3688 4924 Znsam-

838 4955 1120 5027 menhang
1151 4953 1213 5008 in
1244 4953 1532 5013 derselben
1567 4953 1768 5011 lautet:
1823 4956 2153 5010 dabor-{buon
2182 4971 2247 5010 co
2281 4957 2470 5010 statim
2501 4958 2594 5011 die
2641 5000 2653 5012 .
2689 4994 2703 5009 .
2739 4996 2753 5010 .
2795 4998 2808 5010 .
2852 4956 3083 5010 reddere
3115 4955 3268 5009 ina-a
3300 4956 3448 5009 diem
3478 4961 3684 5009 nam

841 5037 946 5093 lan
982 5055 1038 5095 ιι.
1079 5055 1123 5095 s.
1156 5056 1222 5094 w.

1014 5125 1035 5177 1
1080 5121 1244 5177 Auch
1280 5120 1465 5177 hinter
1499 5121 1703 5178 diesem
1738 5122 1937 5178 Worte
1971 5121 2130 5177 hatte
2161 5120 2361 5178 Christ.
2395 5122 2696 5178 Preibisius
2727 5122 2851 5180 eine
2883 5121 3216 5195 Einfiigung
3251 5139 3328 5178 an
3359 5122 3470 5177 den
3502 5124 3684 5175 antem

846 5205 1010 5261 Rand
1042 5204 1488 5279 nachgetragen3
1522 5205 1761 5262 dieselbe
1799 5205 1872 5261 ist
1905 5204 2042 5261 aber
2073 5206 2273 5262 wieder
2306 5207 2734 5281 ausgcstrichen.
