4038 6358
793 595 912 656 196
1871 593 1985 642 Das
2029 607 2216 656 grosse
2257 591 2468 656 colleg.

795 811 891 874 37.
931 822 1025 869 DE
1056 821 1408 870 PORCIONE
1453 822 1779 872 SCOLABIS
1822 826 1894 872 m
1927 823 2263 872 ABSENCIA
2301 822 2632 870 MAGISTRI
2672 822 2781 870 SUI
2821 821 2957 872 PER
2985 819 3270 870 mensim
3307 820 3634 869 mma.

954 955 1119 1019 Item
1164 955 1412 1042 placuit
1457 955 1747 1042 collegio,
1803 957 1997 1042 quod,
2051 958 2368 1020 existente
2420 956 2698 1043 pecunia
2754 953 3064 1042 stipendii
3112 952 3320 1037 totali,
3378 953 3634 1018 scolaris

792 1054 1091 1139 magistri
1151 1054 1459 1138 absentis,
1514 1057 1568 1120 si
1626 1078 1813 1143 quem
1870 1067 2024 1142 post
2079 1078 2149 1120 se
2204 1054 2566 1143 reliquerit,
2619 1052 2920 1119 comedat
2974 1053 3180 1139 gratis
3236 1054 3306 1117 in
3364 1052 3638 1137 qualibet

793 1153 1158 1218 mutacione
1211 1176 1331 1240 per
1374 1178 1572 1220 unum
1611 1177 1918 1237 mensem,
1974 1177 2060 1219 ex
2104 1176 2230 1239 quo
2282 1154 2596 1239 magister
2652 1176 2803 1218 suus
2857 1162 3037 1217 tanto
3080 1161 3374 1239 tempore
3417 1150 3637 1216 absens

709 1263 741 1317 5
793 1275 834 1316 a
874 1249 1145 1337 collegio
1191 1275 1334 1318 esse
1389 1255 1629 1344 poterit
1684 1255 1821 1318 sine
1873 1251 2148 1318 licencia
2200 1252 2500 1338 speciali,
2560 1263 2630 1317 ut
2686 1254 2859 1317 canit
2916 1260 3225 1317 statutum
3281 1250 3638 1316 immediate

792 1349 1214 1438 praecedens.
1305 1350 1377 1416 Si
1435 1375 1590 1418 vero
1643 1350 1814 1416 ultra
1874 1351 2254 1434 comederit,
2319 1351 2530 1417 solvat
2590 1374 2710 1438 pro
2767 1350 3054 1439 qualibet
3116 1349 3232 1414 tali
3287 1349 3639 1416 ebdomada

795 1460 1076 1535 quatuor
1132 1474 1228 1536 gr.
1284 1474 1508 1534 novos,
1563 1475 1684 1539 pro
1743 1450 1976 1538 quibus
2033 1453 2235 1516 eciam
2283 1473 2538 1538 semper
2588 1451 2852 1515 inantea
2893 1449 3095 1515 bursa
3149 1448 3425 1515 scolaris
3485 1471 3639 1514 com-

792 1550 1012 1636 putari
1055 1548 1264 1634 debet,
1310 1561 1420 1615 aut
1464 1560 1587 1616 stet
1632 1553 1699 1616 in
1745 1561 1916 1616 sorte
1961 1574 2107 1616 cum
2151 1549 2297 1615 aliis
2341 1572 2460 1636 pro
2505 1560 2660 1632 toto,
2701 1550 2823 1614 hoc
2863 1548 3170 1615 videlicet
3210 1548 3428 1631 modo,
3477 1546 3638 1634 quod

796 1649 1006 1734 primo
1052 1657 1115 1712 et
1156 1657 1305 1713 ante
1348 1654 1566 1716 omnia
1612 1648 1671 1738 [7
1684 1647 1738 1738 b]
1786 1647 2147 1714 deducatur
2193 1652 2470 1735 pecunia
2513 1672 2633 1736 pro
2678 1647 2975 1714 omnibus
3020 1648 3403 1735 septimanis
3446 1647 3634 1731 magi·

715 1756 780 1811 10
799 1756 1080 1812 sti-orum
1140 1752 1620 1835 praesencium‚
1683 1760 1745 1815 et
1808 1749 2141 1814 residuum
2202 1750 2257 1814 si
2326 1748 2482 1838 quid
2541 1749 2762 1830 fuerit,
2826 1749 3046 1812 veniat
3106 1746 3465 1833 aequaliter
3532 1766 3641 1831 pro

798 1846 1176 1934 septimanis
1220 1848 1565 1913 scolarium
1608 1847 2088 1915 comedencium
2132 1856 2266 1912 tam
2307 1849 2770 1933 magistrorum
2811 1847 3264 1934 praesencium
3304 1867 3503 1934 quam
3541 1843 3640 1908 ab—

797 1948 1103 2029 sencium,
1162 1948 1315 2033 quia
1367 1970 1486 2034 per
1537 1947 1708 2013 hunc
1762 1946 2027 2012 modum
2078 1946 2345 2012 tandem
2403 1945 2647 2011 rediret
2703 1968 2810 2010 res
2865 1948 2933 2010 in
2987 1947 3335 2033 pristinum
3394 1952 3640 2025 statum,

796 2046 1044 2110 scilicet
1084 2044 1257 2133 quod
1301 2047 1568 2112 scolaris
1607 2047 1677 2111 in
1715 2045 2025 2111 absencia
2066 2046 2365 2132 magistri
2423 2047 2524 2111 sui
2578 2067 2695 2132 per
2746 2054 2953 2111 totum
3000 2042 3367 2110 comederet
3424 2042 3641 2128 gratis,

794 2143 898 2209 vel
942 2143 1171 2209 saltem
1214 2167 1447 2232 parum
1491 2144 1763 2211 adderet
1803 2168 1923 2232 pro
1966 2167 2062 2211 eo,
2145 2145 2235 2210 Et
2274 2144 2416 2227 hoc,
2458 2142 2719 2232 quando
2762 2144 3051 2209 redirent
3091 2153 3390 2230 tempora
3430 2142 3645 2229 priora

716 2253 777 2308 15
798 2253 863 2308 et
900 2242 1185 2310 meliora.
1276 2242 1537 2330 [Arnold
1591 2249 1934 2327 Wostqfeld‚
1977 2249 2088 2308 seit
2137 2249 2292 2312 1520
2333 2248 2407 2306 im
2445 2263 2696 2325 grassem
2746 2244 2958 2323 Colkq,
3012 2247 3116 2304 kat
3169 2265 3252 2305 απ
3306 2248 3421 2304 den
3467 2247 3645 2304 Rand

790 2347 1166 2423 yeeckrieben
1180 2369 1197 2404 .·
1280 2344 1427 2409 Non
1468 2340 1805 2430 servatur]

971 2514 1071 2579 38.
1115 2527 1207 2575 m:
1250 2525 1482 2575 nuceo
1525 2527 1618 2574 ET
1660 2527 1950 2576 nmmo
1991 2525 2314 2574 sumnus
2351 2526 2486 2576 PER
2529 2526 3083 2576 cssnvmnrum
3122 2526 3464 2575 Amemus.

958 2643 1121 2709 Item
1162 2644 1473 2729 magister
1515 2641 1746 2707 bibens
1792 2641 1896 2706 vel
1939 2642 2286 2707 cervisiam
2330 2664 2516 2706 suam
2552 2644 2878 2729 recipiens
2934 2642 3105 2707 infra
3147 2642 3640 2707 cervisiaturam

795 2741 1065 2807 alicuius
1119 2743 1418 2827 magistri
1470 2743 1817 2808 cervisiam
1872 2740 2282 2828 respicientis
2345 2750 2600 2806 tenetur
2650 2751 2824 2806 stare
2886 2743 2957 2806 in
3007 2740 3188 2806 lucro
3246 2751 3311 2805 et
3370 2739 3641 2825 dampno

712 2846 780 2903 20
799 2839 919 2905 sub
961 2842 1086 2906 isto
1130 2839 1351 2906 modo:
1416 2842 1473 2904 si
1511 2850 1649 2906 tota
1691 2842 1986 2927 pecunia,
2041 2863 2164 2927 pro
2209 2841 2490 2905 cervisia
2543 2842 2864 2927 exposita,
2919 2841 3217 2928 praecise
3268 2847 3641 2919 revertetur,

797 2948 953 3004 tunc
1004 2940 1209 3024 gratis
1252 2938 1419 3004 bibit
1472 2942 1539 3004 in
1585 2962 1842 3024 mensa3
1900 2942 1956 3005 si
2005 2962 2163 3006 vero
2202 2938 2372 3004 ultra
2426 2941 2730 3025 exposita
2776 2938 3022 3025 aliquid
3077 2940 3329 3004 venerit
3383 2939 3454 3001 in
3509 2959 3643 3024 per·

800 3039 1022 3125 ceptis,
1073 3037 1341 3103 habebit
1379 3038 1627 3103 lucrum
1676 3061 1796 3127 pro
1838 3049 2130 3127 tempore
2173 3040 2337 3103 sicut
2376 3037 2544 3104 bibit
2589 3048 2700 3103 aut
2743 3039 3085 3103 cervisiam
3141 3061 3326 3103 suam
3387 3037 3641 3123 recepit

800 3136 912 3202 Sic
952 3137 1268 3203 conformi
1293 3131 1501 3204 'modo
1544 3139 1684 3222 fiet,
1742 3140 1798 3205 si
1853 3140 1977 3204 erit
2018 3138 2391 3226 dampnum.
2476 3133 2668 3225 [Aucta
2708 3142 2839 3202 hier
2881 3144 2987 3202 kat
3041 3142 3372 3219 Wostefeld
3414 3160 3496 3200 an
3540 3142 3642 3198 den

797 3243 986 3300 Rand
1021 3242 1426 3318 yeechrieben:
1504 3239 1651 3303 Non
1693 3234 2036 3325 servatur]

712 3412 778 3467 25
988 3409 1087 3472 39.
1130 3421 1224 3467 DE
1268 3421 1498 3471 ΡοΕΝΑ
1535 3422 1959 3495 commun
1998 3422 2450 3470 ΜΕΒΕΤΒΙΟΕΜ
2491 3422 2563 3468 m
2608 3421 2958 3469 confflem
3003 3422 3460 3470 nncmlmrrls.

958 3537 1118 3601 Item
1160 3536 1373 3603 nullus
1421 3536 1906 3623 collegiatorum
1950 3536 2036 3601 ad
2084 3536 2425 3622 collegium
2463 3535 2837 3603 introducat
2880 3536 2985 3601 vel
3028 3539 3096 3602 in
3132 3561 3205 3603 eo
3250 3537 3336 3603 ad
3380 3559 3646 3603 commo-

801 3636 950 3700 dum
1018 3658 1204 3701 suum
1272 3638 1547 3725 recipiat
1603 3637 2006 3701 meretricem
2065 3635 2168 3700 vel
2238 3646 2454 3701 actum
2511 3658 2858 3701 venereum
2915 3636 3080 3702 inibi
3137 3647 3473 3719 exerceat,
3535 3635 3646 3701 sub

796 3757 1025 3821 poena,
1067 3735 1258 3823 quod,
1315 3738 1373 3800 si
1415 3736 1496 3800 de
1536 3735 1659 3801 hoc
1700 3737 2032 3803 convictus
2075 3734 2179 3800 vel
2220 3736 2551 3802 confessus
2592 3736 2816 3819 fuerit,
2872 3746 2983 3801 aut
3025 3736 3106 3801 de
3146 3736 3269 3803 hoc
3311 3746 3647 3823 suspectus

798 3856 867 3900 se
910 3857 1281 3921 expurgare
1323 3836 1713 3920 nequiverit,
1764 3837 1833 3900 in
1876 3853 2024 3900 xxx
2069 3833 2333 3900 florenis
2374 3859 2522 3903 cum
2571 3837 2804 3903 effectu
2843 3838 3149 3924 puniatur
3191 3845 3304 3902 aut
3341 3846 3648 3925 perpetue

713 3942 781 3997 30
800 3956 841 3999 a
884 3932 1156 4019 collegio
1202 3936 1287 4000 sit
1329 3933 1650 4019 exclusus.

862 4106 959 4167 40.
1003 4118 1097 4165 DE
1141 4082 1507 4165 LEC'HONE‘
1531 4118 1623 4165 AD
1669 4118 1949 4165 MENSAM
1990 4118 2083 4164 ET
2123 4118 2218 4165 DE
2263 4118 2580 4168 SILENCIO
2624 4119 2751 4168 SUB
2793 4118 3140 4167 LECTIONE
3184 4119 3571 4168 SERVANDO.

960 4234 1124 4299 Item
1166 4231 1436 4321 quilibet
1476 4234 1787 4318 magister
1829 4235 1898 4296 in
1938 4231 2166 4298 ordine
2210 4256 2323 4299 suo
2380 4232 2597 4320 legere
2647 4234 2840 4301 debet
2894 4233 2980 4299 ad
3039 4254 3332 4300 mensam
3390 4233 3648 4323 prandii

798 4342 862 4397 et
921 4354 1179 4414 coenae,
1238 4334 1403 4397 sieut
1456 4331 1708 4396 meliori
1766 4330 1959 4396 modo
2025 4342 2240 4418 potest
2302 4355 2447 4398 cum
2512 4333 2615 4399 vel
2672 4335 2810 4398 sine
2874 4344 3168 4418 accentu,
3232 4334 3339 4399 vel
3403 4335 3463 4399 si
3522 4355 3648 4399 non

795 4442 1011 4519 potest
1071 4454 1187 4519 per
1243 4453 1331 4514 se,
1390 4429 1695 4516 disponat
1756 4429 1955 4495 alium
2013 4432 2398 4518 magistrum
2459 4454 2581 4519 pro
2647 4454 2717 4498 se
2777 4431 3116 4519 legentem.
3201 4432 3292 4498 Et
3354 4432 3479 4499 sub
3540 4431 3648 4497 illa

710 4542 776 4597 35
792 4532 1067 4597 lectione
1123 4542 1421 4596 tenentur
1466 4551 1712 4615 omnes·
1738 4540 1873 4597 tam
1921 4528 1981 4617 [8
1998 4526 2051 4616 ⁸]
2089 4531 2389 4615 magistri
2442 4552 2636 4616 quam
2688 4532 2970 4599 scolares
3024 4532 3362 4599 silencium
3416 4542 3649 4599 tenere.

794 4632 989 4711 Quod
1043 4633 1101 4698 si
1150 4633 1294 4717 quis
1344 4630 1561 4715 legere
1604 4652 1722 4717 per
1768 4652 1839 4695 se
1880 4629 1984 4694 vel
2037 4628 2235 4694 alium
2279 4629 2657 4716 magistrum
2699 4632 3092 4718 neglexerit,
3151 4633 3365 4700 solvat
3403 4633 3650 4699 tociens

794 4733 1100 4819 quociens
1143 4753 1341 4797 unum
1385 4730 1721 4816 antiquum
1762 4752 1859 4815 gr.
1901 4752 2021 4816 pro
2064 4751 2294 4816 poena.

793 4903 888 4963 41.
925 4912 1046 4962 ‘DE
1094 4913 1376 4963 VIGILIIS
1418 4913 1507 4960 ET
1554 4911 1769 4960 mssls
1807 4912 1986 4961 POST
2030 4913 2299 4962 OBITUM
2340 4914 2660 4964 ALICUIUS
2706 4915 3127 4965 COLLEGIATI
3170 4916 3307 4964 PER
3347 4917 3648 4980 ALIQUOS

2029 5014 2394 5062 LEGENDIS.

709 5119 778 5193 ’40
957 5128 1122 5194 Item
1161 5129 1674 5217 quandocunque
1715 5131 1983 5196 moritur
2027 5130 2263 5219 aliquis
2312 5129 2691 5217 collegiatus
2738 5132 2990 5218 collegii
3050 5133 3438 5219 praesentis,
3495 5142 3647 5200 tunc

795 5227 907 5294 alii
951 5228 1273 5316 collegiati
1316 5228 1602 5295 eiusdem
1632 5228 1889 5316 collegii
1926 5231 2296 5321 presbyteri
2340 5239 2635 5297 tenentur
2664 5230 2880 5318 legere
2922 5230 3192 5318 quilibet
3233 5242 3367 5299 tres
3413 5234 3645 5300 missas
