4038 6358
1122 605 1313 659 Zweitc
1347 606 1872 670 macutant-odaeum,
1906 623 2013 660 von
2055 605 2401 661 14³6—1465.
3053 591 3174 671 329

293 784 492 853 eicio
564 805 683 876 per
742 789 1108 876 pecuniam,
1166 792 1404 879 pig-nus
1468 790 1792 858 sufficiens
1854 790 1960 857 vel
2026 792 2399 857 caucionem
2460 787 2927 856 fideiussoriam
2961 789 3174 855 iuxta

293 893 564 952 taxam
623 910 666 953 a
715 887 1024 956 facultate
1056 890 1306 957 factam
1354 890 1460 957 vel
1514 893 1847 982 antiquam
1888 889 2416 957 consuetudinem
2468 899 2723 955 tenetur
2781 890 3175 955 satisfacere.

290 983 470 1051 Non
523 986 772 1053 habens
811 1010 970 1056 vero
1022 990 1194 1056 infra
1251 990 1423 1057 idem
1466 1000 1721 1079 tempus
1773 993 2156 1078 magistrum
2208 989 2526 1075 legentem
2580 988 2686 1054 vel
2739 987 3177 1076 disputantem

294 1081 427 1148 de·
463 1108 597 1152 sua
648 1097 1034 1174 paupertate
1090 1090 1480 1156 sufficienter
1516 1091 1864 1156 informare
1906 1100 2177 1172 tenetur,
2231 1088 2350 1154 sub
2406 1110 2617 1175 poena
2669 1109 2798 1154 non
2851 1098 3176 1175 computa·

297 1184 544 1251 cionis
588 1187 774 1252 istius
815 1186 1121 1254 leccionis
1162 1189 1267 1256 vel
1309 1191 1628 1257 exercicii.
1714 1190 1996 1255 Tenetur
2040 1212 2186 1255 cum
2224 1189 2350 1255 hoc
2388 1187 2540 1254 talis
2581 1186 2994 1254 nihilominus
3037 1197 3192 1253 nia-¹
3220 1194 3255 1251 5

296 1283 545 1367 gistro
600 1284 717 1350 tali
775 1285 855 1352 de
905 1287 1022 1353 tali
1080 1288 1366 1355 leccione
1410 1289 1512 1355 vel
1553 1290 1873 1355 exercicio
1914 1288 2203 1376 plenarie
2243 1288 2636 1372 satisfacere,
2693 1287 2856 1352 alias
2899 1285 2986 1352 ad
3029 1308 3180 1351 exa-

308 1403 491 1446 men
537 1381 1186 1454 baccalariandorum
1230 1390 1334 1455 vel
1379 1399 1772 1476 temptamen
1812 1388 2401 1475 magistrandorum
2441 1411 2570 1453 non
2612 1386 3000 1452 admittatur.
3052 1385 3179 1450 Ta-

296 1477 449 1545 lem
482 1484 694 1547 eciam
735 1495 995 1573 reputat
1020 1487 1294 1554 facultas
1323 1491 1573 1555 arcium
1601 1490 2003 1575 magistrum,
2047 1505 2088 1552 a
2115 1505 2243 1574 quo
2285 1485 2632 1552 leccionem
2659 1485 2763 1551 vel
2790 1485 3178 1551 exercicium

303 1578 624 1665 audivit,
687 1581 767 1646 de
832 1606 951 1651 sua
1012 1597 1401 1675 paupertate
1464 1588 1853 1654 sufficienter
1908 1587 2323 1669 informasse,
2385 1586 2496 1673 qui
2557 1584 2675 1652 sub
2738 1583 3024 1650 leccione
3078 1582 3182 1649 vel

303 1681 680 1765 exercicio,
740 1691 811 1747 ut
852 1687 1284 1770 praemissum
1327 1697 1453 1770 est,
1512 1688 1826 1774 magistro
1870 1685 1988 1752 tali
2031 1687 2098 1750 in
2142 1685 2545 1751 consciencia
2588 1706 2707 1749 sua
2749 1682 2944 1764 dixit,
3003 1681 3178 1770 quod
3200 1692 3262 1749 10

302 1778 536 1844 nichil
584 1777 829 1846 habeat
870 1781 997 1847 sibi
1039 1782 1216 1868 dare,
1257 1785 1362 1851 vel
1403 1786 1574 1873 quod
1624 1785 1968 1852 comodose
2012 1783 2139 1851 sibi
2176 1784 2324 1873 plus
2369 1783 2524 1849 dare
2563 1806 2693 1849 non
2738 1779 2841 1870 [58
2855 1780 2908 1870 b]
2953 1783 3180 1870 potuit,

304 1900 532 1964 quam
591 1879 721 1944 sibi
776 1877 933 1947 dare
975 1882 1208 1967 voluit,
1266 1893 1330 1950 et
1374 1908 1517 1951 cum
1571 1885 1695 1952 hoc
1747 1884 1986 1951 habeat
2027 1907 2222 1949 unum
2269 1883 2394 1949 fide
2447 1883 2733 1970 dignum,
2793 1883 2905 1971 qui
2959 1881 3183 1946 credat

306 1980 418 2041 ita
465 1977 611 2043 fore
652 1978 772 2044 sub
816 2002 936 2045 sua
973 1984 1394 2050 consciencia.
1476 1985 1759 2050 Tenetur
1802 1985 2006 2049 eciam
2051 1981 2201 2050 talis
2244 2006 2285 2048 a
2325 1985 2656 2069 magistrO,
2698 2005 2739 2047 a
2780 2004 2908 2067 quo
2950 1980 3178 2046 leccio-

306 2097 481 2140 nem
527 2076 635 2142 vel
682 2080 1079 2146 exercicium
1135 2082 1347 2166 audit,
1403 2082 1654 2148 literam
1714 2084 2186 2170 recognicionis
2230 2081 2350 2148 sub
2388 2081 2669 2147 leccione
2713 2079 2816 2145 vel
2858 2080 3178 2146 exercicio

311 2197 601 2262 capere,
675 2178 984 2265 scriptam
1047 2203 1247 2247 manu
1321 2185 1588 2270 propria
1649 2184 1837 2249 istius
1903 2183 2230 2269 magistri,
2302 2183 2370 2246 in
2430 2171 2560 2268 qua
2631 2179 2800 2244 idem
2863 2181 3176 2266 magister
3198 2187 3259 2243 15

310 2285 759 2361 recognoscat
802 2278 938 2344 sine
978 2278 1127 2345 dolo
1170 2289 1234 2345 et
1272 2281 1523 2364 fraude,
1565 2282 1757 2347 talem
1799 2281 1923 2346 sibi
1964 2304 2086 2368 pro
2128 2289 2319 2369 pastu
2359 2279 2479 2344 sub
2521 2278 2804 2344 leccione
2840 2276 2968 2341 vel.
2989 2286 3178 2341 extra

315 2374 737 2442 satisfecisse
814 2377 1167 2445 secundum
1228 2390 1515 2447 tenorem
1580 2381 1834 2463 statuti,
1903 2402 2063 2467 prae
2128 2378 2425 2444 omnibus
2488 2379 2690 2443 eciam
2753 2377 3180 2463 quantitatem

318 2483 568 2558 pastus
608 2465 1058 2561 exprimendo.
1110 2477 1250 2544 Nec
1291 2479 1573 2546 decanus
1620 2480 1900 2568 aliquem
1948 2477 2455 2566 promovendum
2495 2476 2613 2542 sub
2660 2497 2871 2564 poena
2915 2482 2943 2542 1
2991 2496 3176 2540 sexa-

320 2592 546 2656 genae
601 2595 812 2640 novae
865 2597 1238 2694 grossorum
1294 2579 1609 2644 inscribat
1663 2602 1795 2695 pro·
1825 2580 2124 2644 examine
2163 2577 2267 2642 vel
2324 2576 2761 2664 temptamine,
2815 2575 2943 2640 nisi
2997 2576 3181 2661 prius

316 2668 526 2736 litera
565 2671 685 2737 tali
725 2678 1199 2763 recognicionis
1239 2679 1421 2762 visa,
1464 2680 1535 2743 in
1577 2702 1703 2766 qua
1744 2680 1801 2743 si
1845 2677 1970 2744 sibi
2013 2678 2411 2766 apparuerit,
2450 2677 2668 2763 ipsum
2707 2677 2896 2740 iuxta
2938 2681 3178 2739 statuta
3197 2681 3265 2737 20

318 2768 662 2836 facultatis
710 2775 1040 2860 magistris
1097 2798 1227 2843 non
1257 2778 1684 2893 satisfecisse,
1736 2776 1932 2842 talem
1988 2776 2074 2842 ad
2121 2797 2393 2841 examen
2446 2773 2554 2841 vel
2608 2783 3002 2862 temptamen
3060 2794 3181 2861 pro

321 2867 458 2933 hac
485 2871 633 2936 vice
670 2893 798 2938 non
842 2871 1175 2959 admittat3
1221 2876 1277 2941 si
1321 2887 1535 2942 autem
1579 2900 1663 2942 ex
1705 2875 1922 2964 aliqua
1962 2874 2370 2962 negligencia
2403 2874 2658 2939 literam
2697 2871 2847 2937 talis
2890 2873 3180 2959 recogni-

324 2969 536 3034 cionis
594 2970 987 3058 perdidisset
1034 2973 1141 3040 vel
1195 2975 1592 3048 consimilem
1646 2975 1899 3041 literam
1942 2983 2212 3090 propter
2256 2974 2554 3060 magistri
2601 2972 2752 3039 talis
2807 2971 3180 3040 absenciam

325 3065 580 3135 habere
617 3091 748 3137 non
789 3082 1031 3159 posset,
1075 3074 1349 3162 stabitur
1393 3098 1588 3163 super
1627 3076 2006 3162 praemissis
2050 3074 2319 3161 proprio
2360 3074 2738 3140 iuramento.

754 3243 855 3307 28·
911 3254 1031 3318 QUI
1070 3258 1260 3307 LIBRI
1302 3235 1613 3309 POSSUNT
1657 3259 1899 3309 AUDIBI
1940 3258 2078 3307 PRO
2126 3258 2378 3306 TERTIA
2419 3255 2786 3306 LECCIONE·
3200 3247 3268 3304 25
3309 3254 3336 3275 ⁸

1504 3377 1623 3459 Ygl.
1665 3392 1712 3430 ι.
1748 3376 1824 3429 St.
1864 3376 1945 3437 21,
1982 3377 2032 3430 9.

503 3485 669 3551 Item
702 3486 988 3574 quilibet,
1015 3489 1238 3557 volens
1283 3491 1511 3558 audire
1551 3491 1752 3558 libros
1797 3490 1882 3557 ad
1926 3491 2228 3579 gradum,
2268 3489 2473 3557 solum
2518 3487 2745 3554 audire
2787 3487 2978 3554 debet
3019 3489 3182 3555 duas

335 3582 665 3651 lecciones
706 3587 775 3652 in
819 3587 924 3653 die
966 3588 1047 3653 de
1088 3589 1277 3657 libris
1321 3590 1407 3656 ad
1452 3591 1717 3678 gradus,
1761 3606 1825 3657 et
1862 3615 1992 3657 non
2035 3592 2275 3678 poteri-t
2317 3587 2544 3654 audire
2583 3587 2857 3673 aliquem
2900 3611 3023 3675 pro
3058 3599 3184 3654 ter-

330 3684 427 3749 tia
469 3684 758 3751 leccione
794 3687 924 3753 nisi
965 3688 1374 3755 Priscianum
1417 3691 1731 3756 minorem
1775 3701 1839 3755 et
1880 3689 2138 3776 loycam
2175 3687 2438 3753 Hesbri.

699 3855 797 3919 29.
849 3871 1132 3931 ρωιωο
1176 3872 1446 3921 rornsr
1489 3872 1648 3934 Qms
1688 3872 2010 3922 memsam:
2053 3871 2363 3932 ameum
2403 3866 2820 3919 memora-ra.
3198 3861 3269 3919 3ο

1506 3991 1624 4054 Vgl.
1660 4006 1706 4040 a.
1744 3991 1820 4043 st.
1857 3990 1939 4054 24,
1975 3991 2028 4041 6.
3075 3952 3081 3959 ²

497 4098 664 4165 Item
706 4100 917 4167 nullus
957 4103 1229 4190 incipiat
1269 4102 1485 4190 legere
1527 4103 1806 4191 aliquem
1848 4102 2086 4169 librum
2138 4101 2225 4168 ad
2266 4101 2544 4189 gradum
2584 4112 2983 4190 spectantem
3028 4112 3180 4170 ante

330 4200 574 4267 festum
606 4201 814 4266 sancti
841 4199 1127 4289 Georgii,
1168 4203 1295 4269 nisi
1338 4204 1518 4268 cuius
1561 4203 1970 4269 medietatem
2011 4201 2287 4289 legendo
2321 4200 2670 4267 secundum
2699 4212 2941 4268 statuta
2978 4203 3178 4269 facul-

333 4300 489 4365 tatis
534 4301 742 4386 possit
781 4299 968 4365 finire
1012 4310 1162 4367 ante
1204 4302 1441 4368 festum
1482 4301 1905 4388 praedictum.

956 4470 1056 4535 30.
1101 4484 1243 4545 Quo
1288 4484 1616 4533 ‘rampone
1659 4482 1969 4535 Possum
2009 4484 2197 4533 riam
2237 4483 2564 4532 suma.
3197 4477 3264 4534 35

1401 4602 1520 4666 Vgl.
1556 4617 1605 4656 ι.
1643 4603 1719 4654 ει.
1755 4604 1838 4666 23,
1876 4603 1923 4655 2.
1963 4603 2046 4663 24,
2085 4604 2131 4654 5.

499 4715 665 4781 Item
704 4715 775 4780 in
813 4713 1046 4803 hyeme
1083 4715 1242 4782 fiant
1286 4716 1411 4782 duo
1456 4702 1777 4802 examina,
1820 4740 2016 4782 unum
2059 4715 2653 4805 magistrandorum
2697 4726 2987 4803 tempore
3031 4738 3180 4783 con-

333 4825 554 4899 sweto,
603 4813 953 4881 secundum
995 4814 1638 4882 baccalariandorum
1677 4818 1748 4880 in
1784 4817 2056 4900 ieiuni03
2108 4819 2179 4881 in
2220 4824 2466 4882 aestate
2507 4815 2800 4881 similiter
2841 4816 3002 4881 fiant
3052 4814 3179 4883 duo

334 4915 640 4981 examina
667 4913 1315 4983 baccalariandorum
1348 4917 1523 4981 circa
1552 4916 1789 4981 festum
1832 4915 2305 5003 penthecostes,
2351 4914 2703 4982 secundum
2734 4917 2910 4981 circa
2947 4917 3182 4981 festum

335 5023 605 5080 sanctae
647 5014 877 5079 crucis.
1584 5038 1591 5045 ·
3198 5026 3267 5082 40

333 5180 392 5235 in
436 5198 472 5236 o
519 5177 826 5251 corrigiert,
860 5176 995 5234 aber
1038 5183 1153 5234 erst
1193 5179 1461 5237 nachdem
1506 5181 1607 5236 der
1637 5178 1837 5237 Fehler
1871 5178 2015 5235 auch
2052 5179 2110 5234 in
2152 5178 2242 5237 die
2272 5184 2477 5236 stantia
2513 5179 2764 5250 leqibilia
2798 5180 2862 5253 (s.
2898 5184 3070 5238 unten
3104 5178 3177 5247 II,

334 5269 366 5322 3
399 5281 454 5321 u.
485 5263 564 5335 11,
596 5263 652 5336 4)
688 5262 1119 5337 iibergegangen
1152 5279 1282 5319 war.
