4038 6358
1426 657 1526 706 oie
1564 655 1763 707 statuta
1797 656 2047 720 legibilia.
3068 657 3189 720 349

291 832 558 923 aliquo
615 835 1099 923 praedictorum
1160 849 1502 923 suspectus
1558 839 1660 903 vel
1722 838 2072 902 infamatus
2137 836 2362 917 fuerit,
2428 837 2555 900 nisi
2621 860 2689 901 se
2753 836 2832 901 de
2892 836 3008 902 tali
3070 860 3188 924 per

293 956 529 1000 suum
590 937 1019 1002 iuramentum
1081 939 1575 1022 expurgaverit,
1643 938 1730 1003 ad
1798 959 2103 1017 examen,
2168 946 2237 1001 ut
2301 937 2728 1022 praemissum
2788 947 2913 1019 est,
2975 937 3190 1025 aliquo
3288 987 3301 999 .

294 1034 538 1101 modo
576 1034 976 1100 admittatur.

472 1223 539 1285 9.
582 1214 705 1305 [Bl.
749 1225 827 1287 34
844 1216 895 1306 ⁸]
942 1236 1286 1298 QUOMODO
1331 1237 1847 1286 PROMOVENDUS
1892 1237 2216 1284 'rexerim
2260 1236 2476 1284 s'rARE
2517 1237 2588 1284 m
2632 1236 2877 1285 nuns1s
2919 1238 3053 1285 VEL

1576 1336 1960 1385 conusens,
3242 1332 3274 1386 5

1484 1456 1601 1519 Vgl.
1646 1458 1937 1521 Hauptstat.
1976 1454 2058 1507 41.

507 1585 668 1650 Item
710 1583 925 1650 nullus
980 1583 1357 1650 admittatur
1400 1586 1486 1651 ad
1528 1609 1802 1652 examen
1856 1609 1972 1672 pro
2025 1584 2236 1670 gradu
2275 1585 2753 1651 baccalariatus
2806 1587 2874 1651 in
2919 1584 3188 1668 artibus,

310 1684 469 1748 nisi
517 1683 601 1749 ad
641 1686 854 1750 minus
905 1707 1023 1772 per
1067 1707 1306 1750 annum
1348 1686 1670 1771 integrum
1715 1688 1785 1750 in
1825 1685 2029 1751 bursa
2067 1684 2169 1749 vel
2215 1683 2488 1770 collegio
2532 1687 2811 1769 steterit,
2853 1686 2983 1749 nisi
3021 1684 3192 1749 filius

315 1784 629 1848 civitatis
672 1784 868 1849 fuerit
917 1782 1022 1848 vel
1073 1783 1236 1848 alias
1281 1783 1444 1848 adeo
1488 1784 1871 1850 habundans
1916 1784 2021 1849 vel
2077 1784 2382 1850 notabilis
2436 1784 2657 1866 fuerit,
2720 1784 2893 1872 quod
2939 1784 3196 1849 domum

314 1884 685 1970 propriam
736 1893 956 1948 tenere
1010 1893 1075 1948 et
1128 1905 1450 1969 expensas
1506 1886 1808 1971 proprias
1864 1907 1994 1948 una
2048 1906 2197 1948 cum
2241 1885 2552 1970 magistro
2608 1884 2713 1949 vel
2767 1884 3278 1950 informatorem

318 1985 616 2069 poterit,
671 1981 778 2046 vel
836 1992 1219 2070 paupertate
1276 1992 1587 2068 gravatus
1641 1984 1980 2050 serviendo
2035 1983 2191 2047 alibi
2252 2006 2574 2070 expensas
2618 1986 2685 2048 in
2741 1994 2872 2049 toto
2917 1982 3019 2047 vel
3078 2005 3198 2069 pro

321 2079 700 2146 medietate
743 2082 984 2167 poterit
1023 2080 1265 2147 habere
1318 2084 1544 2167 gratis,
1599 2082 1680 2147 de
1723 2106 1851 2170 quo
1894 2082 2087 2147 fidem
2129 2082 2422 2147 facultati
2466 2082 2585 2147 sub
2632 2106 2750 2147 sua
2793 2083 3194 2147 consciencia

328 2203 471 2267 per
519 2181 679 2246 duos
723 2181 899 2245 viros
941 2179 1250 2267 ydoneos,
1296 2183 1406 2267 qui
1444 2181 1712 2247 credant
1750 2185 1843 2247 ita
1882 2184 2041 2265 fore,
2079 2183 2294 2247 facere
2336 2182 2681 2268 obligatur.

630 2367 723 2431 10.
767 2380 862 2427 ΒΕ
903 2380 1307 2430 mmm-mro
1350 2381 1808 2430 PROMOVENDI
1849 2383 1921 2428 m
1963 2380 2257 2429 An'rmns
2299 2380 2435 2428 vm,
2478 2380 2934 2428 summm.

1492 2517 1615 2581 Vgl.
1654 2518 1945 2580 Hauptstat.
1983 2517 2066 2568 «12.
3225 2523 3285 2579 15

521 2647 683 2713 Item
722 2646 1002 2712 decanus
1039 2646 1283 2711 nullum
1308 2646 1513 2711 ¹debet
1554 2647 1909 2712 inscribere
1953 2669 2072 2734 pro
2105 2647 2425 2728 examine,
2468 2647 2596 2710 nisi
2640 2647 2822 2733 prius
2863 2646 2993 2711 tale
3031 2645 3196 2711 fece-

340 2749 439 2811 rit
486 2749 952 2812 iuramentum:
1037 2745 1224 2831 „Ego
1270 2747 1365 2811 .N.
1421 2747 1584 2829 iuro,
1643 2746 1814 2833 quod
1877 2770 1995 2811 nec
2016 2814 2019 2819 .
2039 2747 2302 2811 accione
2347 2767 2466 2810 nec
2509 2745 2781 2828 ulcione,
2839 2767 2960 2810 nec
3001 2746 3204 2811 verbo

341 2869 476 2911 nec
500 2847 693 2930 factO,
734 2868 857 2910 nec
896 2867 1014 2932 per
1040 2868 1143 2911 me
1167 2869 1288 2911 nec
1311 2870 1428 2935 per
1451 2847 1670 2929 alium,
1714 2866 1834 2913 nec
1859 2848 2103 2911 directe
2146 2868 2266 2910 nec
2306 2845 2640 2927 indirecte,
2683 2844 2786 2908 vel
2830 2866 3209 2933 quocunque

348 2945 486 3011 alio
526 2945 718 3011 modo
763 2967 866 3010 me
904 2943 1099 3009 velim
1141 2946 1494 3029 vindicare,
1556 2948 1613 3011 si
1655 2946 1742 3011 ad
1787 2969 2065 3011 examen
2105 2968 2234 3009 non
2272 2944 2454 3009 fuero
2496 2943 2817 3008 admissus
2859 2943 2964 3009 vel
3004 2946 3206 3009 eciam

346 3056 506 3131 post
549 3067 824 3111 examen
878 3045 1174 3129 reiectus,
1234 3046 1352 3111 sub
1407 3069 1618 3133 poena
1675 3048 1964 3133 periurii,
2017 3044 2191 3130 quod
2255 3056 2478 3108 contra
2532 3043 2776 3109 faciens
2830 3045 2975 3129 ipso
3032 3045 3201 3109 facto
3223 3053 3291 3111 20

253 3148 267 3160 ⁶
346 3148 640 3228 incurrO,
687 3155 748 3209 et
792 3152 1047 3210 centum
1092 3144 1500 3230 florenorum,
1560 3168 1832 3235 quorum
1875 3144 2191 3211 medietas
2234 3143 2424 3209 cedat
2465 3142 2579 3227 illi,
2638 3166 2829 3232 quem
2872 3146 2966 3209 sic
3005 3145 3208 3233 impe—

349 3255 510 3329 tam,
557 3243 687 3309 alia
727 3266 883 3310 vero
929 3244 1244 3311 medietas
1289 3245 1478 3311 cedat
1518 3241 1880 3312 facultati.“

438 3433 527 3493 11.
571 3444 666 3492 De
708 3444 938 3494 POENA
981 3443 1521 3495 MOLESTANCIUM
1561 3443 2101 3493 EXAfflNATORES
2142 3444 2232 3490 ΕΤ
2276 3444 2370 3490 DE
2411 3442 2849 3492 Assffi‘rnncu.
2891 3442 3141 3491 meun-

1534 3544 1734 3592 'rA‘rls
1776 3543 2057 3592 msnmr.

1505 3681 1622 3744 Vgl.
1660 3682 1951 3743 flauptstat.
1989 3678 2073 3731 48.
3228 3684 3294 3741 25

525 3809 691 3875 Item
732 3807 947 3874 nullus
992 3811 1256 3875 accione
1298 3810 1402 3875 vel
1444 3809 1714 3892 ulcione,
1773 3832 1891 3897 per
1935 3831 2004 3873 se
2047 3808 2152 3874 vel
2195 3831 2313 3895 per
2358 3807 2575 3891 alium,
2622 3807 2865 3873 directe
2903 3807 3008 3874 vel
3048 3807 3212 3872 indi-

357 3921 557 3992 recte,
609 3909 812 3975 verbo
862 3907 967 3974 vel
1027 3911 1198 3975 facto
1251 3909 1356 3974 vel
1408 3932 1788 3996 quocunque
1844 3908 1971 3974 alio
2028 3908 2218 3974 modo
2269 3912 2540 3997 impetat
2592 3906 2698 3972 vel
2753 3907 3046 3973 molestet
3101 3908 3213 3973 ali-

360 4034 554 4099 quem
610 4009 691 4075 de
745 4010 1073 4095 magistris
1127 4009 1231 4075 vel
1290 4009 1838 4074 examinatoribus
1896 4030 2016 4095 pro
2077 4031 2171 4091 eo,
2232 4008 2404 4093 quod
2462 4007 2740 4095 aliquem
2796 4007 2877 4071 de
2935 4008 3068 4072 suis
3127 4007 3212 4071 ad

361 4110 640 4197 gradum
696 4107 1174 4174 baccalariatus
1232 4132 1315 4173 ex
1370 4131 1567 4172 causa
1622 4107 1994 4172 rationabili
2039 4130 2169 4172 non
2228 4107 2494 4171 admisit
2535 4107 2638 4171 vel
2693 4108 2899 4171 eciam
2943 4105 3216 4171 eundem

362 4215 551 4276 iuxta
591 4209 1064 4274 conscienciam
1123 4231 1309 4273 suam
1364 4217 1427 4272 et
1479 4208 1906 4272 iuramentum
1950 4219 2287 4295 tamquam
2337 4207 2674 4293 indignum
2720 4208 2962 4272 reiecit.
3043 4206 3209 4272 Con·
3228 4217 3296 4273 30

359 4310 633 4375 trarium
674 4308 918 4373 faciens
958 4307 1130 4372 ultra
1183 4316 1436 4373 reatum
1491 4308 1780 4394 periurii,
1838 4307 2012 4395 quod
2071 4308 2213 4393 ipso
2255 4306 2429 4372 facto
2485 4307 2788 4390 incurrit,
2833 4315 2897 4371 et
2953 4316 3209 4371 centum

362 4410 754 4476 florenorum
812 4428 1117 4492 poenam,
1176 4429 1448 4494 quorum
1504 4407 1817 4471 medietas
1875 4406 2068 4472 cedat
2118 4405 2213 4472 illi
2271 4407 2372 4471 vel
2427 4406 2578 4489 illis,
2635 4429 2825 4494 quem
2879 4407 2984 4472 vel
3050 4431 3211 4495 quos

363 4509 459 4571 sic
507 4507 764 4592 impetit
820 4504 924 4569 vel
984 4505 1312 4588 molestat,
1372 4505 1502 4570 alia
1557 4505 1867 4570 medietas
1922 4505 2112 4570 cedat
2167 4505 2489 4588 facultati,
2547 4506 2752 4570 eciam
2808 4517 3120 4592 perpetue
3173 4530 3214 4572 a

362 4603 669 4674 facultate
712 4607 957 4669 arcium
997 4607 1082 4670 sit
1121 4604 1442 4670 exclusus.
1521 4605 1805 4670 Tenetur
1848 4606 2055 4670 eciam
2091 4604 2362 4670 facultas
2410 4602 2513 4690 [34
2525 4602 2576 4691 b]
2621 4604 2717 4670 illi
2759 4605 2862 4669 vel
2903 4605 3051 4688 illis,
3097 4606 3212 4693 qui

366 4706 460 4770 sic
500 4705 831 4790 impetitur
857 4704 961 4769 vel
1004 4707 1417 4791 impetuntur,
1465 4703 1844 4769 molestatur
1876 4712 1986 4768 aut
2024 4703 2468 4787 molestantur,
2511 4703 2772 4768 realiter
2802 4727 2947 4769 cum
2976 4705 3209 4771 effectu
3226 4713 3293 4769 35

365 4805 675 4870 assistere
716 4813 808 4886 et,
867 4805 920 4868 si
967 4826 1127 4890 opus
1169 4804 1389 4887 fuerit,
1447 4805 1651 4869 eciam
1695 4802 1813 4868 sub
1861 4805 2167 4889 expensis
2220 4802 2545 4869 facultatis
2599 4807 2882 4892 propriis
2939 4805 3214 4869 eundem

365 4903 470 4968 vel
518 4902 799 4986 eosdem,
855 4904 1063 4968 eciam
1120 4925 1160 4967 a
1199 4902 1707 4990 quibuscunque,
1763 4904 1915 4968 totis
1958 4902 2210 4967 viribus
2265 4901 2601 4968 defensare
2645 4914 2735 4988 et,
2799 4914 3105 4992 quantum
3149 4906 3218 4968 in

369 5026 449 5068 ea
492 5002 705 5086 fuerit,
746 5025 1124 5067 assecurare
1166 5026 1286 5068 nec
1327 5026 1456 5068 non
1497 5002 1781 5068 totaliter
1825 5001 2194 5090 exbrigare.

536 5203 722 5269 Haec
785 5205 1004 5270 omnia
1074 5212 1448 5291 supratacta
1519 5213 1759 5269 statuta
1831 5203 2004 5268 nullo
2071 5203 2529 5290 praetermisso
2605 5213 2857 5269 tenetur
2933 5204 3219 5271 decanus

375 5315 665 5391 tempore
712 5304 1229 5390 dispensacionis
1280 5314 1345 5367 et
1386 5314 1675 5391 tempore
1732 5305 2033 5369 introitus
2094 5302 2179 5367 ad
2242 5326 2514 5368 examen
2569 5305 2813 5369 intrare
2857 5305 3302 5370 volentibus40
