4038 6358
1346 621 1453 656 von
1485 606 1700 673 Herzog
1728 605 1921 659 Merit-z
1953 607 2213 677 boeffitigt.
3074 614 3157 680 83

1624 791 1842 857 Caput
1875 793 2017 846 xm.
2112 858 2119 873 Δ

594 940 700 989 DE
741 937 1199 999 IHSPECTIONE
1241 938 1510 991 summu
1551 938 2054 990 OOLLEGIORUM
2092 943 2185 991 ΕΤ
2231 942 2892 993 ΟΟΝΤΠΒΕΒΝΙΟΒΠΜ.

462 1054 713 1120 Visum
756 1066 883 1132 est,
936 1055 1255 1142 imprimis
1311 1078 1346 1120 e
1388 1078 1460 1120 re
1516 1055 1983 1144 discipulorum
2026 1058 2315 1124 futurum
2356 1081 2533 1143 esse,
2594 1059 2651 1123 si
2705 1058 2791 1124 ad
2833 1059 3050 1126 studia
3094 1070 3157 1127 et

311 1176 522 1221 mores
569 1155 869 1242 ipsorum
907 1155 1214 1242 frequens
1251 1157 1544 1243 ipsorum
1598 1165 1932 1244 respectus
1991 1157 2357 1225 haberetur.
2438 1156 2658 1239 Quare
2699 1158 2800 1243 id,
2857 1159 3032 1247 quod
3073 1160 3156 1225 ab

307 1256 576 1342 antiquo
623 1257 1043 1322 constitutum
1085 1255 1237 1337 fuit,
1280 1257 1477 1321 etiam
1520 1254 1925 1343 diligentius,
1970 1259 2028 1322 si
2069 1259 2305 1344 possit,
2368 1257 2469 1323 his
2508 1257 2907 1345 temporibus
2952 1259 3148 1347 paulo
3165 1270 3198 1325 5

305 1354 839 1421 dissolutioribus
881 1354 1269 1421 servandum
1310 1354 1568 1419 videtur
1597 1357 1645 1438 ¹,
1713 1365 1787 1423 ut
1827 1358 2326 1445 uniuscuiusque
2370 1359 2695 1423 semestris
2739 1367 2949 1423 rector
2987 1362 3159 1425 intra

306 1455 463 1521 duos
501 1477 770 1521 menses
814 1454 898 1520 ab
940 1456 1126 1520 initio
1170 1455 1588 1542 magistratus
1613 1455 1637 1497 ²
1679 1456 2031 1540 magistros
2069 1479 2310 1540 omnes,
2352 1460 2462 1544 qui
2504 1457 2858 1545 discipulos
2899 1456 3158 1543 habent,

305 1556 703 1642 praesertim
743 1578 873 1639 eos,
915 1556 1027 1643 qui
1069 1556 1137 1619 in
1180 1553 1617 1620 contuberniis
1661 1563 1726 1619 et
1767 1554 1915 1620 aliis
1957 1555 2245 1642 publicis
2286 1556 2559 1622 aedibus
2580 1557 3009 1645 „scholasticis
3052 1558 3159 1624 de-

305 1663 482 1740 gunt,
527 1677 649 1720 eos
671 1656 1016 1742 imprimis,
1056 1676 1328 1742 quorum
1363 1652 1629 1739 publica
1668 1653 1794 1718 illis
1838 1657 1906 1719 in
1948 1655 2220 1721 aedibus
2263 1656 2511 1722 curatio
2551 1656 2766 1741 fuerit,
2809 1657 3029 1725 iubeat
3072 1658 3157 1723 ad

307 1776 374 1819 se
413 1754 658 1819 afferre
700 1755 1067 1842 perscripta
1087 1753 1113 1796 ³
1151 1754 1221 1821 in
1264 1753 1492 1819 charta
1533 1755 1816 1819 omnium
1858 1753 2217 1820 incolarum
2261 1754 2853 1844 discipulorumque
2892 1780 3151 1823 suorum
3179 1768 3243 1827 10

308 1854 587 1919 nomina.
653 1853 807 1935 Quo
840 1854 1015 1919 facto
1059 1862 1294 1936 rector,
1338 1854 1641 1918 assumtis
1670 1853 2134 1935 assessoribus,
2178 1855 2246 1918 in
2269 1854 2557 1941 singulas
2595 1855 2790 1921 aedes
2814 1856 3153 1922 scholasti-

309 1974 416 2019 cas
457 1962 526 2019 et
567 1954 999 2020 contubernia
1039 1956 1213 2018 intra
1265 1954 1746 2039 suprapositum
1783 1961 2039 2039 tempus
2081 1953 2468 2040 inspiciendi
2511 1976 2713 2019 causa
2776 1957 2993 2021 veniet
3045 1955 3154 2022 de-

309 2076 426 2140 que
483 2052 831 2140 discipulis
888 2052 1222 2139 sigillatim
1276 2052 1796 2139 percontabitur,
1862 2074 2022 2139 quos
2084 2053 2487 2140 professores
2543 2054 2812 2120 audiant
2867 2066 2931 2121 et
2980 2056 3157 2144 quod

316 2151 678 2218 studiorum
731 2176 938 2240 genus
996 2162 1366 2241 sequantur.
1449 2151 1549 2217 Ac
1600 2151 1806 2217 bonos
1860 2150 2151 2240 beneque
2195 2162 2482 2219 moratos
2537 2164 2612 2219 ut
2634 2153 2845 2220 'illum
2899 2178 3159 2222 cursum

311 2261 570 2317 teneant
584 2301 604 2335 ,
665 2251 1125 2321 contendentes
1167 2251 1253 2316 ad
1294 2251 1492 2316 decus
1539 2262 1603 2317 et
1638 2251 1930 2335 laudem,
1983 2251 2372 2319 hortabitur.
2426 2253 2842 2340 Negligentes
2885 2265 2949 2320 et
2988 2256 3157 2321 male
3178 2266 3241 2322 15

314 2360 595 2417 moratos
618 2353 648 2393 ⁴
686 2362 826 2417 tum
867 2351 1129 2440 quidem
1170 2351 1391 2416 verbis
1434 2349 1810 2438 obiurgabit
1849 2361 1912 2416 et
1953 2352 2334 2438 castigabit,
2391 2352 2508 2417 sed
2557 2355 2626 2417 in
2665 2364 3160 2440 perseverantes

310 2452 373 2514 in
420 2448 828 2537 neglectione
896 2451 1298 2538 disciplinae„
1334 2459 1399 2515 et
1457 2450 1817 2515 studiorum
1858 2460 2089 2537 postea
2146 2453 2414 2537 gravius
2456 2454 2652 2517 etiam
2687 2453 3162 2519 animadvertet

317 2549 391 2615 de
430 2552 756 2616 sententia
802 2572 1202 2617 assessorum
1243 2572 1525 2615 suorum.

1526 2736 1745 2797 Caput
1779 2735 1919 2787 xlv,

1018 2884 1079 2932 SI
1119 2885 1213 2931 DE
1259 2883 1555 2932 STATUTI
1600 2883 1988 2932 SENTENTIA
2031 2882 2454 2933 DUBITETUR.
3175 2881 3243 2936 Z)

479 2998 552 3065 Si
594 3002 667 3065 in
711 3002 969 3065 statutis
1014 2999 1278 3088 aliquod
1320 2999 1587 3065 dubium
1627 3010 1836 3067 ortum
1871 3000 2097 3083 fuerit,
2160 2999 2334 3066 illius
2378 2999 2885 3069 declarationem
2921 3004 3160 3068 rectori

325 3107 380 3163 et
420 3099 866 3166 assessoribus
907 3102 1233 3165 reservari
1276 3100 1539 3188 placuit,
1582 3100 1692 3186 qui
1729 3108 1966 3184 tamen,
2011 3102 2067 3166 si
2110 3123 2214 3164 res
2254 3104 2520 3188 gravior
2561 3110 2625 3166 et
2651 3100 2975 3168 difficilior
3019 3104 3160 3188 erit,

326 3197 401 3261 ad
443 3199 796 3266 arbitrium
839 3199 1083 3286 publici
1126 3200 1378 3266 consilii
1421 3200 1812 3266 decisionem
1855 3202 2170 3267 reiiciant.

1549 3404 1760 3468 Caput
1797 3405 1912 3457 XV.

1275 3552 1371 3599 DE
1415 3550 1752 3604 PAGORUM
1793 3553 2187 3603 REDITIBUS.
3176 3551 3243 3608 25

472 3667 811 3756 Pagorum
851 3666 1126 3751 reditus,
1181 3670 1292 3755 qui
1331 3669 1597 3756 proprie
1638 3670 2046 3735 universitati
2087 3677 2350 3734 nostrae
2394 3669 2818 3736 scholasticae
2862 3672 3158 3738 attributi

329 3777 486 3852 sunt,
527 3766 810 3834 fideliter
855 3767 1269 3854 colligentur,
1315 3771 1549 3857 quique
1590 3768 1718 3834 illis
1761 3767 2140 3856 colligendis
2185 3768 2440 3855 publice
2482 3773 2893 3857 praepositus
2935 3773 3146 3855 fuerit,

330 3887 457 3930 eum
501 3867 629 3934 hoc
676 3869 935 3933 nomine
979 3866 1280 3934 defendet
1315 3870 1705 3936 universitas
1748 3870 2140 3940 scholastica
2184 3881 2247 3934 et
2290 3870 2611 3954 integrum
2655 3871 3034 3957 praestabit.

1530 4055 1574 4104 C
1592 4063 1752 4118 aput
1785 4057 1928 4106 xvl.

1161 4204 1262 4252 DE
1305 4203 1795 4254 CITATIONIBUS
1837 4206 1928 4253 ET
1967 4206 2306 4255 ARRESTO.
3176 4198 3246 4255 30

473 4319 734 4387 Rectori
773 4320 927 4386 lieet
982 4320 1363 4386 inconsultis
1419 4317 1808 4386 consiliariis
1870 4323 2006 4387 suis
2065 4324 2268 4387 citare
2322 4331 2387 4387 et
2437 4330 2762 4387 arrestare
2819 4344 3041 4387 omnes
3098 4330 3163 4387 et

331 4418 596 4506 singulos
643 4419 874 4487 ditioni
918 4421 1365 4485 universitatis
1407 4420 1832 4486 scholasticae
1878 4423 2283 4509 suppositos,
2340 4444 2721 4510 quocunque
2760 4423 2831 4488 in
2871 4421 3015 4487 loco
3056 4422 3161 4485 in-

335 4522 518 4585 veniri
569 4522 922 4608 potuerint.

531 4792 555 4842 1
595 4785 971 4842 Geschrieben
1008 4784 1155 4839 steht
1186 4787 1403 4839 servari
1433 4786 1561 4839 ἀυήι
1593 4787 1824 4841 videtur.

527 4875 558 4924 2
594 4869 969 4925 Geschrieben
1007 4868 1156 4924 steht
1189 4870 1545 4939 ηιαςὶεῠηιῠας
1581 4875 1722 4924 etwa
1755 4871 1827 4924 ab
1865 4871 2006 4924 inito
2044 4870 2409 4938 magistratu?

529 4959 561 5009 3
596 4953 973 5010 Geschrieben
1010 4952 1158 5007 steht
1184 4955 1555 5024 praescripta.
1764 4958 1796 5007 4
1832 4954 2011 5025 Vogel
2049 4952 2293 5008 schreibt
2324 4960 2606 5010 morantes.
