4038 6358
786 629 907 696 276
1939 629 2050 680 Das
2083 627 2496 692 Frauencolleg.

946 813 1046 876 28.
1103 807 1268 873 Item
1324 808 1595 895 siugulis
1651 807 2118 874 mutationibus
2159 807 2400 873 debent
2438 806 2740 894 magistri
2781 805 3098 893 deputare
3138 805 3303 872 duos
3344 804 3684 891 collegia-

779 914 882 972 tos
926 915 991 972 et
1027 929 1243 989 unum,
1298 909 1409 994 qui
1462 930 1608 972 cum
1648 915 2043 972 conventore
2086 906 2283 973 semel
2330 907 2598 972 visitent
2650 904 2995 980 commoda
3046 906 3115 969 in
3169 904 3375 970 bursa
3413 915 3484 971 et
3537 900 3683 968 ool-

778 1003 949 1090 legio
996 1015 1062 1071 et
1101 1004 1370 1071 videant
1415 1006 1496 1071 de
1537 1004 1872 1070 honestate
1916 1013 1981 1071 et
2023 1006 2517 1071 conservatione
2575 1001 3082 1087 commodorum,
3141 1013 3210 1069 et
3255 1001 3682 1090 praesertim

781 1097 992 1170 socios
1045 1104 1378 1188 inducant,
1432 1115 1503 1170 ut
1542 1126 1778 1191 aquam
1818 1104 1888 1169 in
1930 1097 2206 1170 cameris
2250 1103 2549 1170 habeant.
2631 1103 2721 1168 Et
2762 1101 2848 1168 ad
2890 1102 3014 1168 hoc
3055 1101 3431 1168 faciendum
3470 1111 3684 1167 tene·

695 1209 729 1265 ⁵
778 1211 883 1267 tur
925 1213 1277 1269 conventor
1308 1203 1675 1290 praedictos
1720 1203 2067 1289 deputatos
2110 1225 2229 1290 per
2272 1202 2587 1269 famulum
2632 1224 2820 1269 suum
2865 1200 3230 1284 solicitar03
3279 1210 3347 1265 et
3393 1202 3679 1289 siquae

777 1299 1161 1367 insolentiae
1211 1301 1441 1367 fierent
1489 1324 1607 1389 per
1672 1302 1882 1367 socios
1930 1302 2001 1366 in
2054 1301 2275 1382 bursa,
2336 1302 2655 1388 praedicti
2710 1300 2837 1366 duo
2902 1300 3203 1386 magistri
3262 1299 3442 1364 circa
3495 1319 3674 1369 oon·

778 1407 1132 1484 ventorem,
1176 1402 1233 1466 si
1274 1402 1576 1487 poterint,
1621 1418 1646 1464 1
1688 1399 1771 1465 de
1813 1400 2088 1466 emenda
2128 1400 2549 1488 provideant,
2594 1398 2757 1465 alias
2799 1407 3171 1486 proponant
3209 1397 3502 1485 collegio.
3569 1395 3676 1462 Et

779 1519 913 1562 non
957 1497 1195 1565 debent
1232 1500 1532 1586 magistri
1574 1498 1686 1564 alii
1726 1509 2183 1565 conventorem
2228 1508 2342 1564 aut
2379 1500 2588 1586 ipsius
2632 1497 2915 1585 aliquem
2957 1494 3062 1585 [30
3075 1493 3127 1584 ⁸]
3175 1494 3672 1563 combursalem

781 1595 1153 1663 inclamare.
1241 1596 1424 1664 Idem
1486 1598 1680 1663 etiam
1741 1596 1869 1663 duo
1923 1597 2218 1686 deputati
2279 1607 2578 1664 tenentur
2641 1596 2933 1662 defectus
2989 1594 3434 1661 aedificiorum
3495 1593 3670 1660 hinc

702 1694 937 1761 winde
979 1697 1049 1761 in
1090 1694 1361 1782 collegio
1406 1704 1470 1761 et
1520 1694 1724 1762 bursa
1776 1698 2104 1784 respicere
2163 1707 2230 1762 et
2283 1697 2640 1763 reformare
2698 1695 2779 1760 de
2830 1695 3122 1781 pecuniis
3176 1694 3322 1760 fisci
3371 1692 3666 1778 collegii,

609 1790 621 1798 ’
781 1796 841 1861 si
900 1797 1142 1883 potuit3
1210 1795 1376 1861 alias
1441 1796 1735 1882 recipere
1792 1793 1985 1864 debet
2049 1797 2498 1885 praepositum
2552 1795 2638 1862 ad
2693 1793 3062 1860 faciendam
3116 1792 3665 1860 convocationem

784 1915 981 1981 super
1028 1894 1429 1981 praemissis.

953 1997 1049 2059 29.
1107 1993 1274 2058 Item
1314 1990 1528 2058 nullus
1584 1991 1965 2079 collegiatus
2019 1992 2090 2057 in
2146 1991 2723 2060 convocationibus
2764 1990 2870 2057 vel
2928 2013 3155 2057 mensa
3209 1989 3468 2079 collegii
3522 1990 3657 2054 cri·

784 2113 954 2175 men,
994 2092 1223 2157 vitium
1250 2091 1355 2158 vel
1398 2092 1564 2157 iram
1606 2090 1849 2157 realem
1893 2092 2205 2157 iniuriose
2248 2091 2436 2158 alteri
2475 2099 2800 2178 proponat
2837 2092 3053 2177 potius
3096 2113 3291 2178 quam
3334 2092 3655 2175 imponat,

701 2197 764 2256 15
782 2189 903 2256 sub
950 2212 1190 2278 poena,
1252 2189 1445 2278 quod,
1505 2191 1561 2256 si
1618 2189 1791 2254 infra
1848 2198 1984 2255 tres
2044 2189 2184 2256 dies
2243 2212 2372 2257 non
2427 2190 2777 2256 obtinuerit
2829 2191 2967 2256 eius
3022 2189 3439 2270 voluntatem,
3492 2196 3653 2251 tunc
3711 2225 3718 2230 -

775 2288 927 2354 talis
977 2298 1230 2354 tenetur
1275 2298 1451 2356 stare
1508 2288 1847 2355 dictamini
1901 2289 2171 2355 maioris
2229 2290 2437 2377 partis
2482 2289 2736 2374 collegii
2796 2311 2922 2376 quo
2974 2289 3059 2355 ad
3119 2285 3648 2354 satisfaciendum

781 2388 957 2476 parti
999 2388 1304 2472 offensae,
1365 2388 1484 2454 sub
1540 2410 1754 2477 poena
1795 2390 2124 2454 carentiae
2171 2390 2270 2454 sui
2328 2387 2572 2470 salarii,
2630 2386 2837 2468 donec
2878 2387 2996 2453 tali
3039 2387 3378 2453 dictamini
3416 2406 3645 2472 parue-

772 2488 876 2554 rit.
954 2485 1030 2552 Si
1075 2508 1231 2552 vero
1291 2485 1539 2573 aliquid
1591 2485 1820 2551 talium
1872 2486 2102 2551 fecerit
2154 2496 2344 2552 extra
2399 2508 2691 2552 mensam
2751 2509 2868 2552 seu
2923 2487 3479 2568 convocationem,
3531 2505 3642 2548 ex-

772 2595 931 2651 tunc
986 2606 1145 2672 pars
1199 2584 1380 2649 laesa
1420 2593 1676 2650 tenetur
1722 2585 2038 2651 offensam
2080 2585 2292 2672 primo
2335 2607 2704 2672 proponere
2747 2583 3020 2670 collegio
3064 2593 3130 2649 et
3171 2606 3416 2672 capere
3464 2585 3638 2650 iusti·

690 2685 966 2767 fficiam,
1010 2685 1069 2749 si
1108 2682 1238 2747 sibi
1275 2684 1517 2770 poterit
1559 2686 1805 2767 venire,
1852 2683 1972 2750 sub
2016 2706 2227 2770 poena
2268 2686 2465 2749 trium
2507 2684 2922 2750 florenorum.

942 2787 1042 2850 30.
1084 2781 1268 2866 Item,
1312 2782 1370 2846 si
1409 2782 1705 2869 magistri
1749 2782 1941 2848 simul
1981 2782 2370 2849 conferendo
2395 2782 2499 2848 vel
2542 2781 2689 2847 aliis
2734 2782 2816 2848 de
2857 2784 3073 2849 causis
3117 2782 3186 2847 in
3227 2803 3457 2848 mensa
3481 2777 3630 2868 [30¹³]

775 2892 842 2948 et
905 2881 1369 2948 convocatione
1418 2879 1720 2950 verbales
1784 2880 2101 2947 haberent
2160 2880 2615 2948 altercationes
2682 2891 2747 2946 et
2809 2881 3250 2947 contentiones
3264 2931 3284 2966 ‚
3349 2904 3435 2947 ne
3491 2879 3634 2945 inde

772 2981 984 3046 maius
1024 2978 1265 3045 malum
1306 2981 1572 3063 oriatur,
1609 2977 1803 3045 debet
1848 2979 2283 3067 praepositus,
2323 2980 2380 3044 si
2422 3000 2735 3066 praesens
2776 2980 2989 3063 fuerit,
3031 2979 3135 3045 vel
3177 2981 3396 3046 senior
3438 2979 3629 3065 magi-

774 3088 907 3145 ster
958 3100 1267 3166 praesens
1310 3080 1599 3145 existens
1657 3077 1918 3146 eosdem
1970 3080 2326 3165 magistros
2381 3078 2725 3144 caritative
2784 3080 2915 3166 piis
2959 3077 3181 3146 verbis
3243 3078 3496 3144 hortari
3535 3077 3630 3143 bis

688 3178 882 3248 2⁵vel
934 3188 1053 3263 ter,
1108 3189 1180 3245 ut
1223 3189 1476 3245 cessent
1529 3202 1572 3245 a
1622 3176 1897 3261 talibus3
1958 3178 2016 3244 si
2076 3200 2208 3244 non
2252 3178 2676 3261 cessaverint,
2732 3179 3028 3266 imponat
3078 3179 3494 3266 praepositus
3544 3176 3628 3242 eis

775 3278 1098 3345 silentium
1151 3300 1268 3365 per
1326 3276 1735 3360 mandatum,
1801 3278 2018 3343 senior
2079 3299 2234 3343 vero
2292 3278 2604 3363 magister
2662 3299 2780 3363 per
2830 3277 3039 3344 verba
3092 3280 3306 3365 magis
3364 3276 3621 3358 seriosa,

770 3388 930 3466 puta
961 3369 1284 3443 ‘nolumus
1327 3376 1451 3443 hoc
1498 3367 1757 3443 habere'
1803 3376 1907 3442 vel
1956 3374 2339 3442 consimilia.
2414 3375 2604 3457 Quae
2647 3377 2702 3442 si
2746 3399 2878 3442 non
2923 3378 3328 3460 curaverint,
3389 3375 3628 3442 solvent

771 3498 1071 3566 poenam,
1128 3498 1297 3565 quae
1337 3498 1458 3561 per
1498 3475 1842 3562 collegium
1884 3485 2000 3541 aut
2042 3474 2356 3541 maiorem
2396 3484 2651 3562 partem
2702 3477 2922 3541 statim
2968 3499 3045 3542 eo
3088 3475 3194 3541 die
3237 3478 3404 3562 ipsis
3447 3476 3630 3541 fuerit

772 3576 1034 3659 dictata,
1074 3573 1194 3641 sub
1217 3596 1430 3661 poena
1471 3575 1801 3640 carentiae
1846 3596 2002 3640 suae
2045 3573 2386 3661 portionis,
2430 3584 2504 3640 ut
2546 3596 2767 3662 supra,
2805 3574 3012 3641 donec
3055 3574 3398 3662 praedicto
3441 3575 3628 3640 dicta-

687 3684 759 3742 30
774 3676 932 3741 mini
972 3683 1282 3761 pareatur
1326 3694 1471 3739 cum
1515 3674 1768 3739 effectu.
1839 3672 1912 3738 Si
1954 3695 2113 3739 vero
2157 3674 2570 3760 praepositus
2614 3674 2683 3737 in
2724 3683 2916 3761 parte
2959 3674 3338 3761 praedictae
3381 3683 3629 3740 conten-

770 3775 967 3842 tionis
1009 3773 1222 3857 fuerit,
1278 3773 1572 3860 imponat
1624 3773 1686 3838 ei
1729 3771 2056 3838 silentium
2112 3772 2327 3837 senior
2369 3773 2683 3858 magister
2725 3794 3036 3859 praesens
3078 3772 3271 3840 modo
3315 3783 3383 3838 et
3423 3794 3628 3860 poena

781 3893 1167 3961 praemissa.
1278 3904 1285 3911 ·

938 3976 1034 4039 31.
1062 3966 1183 4058 [Bl.
1201 3968 1335 4057 31⁸]
1361 3971 1549 4054 Item,
1573 3971 1629 4035 si
1652 3969 1888 4057 aliquis
1910 3968 2225 4036 scholaris
2250 3968 2510 4055 publice
2528 3970 2876 4036 contendat
2900 3973 2968 4036 in
2993 3993 3218 4037 mensa
3242 3993 3382 4055 sua,
3413 3979 3627 4036 careat

771 4069 1071 4158 portione
1112 4069 1200 4134 ad
1253 4070 1613 4155 praepositi
1655 4067 2029 4152 arbitrium3
2081 4066 2276 4151 idem,
2336 4069 2392 4133 si
2445 4067 2783 4155 negligens
2839 4070 3035 4135 fuerit
3088 4070 3176 4136 ad
3237 4069 3630 4158 perficienda

697 4178 766 4237 35
788 4189 990 4237 onera
1029 4169 1248 4255 ipsum
1291 4168 1760 4234 concernentia.

937 4272 1038 4335 32.
1096 4266 1265 4332 Item
1310 4266 1675 4353 quicunque
1727 4264 2180 4347 baculam-eus,
2237 4264 2506 4330 studens
2553 4266 2656 4332 vel
2715 4267 3055 4333 familiaris
3107 4267 3177 4331 in
3218 4267 3495 4356 collegio
3538 4265 3637 4332 vel

772 4366 974 4433 bursa
1016 4366 1328 4431 iniuriose
1378 4365 1775 4451 percusserit
1817 4363 2101 4452 aliquem
2143 4364 2549 4450 magistrum,
2593 4366 2757 4430 citra
2799 4367 3159 4451 emendam,
3205 4389 3403 4454 quam
3449 4365 3636 4432 debet

773 4465 950 4554 parti
1013 4460 1231 4530 laesae
1242 4513 1261 4547 ‚
1325 4485 1367 4529 a
1421 4464 1694 4549 collegio
1752 4462 2160 4545 excludatur,
2224 4462 2432 4528 donec
2490 4463 2829 4530 emendam
2886 4467 3116 4532 fecerit
3176 4477 3312 4532 tam
3369 4465 3635 4551 collegio

775 4585 970 4654 quam
1025 4564 1199 4651 parti
1251 4562 1491 4647 laesae,
1547 4573 1661 4629 aut
1713 4561 1824 4627 det
1880 4584 2000 4650 pro
2057 4570 2382 4626 structura
2438 4567 2478 4629 3
2521 4562 2764 4630 floreno
2785 4590 2821 4630 ς.
2913 4564 2986 4631 Si
3036 4586 3194 4631 vero
3251 4568 3498 4632 crimen
3536 4562 3637 4630 vel

687 4672 756 4729 ω
777 4663 1133 4729 convitium
1175 4663 1492 4748 magistro
1551 4661 1941 4750 imposuerit
1998 4661 2333 4743 iniuriose,
2398 4661 2571 4727 infra
2633 4671 2766 4728 tres
2833 4663 2974 4729 die:
3036 4665 3401 4732 satisfaciat
3459 4651 3636 4730 iu'xta

773 4761 1102 4828 dictamen
1139 4762 1635 4848 magistrorum3
1679 4759 1843 4826 alias
1884 4759 1967 4825 de
2003 4759 2275 4845 collegio
2312 4769 2380 4826 et
2409 4758 2613 4827 bursa
2647 4761 3013 4849 expellatur
3056 4774 3167 4830 aut
3205 4763 3421 4831 solvat
3447 4786 3636 4830 unum

776 4859 1095 4929 florenum
1135 4882 1257 4947 pro
1300 4881 1515 4947 poena
1558 4869 1623 4925 et
1670 4868 1996 4925 structura
2044 4857 2312 4947 collegii.

934 4962 1032 5029 33.
1093 4959 1279 5043 Item,
1338 4957 1854 5046 quandocunque
1910 4958 2190 5024 moritur
2245 4954 2482 5045 aliquis
2535 4959 2919 5046 collegiatus
2960 4959 3214 5048 collegii
3257 4960 3636 5050 praesentis,

765 5068 922 5126 tunc
962 5057 1076 5125 alii
1118 5057 1445 5145 collegiati
1503 5057 1792 5125 eiusdem
1852 5057 2109 5143 collegii
2158 5055 2578 5145 praesbyteri
2626 5067 2931 5126 tenentur
2974 5057 3132 5148 [311‘]
3179 5060 3397 5147 legere
3456 5059 3635 5148 quili-

685 5166 754 5226 45
770 5154 885 5224 bet
925 5165 1059 5225 tres
1097 5158 1332 5225 missas
1374 5178 1498 5247 pro
1544 5157 1899 5241 defunctis3
1953 5157 2070 5223 alii
2112 5165 2328 5223 autem
2374 5156 2711 5243 collegiati
2749 5181 2880 5225 non
2922 5158 3335 5248 praesbyteri
3373 5158 3641 5245 quilibet

766 5265 904 5325 tres
931 5255 1194 5343 vigilias
1235 5255 1317 5323 de
1359 5260 1398 5323 9
1444 5255 1830 5323 lectionibus
1873 5256 2091 5323 dicere
2131 5264 2430 5322 tenentur
2474 5256 2648 5324 infra
2689 5279 2976 5326 mensem
3015 5259 3306 5327 eiusdem
3336 5259 3635 5325 defuncti.
