4038 6358
1199 673 1369 724 Dritte
1405 673 1930 735 Statuteuredaetiom
1962 687 2072 723 von
2112 670 2501 726 unt—1490.
3150 668 3272 734 427

390 854 571 921 silio
632 855 959 923 facultatis
1016 855 1174 923 velit
1241 855 1491 946 aliquos
1545 855 1848 922 ordinare
1907 856 2256 944 magistros
2270 904 2287 938 ,
2349 858 2459 944 qui
2519 850 2886 919 huiusmodi
2947 849 3271 916 exercicia

392 955 785 1044 disputent,
840 957 951 1046 qui
1006 965 1163 1022 tunc
1213 965 1510 1023 tenentur
1565 967 1937 1044 acceptare,
1991 959 2102 1045 qui
2154 979 2275 1044 pro
2327 965 2617 1043 tempore
2671 952 2911 1021 habent
2961 951 3268 1018 lectiones

393 1056 747 1141 meliores,
790 1057 911 1124 sub
952 1058 1318 1144 privatione
1358 1056 1672 1123 lectionis.

1575 1261 1672 1324 25.
1716 1276 1811 1323 ns
1851 1274 2152 1325 unum.

605 1422 849 1506 Placet,
894 1421 1067 1511 quod
1108 1421 1390 1489 decanus
1414 1447 1559 1490 cum
1600 1423 2007 1490 taxatoribus
2049 1433 2373 1511 reponant
2411 1424 2770 1510 pecuniam,
2814 1443 2855 1485 a
2891 1418 3272 1485 lectionibus
3325 1425 3359 1482 5

402 1529 481 1586 et
528 1522 877 1587 exerciciis
919 1531 1267 1609 receptam,
1306 1524 1373 1589 in
1413 1523 1700 1590 ladulam
1727 1546 1872 1589 cum
1911 1523 2119 1589 tribus
2148 1520 2457 1605 clavibus,
2499 1544 2660 1609 quas
2689 1519 2866 1609 apud
2896 1541 2964 1584 se
2992 1518 3277 1585 habeant

404 1631 783 1687 taxatores.
869 1620 1000 1687 Sed
1050 1621 1338 1688 ladulam
1395 1625 1533 1689 sine
1584 1623 1769 1689 clave
1822 1622 2063 1688 habeat
2118 1625 2185 1688 in
2242 1622 2536 1688 custodia
2589 1620 2892 1703 decanus,
2956 1629 3021 1685 et
3073 1620 3279 1708 impo-

404 1731 669 1787 nantur
711 1722 931 1786 omnia
967 1723 1250 1808 registra
1287 1721 1629 1789 lectionum
1670 1732 1733 1788 et
1775 1724 2256 1789 exerciciorum.
2421 1712 2425 1716 ¹

598 1928 700 1991 26.
742 1941 837 1988 ns
880 1939 1101 2005 nono,
1147 1938 1288 2001 Quo
1331 1940 1611 1989 nsnswr
1654 1939 2052 1988 menoses
2096 1939 2188 1987 An
2234 1938 2572 1987 namsi-BA
2613 1939 3116 1988 mms‘rnontm

1651 2039 2076 2088 mmmmm.
3302 2028 3365 2084 ιο

602 2187 891 2270 Quilibet
940 2187 1164 2275 legens
1218 2189 1358 2254 sive
1400 2210 1710 2254 exercens
1765 2178 1958 2254 debet
2012 2189 2331 2254 instruere
2387 2198 2451 2254 et
2503 2188 2807 2255 ordinare
2860 2188 3140 2277 aliquem
3195 2185 3281 2251 ad

426 2288 569 2355 hoc
608 2287 865 2370 abilem,
904 2295 977 2352 ut
1013 2287 1223 2383 possit
1260 2288 1613 2354 informare
1642 2287 1956 2353 intitulari
1984 2288 2293 2370 volentes,
2335 2289 2511 2376 quod
2552 2312 2622 2355 se
2663 2288 3021 2355 inscribant
3065 2309 3286 2352 secun-

424 2385 593 2454 dum
621 2386 881 2454 modum
912 2386 1309 2470 etformam,
1350 2408 1520 2473 quae
1559 2389 1864 2474 sequitur,
1906 2397 1978 2451 ut
2000 2386 2306 2453 videlicet
2345 2389 2413 2452 in
2456 2388 2737 2472 scedula,
2782 2387 2868 2454 ad
2908 2387 3282 2453 hocsemm-

427 2486 597 2552 dum
641 2485 1077 2574 subscriptam
1119 2485 1392 2551 formam
1435 2486 1681 2569 liniata,
1738 2486 1825 2552 ad
1869 2488 2151 2573 primum
2193 2488 2487 2574 spacium
2530 2487 2774 2553 scribat
2825 2508 3058 2553 nomen
3097 2509 3286 2551 suum

424 2597 499 2651 et
539 2607 899 2673 cognomen
942 2597 1007 2651 et
1044 2584 1279 2668 locum,
1334 2586 1506 2650 unde
1549 2596 1728 2651 ortus
1776 2596 1892 2669 est,
1949 2587 2246 2673 praecise
2288 2608 2363 2651 eo
2404 2586 2615 2669 modo,
2660 2609 2786 2675 quo
2828 2585 3283 2652 immatricula·
3307 2595 3368 2651 15

422 2696 541 2751 tus
587 2695 718 2768 est3
780 2683 1015 2750 deinde
1059 2686 1127 2750 in
1184 2683 1465 2750 secundo
1521 2686 1743 2771 spacio
1790 2687 2034 2771 signet,
2088 2684 2169 2749 de
2210 2706 2338 2770 qua
2378 2688 2638 2752 natione
2696 2688 2813 2770 sit3
2870 2695 3018 2773 post
3057 2686 3181 2751 hoc
3221 2686 3288 2749 in

427 2787 641 2851 tercio
684 2784 907 2871 spacio
949 2793 1146 2867 notet,
1202 2783 1326 2849 sub
1367 2806 1491 2871 quo
1534 2792 1862 2859 rectoratu
1904 2791 1969 2849 et
2010 2782 2268 2869 quando
2312 2795 2461 2872 post
2497 2788 2763 2851 terciam
2804 2785 3144 2851 lectionem
3184 2783 3289 2849 vel

428 2884 854 2966 exercicium,
912 2885 1007 2949 sic
1046 2893 1122 2951 ut
1158 2884 1612 2971 praemittitur,
1660 2905 1893 2951 omnes,
1924 2884 2223 2971 inscripti
2267 2894 2432 2949 sunt.
2511 2885 2620 2951 Ex
2660 2895 2814 2951 tunc
2855 2883 3049 2951 debet
3086 2883 3290 2969 magi-

431 2992 574 3048 ster
608 2982 829 3069 legens
860 2983 965 3048 vel
1007 2982 1347 3070 disputans
1388 2986 1484 3048 sic
1522 2980 1834 3069 incriptos
1876 2981 2181 3048 ordinare
2222 2984 2573 3051 secundum
2616 2984 2906 3052 ordinem
2938 2982 3288 3070 alphabeti,

366 3108 373 3114 ·
431 3079 612 3169 [26¹³]
654 3091 728 3165 ut
782 3081 1090 3147 facillime
1128 3083 1415 3169 ‘quisque
1466 3083 1743 3147 inveniri
1799 3082 2034 3168 possit,
2094 3082 2475 3150 dimittendo
2525 3107 2568 3148 a
2622 3083 2904 3149 sinistris
2964 3082 3286 3149 sufficiens
3304 3090 3372 3147 20

434 3185 754 3270 spacium,
812 3191 888 3247 ut
927 3181 1023 3248 ibi
1069 3183 1317 3269 signari
1378 3183 1587 3268 possit
1638 3184 1707 3246 in
1746 3179 2060 3264 taxandO,
2112 3194 2420 3268 quantum
2478 3187 2749 3273 quisque
2806 3183 3087 3266 dederit,
3144 3192 3209 3247 et
3250 3205 3291 3248 a

436 3281 692 3347 dextris
736 3280 1017 3368 amplius
1071 3283 1365 3368 spacium
1423 3304 1544 3369 pro
1590 3282 1926 3367 signandis
1974 3284 2233 3370 punctis
2290 3295 2354 3349 et
2407 3284 2830 3371 negligenciis
2885 3305 3125 3364 eorum,
3183 3283 3289 3369 qui

440 3403 515 3446 se
558 3404 601 3446 a
641 3380 1022 3447 lectionibus
1067 3389 1135 3446 et
1176 3381 1517 3445 exerciciis
1563 3379 1924 3463 absentant,
1969 3383 2175 3447 eciam
2207 3382 2555 3448 secundum
2585 3384 2861 3449 formam
2887 3382 2995 3448 hic
3022 3404 3289 3467 sequen-

439 3491 594 3563 tem,
651 3490 717 3546 et
767 3481 932 3547 tales
971 3490 1103 3546 tres
1146 3478 1443 3545 scedulas
1487 3478 1771 3545 scribere
1816 3491 1882 3544 et
1924 3503 2117 3545 unam
2161 3504 2415 3569 semper
2461 3481 2637 3569 apud
2681 3504 2752 3547 se
2792 3504 3076 3564 servare,
3138 3480 3291 3547 alte-

442 3602 587 3645 ram
631 3589 848 3646 autem
886 3578 1148 3646 tradere
1189 3578 1635 3645 visitatoribus
1679 3587 1743 3643 et
1783 3581 2043 3644 tertiam
2084 3581 2490 3647 taxatoribus
2533 3590 2973 3668 praesentare.
3309 3589 3376 3646 25

444 3797 854 3871 Registrum
904 3797 1240 3855 lectionis
1280 3796 1725 3868 phisicorum
1757 3796 2099 3869 magistri
2136 3796 2247 3868 .N.,
2295 3787 2728 3869 qui'incepit
2759 3797 2940 3855 feria
2987 3797 3294 3854 secunda

1350 3898 1531 3955 hora
1563 3902 1827 3954 octava
1857 3897 1930 3951 in
1964 3897 2285 3954 lectorio
2319 3898 2391 3956 N.

482 4118 686 4174 Paetus
735 4081 738 4082 ⁷
853 4081 856 4082 ⁷
984 4135 1187 4174 nomen
1219 4124 1278 4174 et
1313 4134 1619 4189 cognomen
1912 4116 2067 4172 natio
2189 4081 2529 4174 rectoraw
2578 4090 2586 4221 Ι
2657 4124 2871 4190 puncta

528 4274 622 4331 -v1
772 4272 958 4327 Adam
993 4268 1164 4327 Fabri
1196 4268 1265 4325 αθ
1300 4247 1518 4339 Lip‘ezk
1872 4245 1880 4318 Ι
1950 4268 2026 4324 M.
2133 4269 2237 4325 sub
2271 4269 2473 4326 Psslner

484 4374 700 4432 pauper
772 4354 1110 4411 emensos„
1143 4352 1359 4409 Hainer
1391 4353 1461 4409 de
1496 4351 1806 4436 salamon
1870 4322 1879 4434 Ι
1950 4351 1999 4407 Β
2094 4338 2236 4437 [sub
2269 4353 2534 4428 Coburgk

2661 4273 2779 4386 '⁹⁹'
3311 4366 3381 4423 30

625 4828 744 4887 Die
784 4828 1114 4905 folgenden
1172 4825 1317 4885 dre&
1357 4826 1912 4886 Zusatzbeschliisse
1969 4846 2099 4886 vom
2152 4828 2346 4887 Jahre
2403 4829 2561 4900 1490
2618 4828 2891 4888 scheinen
2945 4848 3061 4888 von
3112 4829 3296 4890 einem

462 4929 777 4989 Solu-siber
816 4946 933 4986 von
972 4925 1329 5003 Profe-wion
1363 4925 1744 5003 einqetraqen
1783 4946 1858 4984 zu
1902 4926 2048 4985 sein.
