4038 6358
857 621 977 687 580
1891 616 1993 668 Die
2033 615 2338 681 juvistischc
2380 614 2636 666 Facultflt.

904 852 1081 901 POST
1131 851 1414 900 EXAMEN
1453 850 1834 900 LEGANTUR
1878 849 2336 898 BACCALAREO
2382 847 2798 897 SUBSCRIPTA
2847 845 3269 910 CAPITTULA,
3315 844 3503 905 QUAE

1501 951 1886 999 STIPULATA
1934 950 2126 997 MANU
2170 948 2620 998 PROMITTERE
2665 947 2913 995 DEBE'r.

947 1103 1064 1149 vn.
1110 1085 1334 1149 Primo
1373 1082 1548 1172 quod
1593 1092 1835 1148 statuta
1878 1082 2212 1149 facultatis
2254 1082 2570 1159 iuridicae
2611 1080 2883 1145 firmiter
2926 1079 3084 1144 velit
3130 1078 3505 1144 observare.

1017 1186 1178 1249 Item
1226 1183 1398 1270 quod
1447 1182 1821 1247 doctoribus
1863 1182 2159 1247 eiusdem
2198 1180 2527 1247 facultatis
2572 1188 2635 1243 et
2678 1180 3062 1266 praesertim
3088 1182 3221 1243 suis
3244 1178 3707 1243 examinatori-

769 1294 800 1349 5
858 1284 976 1350 bus
1003 1285 1070 1348 in
1095 1284 1289 1349 licitis
1335 1294 1398 1347 et
1438 1282 1722 1348 honestis
1764 1281 1920 1347 velit
1963 1280 2230 1346 obedire
2272 1293 2337 1347 et
2379 1280 2623 1346 eisdem
2664 1279 3093 1343 reverentiam
3138 1289 3201 1344 et
3244 1278 3557 1343 honorem
3597 1300 3707 1340 ex-

853 1383 1074 1448 hibere
1113 1381 1524 1468 condignum.

1028 1482 1192 1547 Item
1238 1480 1412 1569 quod
1453 1478 1725 1545 eandem
1767 1479 2138 1545 facultatem
2186 1479 2370 1561 velit,
2427 1478 2514 1545 ad
2568 1500 3012 1566 quemcunque
3070 1486 3309 1543 statum
3353 1477 3708 1559 devenerit,

863 1580 1138 1647 fideliter
1181 1601 1581 1668 promovere.

1019 1681 1180 1746 Item
1223 1679 1398 1768 quod
1443 1688 1593 1766 post
1638 1680 2108 1765 promotionem
2151 1699 2334 1742 suam
2373 1677 2439 1739 in
2479 1673 2989 1740 baccalariatum
3031 1675 3188 1742 velit
3251 1688 3427 1743 stare
3471 1679 3540 1742 in
3583 1679 3706 1742 ista

777 1791 840 1846 10
860 1781 1281 1845 universitate
1322 1801 1440 1867 per
1483 1777 1815 1843 biennium
1862 1789 1928 1842 et
1979 1777 2198 1863 legere
2257 1784 2555 1863 quartum
2609 1773 3028 1841 decretalium
3080 1787 3193 1845 aut
3249 1789 3465 1842 certos
3510 1775 3710 1841 libros

855 1880 1350 1961 institutionum,
1392 1877 1493 1942 vel
1542 1876 1790 1965 aliquid
1836 1874 2261 1964 aequivalens
2305 1873 2659 1940 secundum
2701 1872 3099 1941 voluntatem
3158 1875 3530 1957 doctorum,
3588 1877 3709 1940 nisi

861 2001 1055 2066 super
1100 1977 1200 2044 his
1246 1988 1357 2042 aut
1399 1976 1614 2062 aliquo
1655 1977 2163 2063 praemissorum
2209 1998 2353 2040 cum
2397 1997 2473 2040 eo
2516 1974 2714 2038 fuerit
2759 1972 3261 2061 dispensatum.'

1339 2173 1410 2264 [S
1481 2173 1595 2262 10.]
1641 2193 1735 2239 m:
1780 2191 1980 2240 nono
2025 2191 2487 2239 msrmssnm
2531 2190 2674 2239 ctm
2717 2190 3209 2241 mcsncunno.

1027 2345 1172 2393 vm.
1217 2326 1506 2408 Placuit,
1573 2325 1744 2414 quod
1797 2333 2025 2413 petens
2086 2325 2291 2410 recipi
2355 2323 2440 2388 ad
2483 2324 2821 2389 licenciam
2867 2332 3159 2411 tempore
3202 2324 3709 2411 dispensationis

781 2437 842 2493 15
866 2426 1076 2492 solvat
1119 2435 1261 2492 octo
1302 2425 1522 2491 floren.
1568 2427 1636 2489 in
1684 2448 1841 2491 auro
1883 2447 2002 2512 pro
2048 2423 2407 2489 defectibus
2467 2424 2636 2506 suis,
2690 2423 2858 2487 inter
2908 2422 3207 2489 doctores
3268 2423 3529 2510 collegii
3568 2435 3711 2488 actu

859 2536 1156 2612 regentes
1202 2525 1557 2612 aequaliter
1603 2524 2024 2606 dividendos,
2083 2524 2209 2587 nisi
2271 2545 2340 2587 se
2400 2524 2586 2586 iuxta
2640 2531 2887 2587 statuta
2947 2522 3374 2610 complevisse
3421 2522 3711 2589 docuerit

757 2660 765 2673 ·
861 2625 1229 2707 evidenter3
1277 2633 1340 2689 et
1383 2625 1477 2688 ita
1518 2646 1638 2711 per
1682 2626 2017 2711 antiquum
2061 2646 2307 2688 morem
2351 2644 2481 2688 non
2524 2621 2930 2708 gravabitur,
2992 2644 3119 2709 quo
3175 2622 3483 2687 videlicet
3526 2645 3708 2709 coge·

861 2724 1053 2790 batur
1097 2724 1446 2810 unicuique
1490 2721 1829 2789 doctorum
1873 2721 2130 2809 collegii
2176 2722 2427 2788 solvere
2465 2745 2662 2787 unum
2705 2721 2926 2788 floren.
2971 2744 3060 2788 re.

1027 2940 1345 2991 STATUTA
1387 2941 1872 2991 LICENCIANDIS
1917 2941 2245 2989 TEMPORE
2287 2940 2854 2989 DISPENSATIONIS
2898 2941 2987 2988 ΕΤ
3033 2940 3215 2990 ANTE
3257 2943 3546 2999 Examen

778 3031 845 3088 20
1798 3040 2131 3089 LEGENDA
2180 3041 2269 3088 ΕΤ
2315 3040 2771 3090 PUBLICANDA.

1029 3192 1119 3241 lx.
1162 3174 1642 3241 Licenciandus
1684 3175 1753 3238 in
1794 3173 1935 3239 iure
1978 3171 2172 3239 debet
2214 3197 2356 3240 esse
2397 3175 2749 3261 inscriptus
2792 3173 3172 3241 matriculae
3214 3175 3406 3241 huius
3450 3175 3701 3241 univer-

867 3276 1100 3358 sitatis,
1149 3287 1213 3339 et
1238 3284 1573 3363 promotus
1618 3296 1659 3338 a
1700 3272 1974 3359 collegio
2022 3272 2359 3338 doctorum
2402 3274 2485 3339 ad
2527 3274 2802 3361 gradum
2834 3272 3311 3340 baccalariatus
3354 3277 3423 3340 in
3464 3277 3603 3340 iure
3641 3276 3702 3340 in

865 3373 1085 3459 aliqua
1127 3378 1549 3440 universitate
1595 3372 1993 3461 approbata,
2039 3384 2104 3437 et
2146 3372 2475 3438 audivisse
2516 3373 2821 3439 lectiones
2864 3374 2933 3438 in
2974 3375 3115 3439 iure
3149 3384 3299 3462 post
3339 3374 3701 3440 huiusmodi

866 3472 1142 3560 gradum
1186 3473 1660 3539 baccalariatus
1706 3495 1746 3536 a
1790 3469 2164 3537 doctoribus
2210 3472 2561 3538 sallariatis
2606 3495 2723 3560 per
2766 3472 2930 3538 duos
2974 3497 3177 3540 annos
3217 3476 3575 3540 continuos.

781 3580 847 3637 25
1030 3597 1095 3638 x,
1136 3573 1300 3639 Item
1345 3571 1536 3638 debet
1580 3595 1722 3638 esse
1765 3570 1972 3636 bonae
2014 3570 2265 3655 famae,
2322 3573 2557 3660 integri
2624 3582 2863 3656 status,
2926 3573 3234 3639 honestae
3275 3576 3702 3640 conversatio·

865 3674 966 3737 nis
1009 3684 1073 3737 et
1114 3671 1196 3739 de
1238 3671 1524 3757 legitimo
1566 3672 1974 3736 matrimonio
2016 3681 2223 3737 natus.

1031 3789 1125 3836 xl.
1169 3772 1350 3855 Item,
1394 3781 1742 3859 antequam
1787 3769 2167 3838 admittatur
2212 3770 2297 3836 ad
2341 3794 2636 3854 examen,
2680 3773 2889 3859 primo
2936 3771 3129 3838 debet
3172 3773 3423 3861 aliquid
3468 3773 3700 3861 legisse

868 3873 934 3935 in
974 3872 1253 3954 decret0,
1300 3881 1460 3958 puta
1504 3893 1700 3935 unam
1743 3891 2007 3934 causam
2052 3869 2158 3935 vel
2200 3869 2383 3954 duas,
2445 3880 2558 3936 aut
2600 3871 2846 3958 aliquot
2884 3872 3330 3938 distinctiones
3370 3873 3441 3936 in
3484 3872 3701 3938 eodem

871 3969 975 4036 vel
1020 3993 1214 4036 unam
1257 3965 1464 4057 le[11]
1484 3991 1653 4056 gem,
1702 3969 1755 4034 si
1798 3969 1866 4033 in
1912 3970 2091 4035 civili
2134 3969 2239 4035 vel
2281 3979 2551 4059 utroque
2591 3973 2750 4056 iure,
2794 3994 2987 4036 unam
3031 3969 3361 4058 publicam
3404 3982 3469 4036 et
3510 3971 3702 4037 solen·

781 4080 850 4138 30
874 4093 1017 4135 nem
1060 4071 1510 4156 repetitionem
1530 4070 1574 4132 ².

1031 4169 1289 4234 Deinde
1332 4168 1514 4234 addit
1555 4168 1853 4234 dominus
1918 4166 2325 4233 ordinarius:
2412 4167 2640 4250 „Licet
2685 4179 2928 4253 autem,
2979 4171 3238 4237 domine
3288 4171 3701 4254 licenciande,

862 4292 994 4335 non
1037 4270 1433 4356 ignoremus,
1475 4291 1675 4333 unum
1720 4266 2080 4332 alterumve
2124 4288 2208 4331 ex
2250 4266 2352 4333 his
2396 4267 2808 4354 praestandis
2853 4268 3146 4354 deficere,
3190 4282 3405 4336 tamen
3432 4275 3697 4354 veniam,

868 4392 1062 4457 quam
1107 4369 1374 4456 petiisti,
1417 4391 1547 4434 non
1588 4367 2005 4453 denegamus,
2051 4366 2166 4430 sed
2211 4388 2406 4453 super
2446 4365 2568 4449 his,
2612 4389 2777 4452 quae
2804 4368 2933 4434 -tibi
2976 4369 3190 4436 adhuc
3247 4370 3477 4436 deesse
3534 4370 3696 4435 vide·

862 4469 1121 4551 bantur,
1166 4467 1473 4550 breviter,
1518 4476 1801 4531 attamen
1839 4463 2060 4529 valide
2103 4475 2296 4551 atque
2338 4464 2641 4553 legitime,
2686 4477 2749 4532 te
2792 4467 3305 4556 dispensamus.“

780 4578 846 4635 35
1031 4585 1149 4632 xn.
1194 4565 1518 4631 Examine
1562 4576 1788 4652 aperto
1805 4612 1822 4646 ,
1880 4576 2227 4653 antequam
2284 4565 2724 4632 licenciandus
2768 4569 3203 4652 examinetur,
3277 4567 3473 4638 debet
3515 4569 3695 4657 depo·

863 4690 1017 4733 nere
1061 4664 1241 4752 apud
1288 4664 1585 4731 doctores
1621 4683 1719 4730 xx
1763 4663 1988 4730 floren.
2032 4666 2100 4728 in
2138 4687 2295 4731 auro
2339 4676 2452 4731 aut
2495 4665 2943 4754 aequivalens,
2998 4668 3066 4732 in
3120 4667 3434 4734 alterutro
3476 4672 3694 4735 iurium

874 5015 887 5030 ·
1039 4935 1062 4987 1
1095 4929 1393 5029 Iiiernach
1426 4929 1528 4985 hat
1563 4928 1818 4984 Hommel
1855 4946 1928 4984 an
1962 4930 2073 4985 den
2107 4930 2273 4985 Rand
2309 4929 2698 5003 geschriebsn:
2734 4933 2956 4988 Dema
2990 4915 3171 4990 daher.
3238 4934 3460 4990 Deinde
3492 4943 3693 4990 erman·

860 5034 922 5069 ⁸⁷⁸
953 5032 1171 5155 „⁰5²3
1201 5017 1396 5155 ‘diesen
1435 5099 1667 5154 Worten
1703 5098 1886 5152 steckt
1924 5096 2175 5153 offenbar
2205 5097 2295 5154 ein
2330 5098 2558 5171 Fehler3
2593 5100 2740 5156 deun
2775 5119 2837 5157 so
2870 5100 3050 5174 geben
3083 5102 3163 5158 sie
3186 5104 3387 5160 keincn
3404 5104 3690 5177 gehssrigen

857 5181 1042 5323 ¹511an
1071 5184 1185 5239 und
1229 5183 1411 5239 hinter
1455 5191 1685 5252 utroque
1729 5184 1851 5236 iure
1885 5182 2018 5236 wird
2072 5182 2323 5238 iiberdies
2372 5186 2624 5241 vermisst
2654 5187 2772 5242 vult
2796 5190 3121 5259 promoveri
3150 5188 3284 5243 oder
3320 5195 3490 5246 etwas
3525 5190 3688 5246 Achn-
