4038 6358
811 600 933 664 590
1831 594 1932 647 Die
1968 594 2342 646 medicinisebc
2376 594 2630 648 Facultit.

981 784 1078 847 33.
1132 778 1293 843 Item
1358 787 1692 865 promotus
1745 778 1814 842 in
1865 776 2309 842 baccalarium
2361 774 2687 841 facultatis
2728 774 3087 843 medicinae
3128 778 3196 843 in
3237 779 3654 844 universitate

817 879 1169 966 Lipczensi
1185 927 1202 960 ,
1248 888 1590 964 postquam
1646 887 2023 961 assumptus
2067 877 2264 941 fuerit
2314 876 2401 941 ad
2449 874 2795 961 legendum
2838 896 2960 963 pro
3003 876 3429 943 licenciatura
3465 877 3655 943 facul·

822 980 975 1043 tatis
1019 977 1378 1042 medicinae
1421 985 1485 1041 et
1522 974 1752 1061 legerit
1790 997 1912 1061 pro
1957 975 2218 1063 publico
2263 976 2563 1039 examine
2618 974 3076 1041 licenciaturae
3093 1027 3111 1058 ‚
3168 986 3444 1060 extunc,
3494 989 3655 1065 post·

818 1101 1010 1168 quam
1069 1085 1399 1164 promotus
1455 1075 1647 1139 fuerit
1716 1075 1782 1138 in
1860 1073 2189 1140 doctorem
2267 1073 2626 1139 medicinae
2685 1075 2754 1137 in
2806 1076 3226 1142 universitate
3293 1077 3658 1165 Lipczensi‚

736 1190 771 1244 5
827 1176 1218 1267 praecedere
1282 1172 1549 1239 habebit
1612 1174 1680 1237 in
1744 1172 1885 1238 loco
1950 1172 2301 1261 quemlibet
2359 1173 2685 1239 doctorem
2749 1173 3107 1241 medicinae
3171 1186 3543 1265 promotum
3598 1182 3660 1241 in

823 1278 1147 1343 doctorem
1194 1272 1552 1338 medicinae
1600 1274 1666 1337 in
1711 1272 1842 1337 alia
1885 1274 2339 1351 universitate,
2384 1274 2509 1336 nisi
2551 1271 2702 1337 talis
2758 1271 2984 1339 doctor
3044 1274 3308 1341 alterius
3350 1277 3662 1341 universi·

820 1378 974 1442 tatis
1044 1378 1111 1439 in
1178 1372 1601 1438 universitate
1657 1372 2005 1458 Lipczensi
2069 1386 2219 1438 ante
2282 1372 2738 1437 admissionem
2810 1373 3099 1438 eiusdem
3161 1374 3520 1440 baccalarii
3581 1375 3662 1439 ad

816 1475 1154 1541 licenciam
1211 1480 1382 1537 esset
1434 1480 1994 1559 praeassumptus3
2060 1471 2167 1535 hic
2222 1471 2391 1535 enim
2448 1469 2598 1535 talis
2654 1470 2899 1555 doctor,
2957 1470 3065 1537 hic
3122 1473 3191 1538 in
3242 1474 3662 1538 universitate

818 1574 1165 1662 Lipczensi
1208 1582 1576 1658 promotus,
1620 1569 1816 1636 talem
1860 1570 2190 1636 doctorem
2244 1568 2522 1634 alienum
2578 1572 2757 1659 sequi
2812 1569 3006 1636 debet
3027 1621 3044 1654 ,
3116 1574 3323 1638 eciam
3392 1574 3450 1638 si
3520 1583 3662 1637 ante

740 1674 1029 1762 tuipsius
1089 1671 1374 1737 doctoris
1432 1669 1517 1735 ad
1573 1669 1946 1735 facultatem
2004 1669 2367 1735 medicinae
2424 1670 2939 1763 assumpcionem
2999 1669 3085 1735 ad
3140 1671 3492 1759 legendum
3548 1695 3663 1759 pro

819 1773 1093 1838 licencia
1129 1780 1298 1835 esset
1338 1770 1682 1835 admissus.
1766 1769 2087 1834 Doctores
2131 1779 2343 1834 autem
2387 1768 2494 1833 hic
2536 1771 2816 1856 promoti
2862 1768 3073 1835 locum
3114 1770 3400 1837 habeant
3446 1794 3661 1837 secun·

822 1873 975 1938 dum
1019 1871 1457 1960 primogenita
1498 1870 1788 1956 ipsorum
1834 1867 1919 1933 ad
1959 1868 2301 1934 licenciam
2348 1870 2889 1954 assumpcionum.

982 2078 1078 2140 34.
1137 2069 1299 2135 Item
1354 2066 1792 2134 doctorandus
1852 2068 1919 2131 in
1980 2066 2096 2131 illa
2154 2068 2573 2133 universitate
2632 2078 2926 2155 tempore
2991 2091 3149 2135 suae
3225 2073 3663 2159 promocionis

816 2172 998 2237 dabit
1041 2171 1323 2256 quinque
1367 2168 1644 2234 florenos
1687 2168 1978 2232 rinenses
2024 2164 2280 2232 famulis
2325 2168 2786 2235 universitatis,

740 2383 801 2436 15
985 2376 1083 2437 35.
1145 2369 1305 2433 Item
1349 2367 1559 2433 nullus
1600 2365 1938 2432 doctorum
1982 2368 2068 2431 sit
2111 2365 2192 2431 de
2236 2365 2504 2432 consilio
2559 2365 2883 2433 facultatis
2934 2368 3330 2454 medicinae,
3382 2372 3513 2435 nisi
3563 2371 3664 2435 hic

818 2474 885 2536 in
927 2470 1347 2535 universitate
1391 2465 1495 2531 vel
1532 2467 1600 2530 in
1641 2465 1772 2530 alia
1813 2489 1998 2531 suum
2043 2465 2373 2530 biennium
2412 2465 2831 2553 conpleverit,
2875 2476 2939 2533 et
2982 2467 3101 2534 hoc
3145 2492 3262 2535 suo
3305 2471 3667 2537 iuramento

816 2567 1238 2637 confirmabit.
2108 2569 2116 2576 '

983 2775 1082 2837 36.
1122 2767 1286 2833 Item
1330 2764 1598 2852 quilibet
1643 2765 2124 2852 promovendus
2168 2766 2233 2828 in
2274 2763 2681 2830 licenciatum
2728 2764 3057 2830 facultatis
3100 2766 3467 2833 medicinae
3510 2778 3666 2833 tem-

821 2892 979 2959 pore
1037 2866 1354 2933 examinis
1417 2863 1699 2928 fiendae¹
1754 2886 1872 2951 pro
1929 2863 2349 2929 licenciatura
2406 2863 2587 2928 dabit
2646 2886 2764 2951 pro
2825 2863 3200 2931 doctoribus
3259 2866 3339 2932 de
3395 2867 3665 2932 consilio

734 2969 1150 3036 20facultatis
1193 2963 1551 3030 medicinae
1597 2962 2022 3028 existentibus
2069 2962 2408 3028 duodecim
2450 2962 2726 3028 florenos
2773 2965 3079 3032 rinenses.

984 3174 1079 3237 37.
1125 3167 1282 3233 Item
1311 3162 1583 3253 quilibet
1619 3162 2093 3251 promovendus
2139 3164 2206 3228 in
2252 3160 2689 3228 baccalarium
2734 3163 3057 3230 facultatis
3105 3164 3466 3231 medicinae
3509 3175 3661 3231 tem·

825 3293 982 3358 pore
1026 3270 1125 3333 sui
1166 3267 1485 3332 examinis
1531 3287 1648 3351 pro
1690 3263 2131 3328 baccalariatu
2176 3262 2357 3327 dabit
2400 3285 2513 3327 sex
2558 3262 2834 3329 florenos
2882 3287 3233 3352 reynenses
3278 3288 3399 3352 pro
3445 3265 3664 3331 docto-

825 3370 1004 3436 ribus
1047 3367 1128 3432 de
1168 3364 1434 3432 consilio
1480 3361 1905 3429 existentibus
1947 3362 2271 3428 facultatis
2316 3361 2622 3427 eiusdem.

988 3571 1088 3635 38.
1157 3565 1320 3630 Item
1376 3560 1645 3650 quilibet
1701 3560 2240 3627 baccalariandus
2302 3558 2848 3646 (iiber-qeschrieben
2915 3560 3386 3650 baccalarius),
3446 3563 3667 3629 volens

739 3681 806 3737 25
831 3666 1198 3758 promoveri
1257 3665 1324 3728 in
1385 3661 1814 3745 licenciatum,
1874 3660 2067 3726 debet
2124 3661 2335 3747 primo
2379 3660 2673 3745 optinere
2731 3683 2773 3724 a
2830 3660 3201 3726 doctoribus
3259 3662 3340 3727 de
3394 3662 3666 3728 consilio

824 3766 1150 3835 facultatis
1191 3761 1555 3827 medicinae
1593 3764 1878 3826 favorem
1917 3759 2176 3846 legendi
2212 3781 2331 3846 pro
2362 3757 2656 3840 licencia,
2700 3769 2763 3823 et
2800 3769 2950 3846 post
2989 3760 3113 3825 hoc
3154 3759 3444 3828 savorem
3488 3786 3664 3827 assu·

821 3864 1038 3931 mendi
1081 3862 1167 3928 ad
1209 3860 1497 3927 eandem.

992 4121 1074 4179 So
1140 4120 1272 4177 weit
1336 4119 1440 4176 leat
1514 4115 1607 4174 die
1667 4123 1822 4172 ersaee
1883 4116 2081 4173 Hand
2140 4112 2553 4191 qeschriebem
2638 4114 2733 4172 die
2793 4117 3124 4192 solqenden
3190 4117 3452 4177 Ζιιεὰῖκ
3532 4120 3675 4178 sind

822 4221 1234 4299 Autoqrapka.

739 4381 809 4437 30
991 4372 1093 4435 39.
1155 4364 1347 4429 Anno
1401 4360 1645 4426 domini
1688 4357 1786 4422 Μο
1827 4373 2041 4424 cccc⁰
2081 4358 2259 4423 lxv‘0
2313 4358 2636 4423 sedecima
2701 4358 2809 4423 die
2859 4358 3242 4426 Decembris
3305 4369 3501 4440 (1465
3552 4370 3659 4426 den

831 4474 926 4537 16.
973 4462 1319 4550 December)
1363 4459 1730 4526 conclusum
1775 4459 1895 4522 fuit
1938 4469 2250 4524 statutum
2294 4457 2500 4541 istud,
2545 4456 2848 4523 videlicet
2889 4460 3062 4545 quod
3105 4460 3320 4526 nullus
3365 4462 3661 4528 decetcro

825 4567 1182 4653 recipiatur
1238 4561 1326 4629 ad
1376 4557 1749 4626 facultatem
1805 4556 2197 4640 medicinae,
2260 4558 2385 4621 nisi
2444 4579 2560 4644 per
2614 4559 2959 4624 triennium
3013 4559 3098 4624 ad
3157 4564 3369 4626 minus
3427 4565 3494 4626 in
3537 4561 3663 4627 alia

823 4665 1245 4733 universitate
1297 4662 1548 4726 famosa
1603 4660 1853 4726 steterit
1911 4667 1976 4721 et
2032 4656 2329 4722 doctores
2402 4656 2760 4721 medicinae
2816 4659 3142 4724 facultatis
3198 4660 3545 4746 diligenter
3598 4664 3661 4726 in

822 4762 1221 4832 leccionibus
1267 4760 1620 4840 audiverit3
1672 4766 1739 4822 et
1786 4757 1908 4822 hoc
1949 4779 2067 4821 suo
2112 4757 2472 4822 iuramento
2517 4756 2943 4823 confirmabit.
3004 4758 3115 4848 *Et
3154 4759 3278 4825 hoc
3320 4759 3405 4825 de
3445 4760 3657 4827 docto·

740 4875 809 4933 35
830 4865 1012 4932 ribus
1051 4866 1120 4928 in
1166 4860 1296 4927 alia
1339 4858 1758 4924 universitate
1798 4858 2112 4943 promotis
2155 4863 2461 4921 statutum
2503 4863 2619 4919 est.

997 5283 1019 5335 1
1061 5276 1220 5334 Doch
1255 5274 1396 5330 wohl
1417 5275 1611 5343 fiendi.
