4038 6358
51 5993 53 6000 “
58 5926 68 5939 ο
57 5898 65 5911 -
51 5875 54 5894 ““
51 5770 75 5858 ὶξῐ-
65 5694 73 5711 -
63 5626 69 5635 -
61 5484 69 5499 .-

828 615 949 681 444
1846 622 1949 673 Dis
1985 624 2424 689 philosophi-che
2461 622 2722 677 saeuitia.

826 796 1151 866 facultatis
1164 846 1183 881 ‚
1222 806 1287 864 et
1325 798 1611 867 studiose
1653 804 1981 891 inquirere
2023 807 2104 873 de
2145 806 2459 897 quolibet,
2503 830 2588 875 an
2627 809 2790 875 istas
2833 806 3138 875 lectiones
3197 814 3268 873 et
3335 799 3724 882 exercicia,

828 898 993 963 sicut
1032 900 1099 964 in
1140 920 1259 965 sua
1300 900 1565 967 soedula
1622 907 2059 993 consignavit,
2103 907 2524 997 compleverit
2577 916 2644 974 et
2693 908 2878 973 iuxta
2935 916 3181 975 statuta
3229 902 3624 972 audiverit
3663 909 3726 964 et

826 998 1239 1081 satisfecerit,
1296 999 1663 1087 nullamque
1704 1004 2046 1073 lectionem
2102 1008 2365 1074 totalem
2421 1017 2533 1074 aut
2589 1008 2984 1074 exercicium
3033 1006 3230 1073 totale
3289 1000 3728 1091 neglexerit.

826 1096 901 1163 Si
943 1098 1088 1186 quis
1131 1110 1345 1167 autem
1388 1124 1473 1167 ex
1527 1102 1933 1171 auditoribus
1990 1108 2450 1195 promovendis
2507 1106 2930 1173 tollerabilem
2987 1106 3316 1173 defectum
3387 1102 3728 1167 habuerit

742 1206 777 1263 5
828 1208 895 1265 et
936 1198 1437 1287 dispensabilem
1450 1250 1468 1283 ,
1512 1200 1925 1290 dispensetur
1980 1228 2130 1273 cum
2181 1206 2408 1273 eodem
2467 1206 2818 1273 secundum
2869 1206 3130 1273 modum
3169 1222 3616 1294 expressum
3657 1201 3726 1265 in

824 1298 1289 1367 reformacione
1306 1350 1325 1381 ,
1389 1302 1485 1365 sic
1546 1302 1719 1387 quod
1779 1302 2320 1371 baccalariandus
2373 1306 2773 1394 quindecim,
2835 1304 3328 1393 magistrandus
3411 1302 3722 1388 triginta

824 1420 1088 1485 grossos
1141 1398 1351 1465 solvat
1404 1423 1525 1489 pro
1569 1401 2074 1490 dispensatione.
2158 1405 2230 1473 Si
2291 1416 2506 1473 autem
2561 1407 2898 1493 negligens
2953 1407 3098 1495 quis
3153 1406 3446 1471 omnino
3509 1401 3720 1465 fuerit

826 1508 891 1563 et
928 1498 998 1563 in
1039 1497 1207 1565 libro
1264 1498 1720 1587 complentium
1774 1502 2117 1571 lectionum
2161 1514 2226 1571 et
2279 1507 2746 1572 exerciciorum
2799 1504 3124 1572 facultatis
3178 1514 3518 1592 repertus
3583 1524 3722 1565 non

828 1596 1054 1681 fuerit,
1096 1599 1248 1686 quia
1290 1608 1517 1665 contra
1558 1600 1751 1667 talem
1792 1606 2232 1689 praesumitur
2248 1654 2266 1689 ,
2312 1604 2483 1691 quod
2525 1627 2646 1670 nec
2686 1603 2994 1671 lectiones
3031 1626 3152 1669 nec
3197 1601 3604 1683 exercicia,
3647 1608 3721 1664 ut

745 1706 807 1763 10
825 1694 1149 1780 debuerit,
1192 1698 1280 1764 ad
1320 1700 1595 1787 gradum
1640 1700 1919 1787 aliquem
1962 1706 2362 1791 pertinencia
2403 1703 2728 1770 audiverit
2776 1726 2899 1771 nec
2954 1704 3332 1771 satisfacere
3403 1700 3714 1781 curavit,

824 1796 908 1861 sit
958 1798 1328 1885 impeditus.

814 2002 869 2065 3.
922 2014 1017 2063 ΒΕ
1060 2016 1606 2068 ΒῙΒΡΕΝΒΑΤῙΟΝΕ
1657 2022 1729 2069 m
1784 2022 2112 2071 TEMPORE
2163 2024 2254 2071 ΕΤ
2293 2022 2570 2072 AETATE
2613 2022 2842 2071 OER‘ro
2887 2021 3204 2071 camum
3231 2004 3252 2046 ¹
3292 2019 3702 2070 FAGOENDA.

986 2147 1243 2233 Placet,
1296 2152 1467 2237 quod
1517 2156 1814 2241 magistri
1872 2155 1953 2221 de
2007 2155 2275 2222 consilio
2315 2156 2644 2223 facultatis
2687 2156 2995 2243 deinceps
3033 2176 3158 2240 quo
3199 2153 3290 2219 ad
3333 2152 3696 2233 stantiam,

818 2256 1072 2337 tempus
1114 2259 1179 2315 et
1216 2261 1523 2337 aetatem,
1568 2276 1715 2319 cum
1767 2256 2228 2343 promovendis
2265 2256 2542 2323 faciliter
2583 2278 2716 2323 non
2764 2254 3172 2342 dispensent,
3217 2249 3280 2341 [7
3295 2249 3347 2339 b]
3389 2253 3544 2317 nisi
3609 2250 3695 2315 de

751 2356 811 2414 15
833 2347 1123 2415 abilitate
1167 2352 1538 2441 periciaque
1582 2353 1850 2421 scolaris
1890 2354 2316 2443 promovendi
2368 2355 2700 2421 evidenter
2743 2364 2806 2420 et
2848 2377 2966 2442 per
3020 2352 3260 2418 famam
3315 2360 3690 2418 constaret.

828 2448 1015 2514 Tunc
1057 2451 1228 2515 enim
1272 2474 1419 2516 cum
1458 2452 1577 2517 tali
1622 2476 1748 2541 quo
1793 2452 1879 2519 ad
1919 2465 2176 2543 tempus
2229 2464 2292 2520 et
2346 2464 2624 2521 aetatem
2679 2455 2748 2519 in
2797 2452 3054 2520 modico
3071 2502 3089 2535 ‚
3131 2461 3202 2517 ut
3253 2452 3322 2515 in
3380 2448 3688 2539 quat-tali

821 2550 994 2631 anni,
1040 2550 1229 2615 iuxta
1264 2574 1462 2617 unum
1508 2561 1813 2618 statutum
1858 2553 2140 2644 desuper
2181 2554 2541 2620 confectum
2584 2562 2800 2642 potest
2839 2552 3238 2640 dispensari,
3297 2552 3454 2638 quia
3527 2570 3682 2637 per·

819 2648 1058 2714 fectum
1098 2650 1419 2716 scienciae
1456 2650 1581 2717 hoc
1624 2676 1781 2718 casu
1824 2653 2084 2742 supplet
2125 2656 2440 2720 minorem
2484 2662 2777 2719 aetatem.
2798 2653 2824 2695 ²
2908 2651 3090 2719 Talis
3129 2661 3364 2733 tamen,
3406 2652 3530 2738 qui
3581 2650 3682 2714 sic

818 2750 981 2835 petit
1006 2747 1571 2837 dispensationem,
1616 2751 1809 2819 debet
1850 2753 2092 2819 habere
2127 2776 2326 2819 unum
2363 2755 2746 2841 magistrum
2783 2750 3185 2839 fidedignum
3221 2753 3290 2815 in
3329 2749 3672 2830 facultate,

732 2854 801 2913 20
818 2849 931 2937 qui
974 2848 1148 2914 dicat
1188 2850 1256 2914 in
1300 2853 1703 2917 consciencia
1742 2876 1879 2937 sua,
1923 2852 2223 2919 omnibus
2265 2853 2695 2935 audientibus,
2741 2850 2913 2941 quod
2959 2851 3186 2933 credit,
3225 2848 3400 2915 illum
3431 2848 3672 2915 valere

822 2946 936 3113 zib
952 2946 1133 3113 illuz‘ili
1156 2948 1493 3112 bgradum,
1546 2975 1735 3039 quem
1789 2975 1909 3040 pro
1966 2952 2080 3018 illa
2135 2954 2279 3019 vice
2331 2952 2607 3017 intendit
2661 2952 3000 3040 consequi:
3057 2951 3164 3015 cui
3217 2958 3282 3015 et
3327 2950 3490 3016 fides
3549 2948 3668 3013 ad·

938 3069 1033 3111 en
1121 3070 1157 3113 e
1204 3057 1286 3113 et.

902 3223 961 3283 4.
1002 3231 1197 3294 QUOD
1233 3233 1561 3284 MAGISTRI
1604 3235 1727 3286 SPE
1767 3235 1977 3284 Luem
2018 3237 2155 3284 VEL
2199 3235 2554 3297 QUAESTUS
2596 3235 3116 3284 PROMOVENDOS
3156 3235 3251 3284 AD
3291 3235 3578 3284 numm

1646 3335 1792 3384 Non
1836 3337 2234 3384 IMPELLANT
2271 3336 2408 3384 NEC
2449 3334 2838 3385 ALLICIANT.

738 3459 805 3517 25
990 3449 1218 3516 Nullus
1280 3452 1743 3539 magistrorum
1806 3451 2087 3540 aliquem
2151 3450 2667 3539 promovendum
2687 3501 2705 3534 ,
2775 3450 3112 3538 potissime
3173 3449 3474 3515 inabilem
3533 3471 3654 3515 seu

827 3551 1043 3615 minus
1082 3549 1429 3636 ydoneum,
1474 3571 1591 3639 spe
1632 3551 1816 3634 lucri,
1860 3560 2190 3636 quaestus,
2235 3551 2480 3616 favoris
2521 3550 2626 3616 vel
2668 3547 2941 3615 alicuius
2985 3548 3240 3615 comodi
3285 3548 3656 3637 temporalis

827 3650 911 3716 ad
936 3649 1306 3716 intrandum
1341 3672 1614 3716 examen
1645 3649 1750 3716 vel
1790 3659 2188 3738 temptamen
2227 3652 2296 3716 in
2339 3649 2609 3734 artibus,
2655 3657 2720 3714 et
2757 3648 2931 3737 quod
2967 3649 3089 3715 sub
3133 3671 3212 3714 eo
3255 3657 3321 3714 et
3357 3671 3480 3715 non
3523 3648 3654 3714 alio

832 3749 1213 3816 determinet
1262 3749 1368 3816 vel
1418 3751 1714 3838 incipiet,
1775 3749 1861 3815 ad
1911 3749 2258 3815 iurandum
2313 3750 2447 3832 vel,
2507 3748 2636 3814 fide
2685 3749 3071 3836 interposita
3124 3756 3240 3813 aut
3298 3757 3484 3836 pacto
3496 3798 3515 3833 ,
3567 3746 3652 3812 ad

828 3849 1329 3939 promittendum
1370 3871 1490 3936 per
1534 3873 1603 3916 se
1644 3849 1749 3915 vel
1792 3871 1910 3937 per
1954 3848 2154 3914 alium
2173 3899 2190 3932 ,
2235 3848 2478 3916 directe
2519 3848 2622 3914 vel
2665 3847 2982 3916 indirecte
2996 3896 3016 3930 ,
3057 3846 3336 3912 scienter
3375 3847 3650 3929 inducat,

739 3957 809 4015 30
826 3948 945 4015 sub
998 3971 1210 4037 poena
1259 3951 1701 4036 suspensionis
1756 3949 1839 4014 ab
1879 3948 2130 4015 actibus
2175 3949 2550 4032 scolasticis,
2597 3949 2653 4014 si
2695 3947 2776 4013 de
2818 3946 2944 4012 hoc
2985 3947 3322 4012 convictus
3365 3946 3468 4012 vel
3503 3969 3645 4012 con-

810 4049 1034 4114 'fessus
1076 4047 1273 4113 fuerit
1312 4047 1420 4113 vel
1463 4047 1626 4115 alias
1668 4050 2046 4132 constiterit,
2085 4048 2169 4114 ad
2213 4071 2409 4114 unum
2453 4071 2713 4113 annum.

816 4241 1113 4313 5.·QUOD
1163 4249 1491 4298 mals'rm
1543 4251 1919 4300 TERENTUR
1964 4250 2326 4298 REVELARE
2383 4247 2969 4298 msmvmcmncus
3025 4245 3640 4297 Pnonovmmomm

1648 4351 1859 4400 Ecum
1899 4351 1971 4400 m
2013 4350 2226 4399 PRIMA
2267 4347 2834 4398 DISPENSATIONE.

990 4464 1235 4550 Placet,
1267 4465 1439 4552 quod
1469 4464 1739 4554 quilibet
1770 4466 2230 4552 magistrorum
2272 4462 2356 4530 de
2395 4463 2662 4530 consilio
2703 4462 3050 4547 facultatis,
3093 4463 3305 4530 eciam
3343 4485 3474 4530 non
3515 4485 3640 4551 spe·

738 4577 806 4635 35
828 4565 1077 4632 cialiter
1130 4563 1217 4630 ad
1269 4564 1393 4632 hoc
1444 4567 1819 4651 requisitus,
1864 4576 2118 4631 tenetur
2171 4564 2290 4631 sub
2347 4587 2460 4630 suo
2509 4566 2904 4647 iuramento,
2957 4563 3196 4657 nedum
3249 4565 3320 4628 in
3375 4561 3644 4630 secunda

822 4665 1315 4754 dispensacione
1354 4686 1579 4730 verum
1636 4667 1841 4732 eciam
1894 4666 2109 4753 prima
2123 4715 2141 4748 ‚
2205 4663 2498 4730 revelare
2560 4664 3051 4730 insufficientiae
3113 4673 3180 4728 et
3233 4661 3404 4728 latas
3457 4661 3646 4749 negli-

823 4767 1075 4854 gentias
1131 4765 1746 4852 promovendorum,
1804 4787 1970 4852 quae
2031 4773 2306 4850 vergunt
2369 4765 2437 4829 in
2503 4765 2942 4830 confusionem
2999 4762 3364 4846 facultatis,
3417 4763 3476 4829 si
3530 4763 3647 4829 sibi

823 4875 1139 4933 constant.

997 5135 1019 5187 1
1062 5128 1433 5187 Geschrieben
1466 5127 1541 5182 ist
1578 5143 1685 5182 nur
1720 5141 1832 5182 cuv,

996 5213 1435 5270 2AmBande:
1490 5211 1745 5268 Libertas
1793 5211 2224 5284 dnhpmationis
2269 5229 2384 5282 pro
2437 5217 2614 5266 aetate
2665 5211 2742 5265 sit
2793 5211 3646 5282 penensaoeltatmnoemdm

821 5315 1093 5373 personae
1126 5300 1501 5356 condicionem
1537 5303 1589 5351 et
1620 5297 1938 5367 qualitatem
1973 5315 2039 5352 ea:
2073 5296 2326 5352 conchae
2368 5297 2492 5352 1522
2539 5296 2636 5349 aab
2669 5297 2940 5351 ἀσσαηαω
2972 5296 3204 5386 Ioanm‘e
3235 5295 3414 5352 um.
