4038 6358
669 582 749 644 24
1562 580 1667 631 Die
1703 579 2069 631 Reformation
2103 595 2229 630 vom
2264 579 2430 631 Jahre
2471 582 2618 631 1496.

671 760 910 847 exigua
952 758 1199 825 decano
1240 758 1560 844 videatur,
1601 761 1829 849 puniat
1872 761 2446 827 contrafacientem
2480 780 2695 847 poena
2738 758 3069 823 carentiae
3108 765 3260 822 actu
3296 778 3524 842 regen·

668 860 800 924 tiae
851 857 959 924 vel
1020 861 1463 946 suspensionis
1510 859 1593 924 ab
1650 860 1905 925 actibus
1965 858 2325 926 scolasticis
2381 881 2636 924 necnon
2693 857 3137 923 emolumentis
3189 854 3525 921 facultatis

670 959 927 1022 artium.
1010 957 1099 1022 Et
1143 959 1199 1023 si
1242 957 1475 1046 aliquis
1519 959 1975 1045 magistrorum
2018 958 2387 1024 huiusmodi
2429 980 2709 1045 poenam
2749 979 2883 1022 non
2926 956 3252 1021 curaverit
3288 975 3410 1019 nec
3452 976 3526 1019 se

670 1058 928 1121 statutis
974 1055 1555 1143 obtemperaverit,
1602 1080 1722 1145 pro
1762 1058 2066 1144 ingressu
2108 1057 2194 1122 ad
2253 1057 2594 1123 consilium
2638 1055 2966 1121 facultatis
3007 1056 3247 1119 artium
3289 1074 3526 1140 perpe-

620 1165 652 1218 5
670 1162 782 1220 tuo
828 1156 913 1220 sit
955 1176 1034 1219 ac
1073 1164 1407 1242 reputetur
1450 1155 1732 1220 inabilis.
1814 1155 1904 1220 Et
1942 1179 2132 1221 nemo
2177 1155 2264 1221 ad
2324 1155 2582 1243 publice
2634 1153 3091 1220 resumendum
3144 1152 3525 1218 admittatur

671 1254 738 1317 in
783 1273 1166 1341 quacunque
1204 1252 1512 1319 facultate
1530 1303 1549 1338 ,
1592 1256 1721 1319 nisi
1762 1255 1832 1318 in
1875 1254 2103 1320 eadem
2150 1254 2459 1320 facultate
2503 1256 2589 1320 sit
2645 1262 2983 1342 promotus
3000 1300 3018 1335 ‚
3064 1252 3239 1340 quod
3280 1249 3522 1339 legitti-

670 1352 793 1417 mis
840 1351 1242 1418 documentis
1285 1363 1348 1417 et
1388 1353 1886 1440 probationibus
1927 1352 2165 1419 docere
2209 1354 2554 1420 tenebitur.

776 1571 877 1633 23.
917 1584 1014 1631 DE
1057 1584 1298 1633 CERTIS
1342 1585 1916 1634 RESUMPTORIBUS
1960 1587 2098 1634 PER
2137 1586 2604 1635 FACULTATEM
2646 1584 2912 1632 ARTIUM
2953 1584 3417 1634 DEPUTANDIS.

835 1719 1149 1785 Volumus
1194 1730 1257 1785 et
1300 1720 1673 1786 ordinamus
1687 1771 1702 1799 ,
1749 1721 1924 1810 quod
1964 1723 2239 1788 facultas
2282 1723 2519 1787 artium
2566 1720 2855 1807 qualibet
2898 1723 3263 1787 mutacione
3310 1730 3520 1786 certos

593 1829 655 1882 10
674 1819 1021 1904 magistros
1065 1817 1152 1883 ad
1197 1817 1321 1883 hoc
1365 1819 1656 1905 ydoneos
1698 1822 1766 1885 in
1807 1821 1915 1886 vel
1972 1831 2163 1887 extra
2223 1819 2561 1887 consilium
2610 1818 2939 1885 facultatis
2990 1820 3257 1906 deputet
3316 1829 3380 1884 et
3419 1841 3521 1884 or-

671 1915 868 2000 dinet,
911 1939 1183 2004 quorum
1222 1940 1387 1981 unus
1431 1918 1512 1981 in
1556 1921 2100 2001 grammatica
2147 1920 2481 1985 Donatum
2524 1919 2630 1984 vel
2653 1928 2873 2005 partes
2901 1918 3313 2000 Allexandri,
3357 1917 3522 1983 alius

668 2017 754 2080 in
793 2014 869 2081 lo
894 2018 1078 2101 gica
1118 2016 1462 2103 parvulum
1505 2016 1712 2083 loicae
1748 2018 1853 2083 vel
1898 2018 2251 2083 summulas
2279 2018 2462 2084 Petri
2484 2017 2769 2105 Hispani
2797 2026 2909 2082 aut
2948 2016 3142 2082 aliam
3184 2019 3522 2083 materiam

670 2112 1016 2200 regulatim
1054 2117 1125 2180 in
1162 2116 1351 2199 loica,
1397 2115 1562 2181 alius
1603 2117 1683 2180 in
1725 2118 2094 2182 retorica
2132 2118 2395 2183 modum
2437 2115 2849 2203 epistolandi,
2874 2115 3041 2181 alius
3063 2137 3220 2180 vero
3264 2118 3342 2180 in
3388 2137 3522 2180 na·

669 2213 930 2278 turali
972 2213 1517 2301 philozophia
1558 2215 1901 2301 parvulum
1945 2216 2403 2304 philozophiae
2462 2215 2779 2281 naturalis
2824 2224 2936 2279 aut
2977 2214 3175 2279 alium
3221 2237 3518 2302 compen-

588 2320 649 2375 15
670 2310 924 2376 diosum
960 2311 1249 2378 libellum
1292 2315 1359 2378 in
1400 2313 1628 2378 eadem
1668 2313 2091 2401 philozophia
2151 2324 2628 2402 comportatum
2667 2324 2779 2379 aut
2823 2314 3359 2400 comportandum
3402 2337 3518 2400 pu·

668 2409 838 2476 blice
882 2411 951 2474 in
994 2411 1211 2500 aliquo
1256 2411 1671 2498 collegiorum
1708 2422 2017 2497 resumat,
2063 2424 2128 2479 et
2168 2416 2236 2479 in
2269 2413 2625 2501 praedictis
2667 2413 2958 2477 materiis
3000 2434 3149 2477 suos
3191 2412 3521 2478 auditores

671 2507 1017 2594 diligenter
1062 2533 1141 2575 ac
1177 2509 1746 2576 fundamentaliter
1790 2512 2076 2595 erudiat,
2129 2536 2261 2579 una
2302 2512 2408 2577 die
2451 2509 2846 2577 declarando
2902 2520 2967 2575 et
3021 2509 3153 2576 alia
3205 2511 3312 2576 die
3370 2533 3522 2577 exa·

672 2607 1002 2673 minando.
1098 2608 1187 2673 Et
1243 2609 1456 2674 nullus
1522 2608 2173 2676 baccalariandorum
2193 2660 2211 2693 ,
2284 2612 2575 2696 exceptis
2638 2610 2766 2674 illis
2823 2610 2935 2697 qui
2988 2611 3058 2673 in
3112 2609 3523 2696 paedagogio

677 2707 995 2771 stanciam
1036 2705 1278 2772 habent
1292 2757 1310 2790 ‚
1369 2710 1480 2795 qui
1528 2708 1766 2773 talibus
1820 2718 1970 2773 sunt
2004 2710 2257 2796 provisi
2310 2708 2860 2796 resumptionibus
2915 2730 3034 2795 per
3099 2717 3522 2774 conventores

591 2812 659 2868 20
675 2802 939 2889 ibidem,
982 2806 1069 2871 ad
1108 2828 1384 2871 examen
1429 2807 1827 2891 admittatur,
1870 2809 1997 2872 nisi
2040 2809 2408 2874 huiusmodi
2452 2808 2926 2893 resumptiones
2966 2807 3036 2870 in
3075 2807 3523 2893 grammatica,

670 2901 841 2969 loica
858 2951 877 2986 ,
927 2905 1253 2969 rethorica
1309 2915 1373 2970 et
1423 2904 1843 2993 philozophia
1896 2907 2180 2972 naturali
2238 2906 2465 2973 saltem
2526 2906 2722 2972 semel
2779 2904 3125 2991 diligenter
3180 2904 3522 2970 audiverit.

668 3003 760 3068 Et
799 3012 876 3068 ut
920 3002 1001 3068 de
1043 3002 1167 3068 hoc
1208 3012 1505 3069 constare
1546 3007 1781 3090 possit,
1828 3004 2022 3070 debet
2067 3004 2340 3071 audiens
2384 3029 2426 3071 a
2463 3003 2979 3091 resumptoribus
3022 3006 3184 3091 ipsis
3230 3006 3521 3090 recogni-

673 3102 915 3166 tionem
962 3102 1311 3168 auditionis
1355 3102 1725 3168 huiusmodi
1768 3114 2028 3169 actuum
2071 3103 2393 3190 obtinere,
2462 3113 2526 3168 et
2564 3113 2856 3192 tempore
2907 3102 3412 3190 dispensationis
3453 3105 3524 3168 in

672 3200 937 3267 scedula
958 3213 1100 3267 ‘sua
1141 3224 1361 3267 coram
1400 3202 1709 3268 facultate
1754 3203 2200 3269 demonstrare
2242 3214 2305 3269 et
2347 3202 2677 3269 exhibere.
2759 3201 3127 3289 Deputatus
3155 3213 3372 3274 tamen
3402 3225 3522 3290 pro

587 3306 654 3364 25
673 3299 1170 3366 rethoricalibus
1213 3301 1617 3366 resumendis
1662 3304 1746 3367 sit
1788 3302 1995 3368 solum
2039 3304 2344 3369 astrictus
2385 3302 2473 3367 ad
2511 3299 2966 3366 resumendum
2992 3323 3123 3366 una
3148 3300 3314 3368 hora
3343 3302 3521 3368 dum·

668 3408 856 3464 taxat
899 3399 1128 3465 diebus
1168 3399 1454 3482 festivis,
1499 3399 1616 3464 sed
1654 3424 1786 3467 non
1828 3401 1947 3467 sub
1993 3401 2445 3489 disputacione
2485 3399 2825 3468 ‚ordinaria
2878 3397 2984 3464 vel
3040 3401 3160 3466 sub
3203 3422 3522 3467 sermone.

1003 3602 1103 3662 24·
1161 3615 1255 3663 DE
1299 3615 1664 3666 MAGISTRIS
1708 3617 1802 3665 AD
1846 3617 2224 3666 CONSILIUM
2263 3615 2693 3666 FAGULTATIS
2734 3615 3191 3666 RECIPIENDIS.

835 3748 1232 3817 Ordinamus
1275 3762 1470 3841 atque
1513 3752 1840 3837 volumuS,
1898 3755 2071 3842 quod
2112 3755 2324 3821 nullus
2380 3754 2842 3839 magistrorum
2900 3751 2986 3820 ad
3049 3753 3388 3818 consilium
3429 3754 3522 3818 fa-

669 3846 926 3913 cultatis
973 3853 1207 3917 artium
1255 3853 1639 3938 recipiatur,
1682 3855 1811 3918 nisi
1853 3856 2038 3920 iuxta
2078 3863 2323 3919 statuta
2367 3851 2654 3918 eiusdem
2706 3852 3037 3917 facultatis
3101 3852 3524 3939 compleverit

584 3957 653 4012 30
674 3956 737 4012 et
781 3955 1081 4013 octavum
1127 3952 1225 4015 sui
1268 3952 1629 4037 magisterii
1673 3974 1911 4017 annum
1953 3954 2140 4018 iuxta
2183 3953 2607 4019 novissimam
2649 3952 2967 4038 principis
3011 3949 3375 4017 fundatoris
3420 3974 3522 4016 or·

670 4044 1067 4111 dinationem
1111 4048 1301 4135 plene
1342 4051 1632 4135 attigerit
1677 4059 1744 4115 et
1786 4073 1928 4116 sese
1970 4053 2041 4116 in
2079 4052 2331 4117 actibus
2369 4051 2730 4116 scolasticis
2761 4048 3059 4135 legendo,
3107 4048 3522 4137 disputando,

669 4145 1032 4210 exercendo
1089 4156 1153 4211 et
1202 4147 1588 4214 resumendo
1642 4172 1760 4236 per
1811 4150 2182 4216 huiusmodi
2224 4160 2478 4237 tempus
2524 4150 2861 4215 octennale
2901 4147 3247 4235 diligenter
3290 4157 3353 4213 et
3393 4148 3523 4212 fru-

668 4253 888 4309 ctuose
941 4248 1425 4331 exercitaverit,
1483 4249 1578 4312 ita
1622 4247 1796 4336 quod
1846 4250 2287 4315 verisimiliter
2340 4249 2421 4314 de
2479 4272 2554 4315 eo
2605 4257 3091 4336 praesumatur,
3150 4247 3323 4337 quod
3382 4269 3522 4313 sco-

667 4342 934 4408 lasticus
997 4344 1287 4411 moribus
1348 4367 1603 4434 quoque
1658 4346 2189 4412 commendabilis
2250 4351 2507 4414 existat.
2588 4348 2676 4413 Et
2731 4350 2787 4413 si
2848 4349 2917 4412 in
2973 4346 3194 4436 aliqua
3248 4349 3521 4413 nacione

584 4452 651 4508 35
674 4443 962 4508 defectus
996 4445 1458 4530 magistrorum
1499 4444 1701 4528 foret,
1747 4455 1985 4510 extunc
2038 4446 2407 4512 huiusmodi
2455 4456 2709 4534 tempus
2768 4449 3160 4534 receptionis
3204 4449 3391 4512 iuxta
3427 4447 3523 4512 fa-

671 4543 926 4608 cultatis
970 4544 1207 4608 artium
1251 4541 1708 4608 discretionem
1750 4553 1814 4609 et
1856 4547 2292 4632 cognitionem
2345 4548 2692 4634 anticipari
2736 4555 2802 4610 et
2844 4545 3221 4611 abbreviari
3261 4546 3523 4632 poterit.

721 4749 822 4810 25·
866 4761 960 4809 DE
1006 4759 1372 4809 MAGISTRIS
1415 4759 1724 4808 ALIARUM
1764 4761 2331 4810 UNIVERSITATUM
2368 4761 2809 4810 RECIPIENDIS
2852 4763 2946 4810 AD
2988 4761 3459 4811 FAOULTATEM

1951 4862 2237 4910 ARTIUM.

833 4989 1177 5070 Volumus,
1240 4988 1415 5076 quod
1456 4988 1668 5054 nullus
1706 4991 2170 5076 magistrorum
2224 4991 2490 5058 alterius
2530 4992 2974 5060 universitatis
3018 4989 3106 5056 ad
3145 4990 3522 5056 facultatem

583 5101 651 5156 40
672 5092 909 5155 artium
951 5100 1346 5171 assumatur,
1405 5089 1535 5153 nisi
1575 5090 1757 5175 prius
1797 5091 1867 5155 in
1928 5091 2055 5157 hac
2106 5092 2529 5156 universitate
2582 5089 2670 5154 ad
2725 5099 2971 5155 certum
3023 5099 3312 5177 tempus,
3363 5099 3525 5177 puta

669 5189 756 5254 ad
799 5186 1052 5254 dimidii
1096 5188 1249 5252 anni
1305 5190 1618 5274 spacium,
1668 5191 1916 5254 steterit
1960 5199 2025 5255 et
2067 5189 2358 5255 moribus
2404 5212 2482 5254 ac
2522 5191 2662 5256 vita
2699 5187 3016 5256 laudabili
3059 5188 3519 5276 comprobatus
