4038 6358
784 610 863 675 36
1284 607 1447 657 Lehr·
1487 608 1593 657 und
1629 605 1994 672 Stundenplan
2034 610 2116 658 stir
2149 609 2255 658 alle
2289 607 2595 659 Facultaten
2632 623 2754 658 vom
2790 607 2956 659 Jahn-e
2996 611 3123 657 1519

784 811 928 853 mus
988 788 1330 875 princeps,
1403 787 1539 853 dux
1602 786 2054 875 Georgius,
2117 832 2433 857 ...........
2461 791 2480 831 ¹
2537 789 3012 855 Germanorum
3083 789 3347 872 ingenia
3409 789 3637 875 inepta

785 886 1076 952 discendi
1130 887 1537 977 docendique
1577 888 1828 953 ratione
1871 896 2150 953 aetatem
2193 897 2258 953 et
2297 898 2555 975 tempus
2610 887 2759 975 plus
2814 908 3023 973 aequo
3078 887 3357 973 perdere
3401 908 3639 972 cogno-

784 990 1019 1070 visset,
1077 996 1332 1052 maturo
1378 986 1648 1052 consilio
1692 987 1969 1073 optimas
2010 986 2272 1073 legendi
2315 986 2719 1074 docendique
2760 988 3049 1052 rationes
3100 987 3171 1051 in
3224 985 3494 1072 singulis
3534 986 3634 1050 fa·

786 1084 1134 1150 cultatibus
1176 1087 1457 1152 instituit
1475 1135 1493 1169 ,
1538 1096 1609 1151 ut
1652 1085 1986 1173 sigillatim
2026 1087 2201 1152 infra
2245 1086 2739 1173 explicabimus.

733 1261 766 1315 5
1779 1267 2138 1316 FACULTAS
2183 1268 2653 1318 THEOLOGICA.

951 1383 1085 1450 Sed
1123 1382 1295 1448 unde
1336 1383 1733 1468 auspicatius
1776 1404 1970 1468 quam
2014 1407 2056 1448 a
2094 1405 2285 1449 sacra
2337 1384 2667 1471 theologia
2727 1383 3085 1466 ordiemur,
3144 1404 3311 1470 quae
3366 1404 3482 1469 per
3535 1391 3634 1446 to-

781 1494 920 1549 tum
959 1484 1285 1549 hominem
1327 1481 1631 1547 fiduciam
1652 1483 1677 1525 ²
1732 1490 1996 1548 sanctae
2042 1484 2182 1569 spei
2226 1483 2579 1569 refocillat,
2637 1506 2823 1550 sacro
2868 1482 3206 1549 chmitatis
3249 1483 3401 1567 igne
3440 1481 3639 1561 fovet,

787 1583 919 1649 fide
962 1582 1347 1649 confirmat?
1388 1582 1577 1647 Haec
1620 1582 2240 1668 contemplacionem
2262 1585 2287 1626 ³
2330 1583 2614 1671 inclytae
2663 1583 2976 1649 trinitatis
3013 1580 3335 1646 mentibus
3378 1580 3639 1666 ingerit,

782 1682 946 1748 haec
993 1692 1090 1747 est
1135 1682 1313 1747 scala
1352 1681 1576 1747 Iacobi
1589 1731 1608 1764 ,
1654 1704 1782 1770 qua
1827 1681 2042 1747 coelos
2083 1703 2287 1768 usque
2330 1683 2777 1749 contendimus
2825 1692 2891 1747 et
2933 1703 3062 1769 qua
3099 1679 3187 1745 ad
3203 1682 3229 1721 ⁴
3269 1677 3640 1745 Ezechielis

704 1791 768 1847 10
786 1780 1175 1847 animalibus
1220 1792 1283 1847 et
1320 1783 1486 1846 rotis
1522 1779 1691 1845 ultra
1735 1792 1979 1845 terram
2032 1780 2361 1846 elevamur
2412 1783 2827 1869 internasque
2872 1803 3029 1868 opes
3070 1780 3472 1866 inspicimus.
3552 1777 3639 1842 11-

787 1881 911 1946 lius
960 1881 1215 1967 singula
1258 1879 1465 1947 verba
1507 1888 2016 1963 sacramentum,
2059 1880 2293 1966 quibus
2337 1882 2556 1946 anima
2604 1880 2692 1946 ad
2735 1881 2926 1945 deum
2968 1878 3293 1962 volatura,
3334 1886 3406 1942 ut
3443 1875 3637 1942 Plato

783 1982 905 2064 ait,
950 1980 1089 2045 alas
1132 1988 1490 2067 recuperet.
1573 1978 1671 2043 Ne
1711 1977 1882 2044 hanc
1946 1979 2350 2064 ignoremus,
2409 1979 2884 2045 illustrissimus
2937 1978 3075 2043 dux
3117 1976 3444 2062 Georgius
3488 1975 3638 2040 effe-

785 2083 874 2145 cit
915 2087 980 2144 et
1020 2079 1352 2146 ordinavit
1370 2126 1389 2161 ,
1455 2087 1531 2142 ut
1564 2078 1632 2142 in
1674 2077 1879 2142 veteri
1924 2086 1989 2141 et
2030 2099 2201 2143 novo
2258 2088 2675 2163 testamento,
2733 2079 2888 2143 item
2941 2075 3279 2143 autoribus
3332 2074 3637 2141 ecclesia-

784 2179 964 2244 sticis
1006 2202 1085 2244 ac
1127 2177 1533 2243 scholasticis
1578 2175 1804 2242 ordine
1848 2175 2215 2265 subscripto
2260 2176 2534 2264 singulis
2577 2179 2765 2242 annis
2807 2178 3162 2265 legeretur,
3204 2175 3486 2262 primum

709 2290 770 2344 15
873 2278 1061 2344 Hora
1118 2277 1245 2342 VH
1284 2299 1474 2341 mane
1513 2277 1582 2340 in
1624 2286 1753 2340 vet.
1794 2284 1936 2341 test.
1948 2324 1967 2358 ,
2011 2275 2137 2341 hac
2178 2285 2424 2342 aestate
2468 2299 2509 2342 a
2550 2276 2720 2342 libro
2758 2276 3089 2343 Geneseos
3131 2273 3549 2362 auspicando,

1114 2377 1273 2442 VIII
1313 2398 1503 2441 mane
1544 2374 1793 2462 legetur
1838 2375 1907 2439 in
1945 2375 2035 2440 D.
2089 2374 2455 2462 Augustino
2507 2385 2572 2442 et
2613 2376 3049 2464 Hieronymo,
3103 2388 3168 2441 et
3220 2374 3346 2438 hac
3385 2382 3638 2439 aestate

1369 2499 1409 2540 a
1449 2474 1635 2539 libris
1675 2474 1764 2538 D.
1802 2472 2152 2559 Augustini
2196 2474 2276 2540 de
2320 2477 2610 2541 trinitate
2646 2475 2753 2541 dei
2796 2475 3189 2541 exordietur.

1240 2575 1275 2640 Ι
1315 2574 1572 2661 legatur
1613 2573 1862 2660 primus
1903 2571 2072 2637 liber
2115 2577 2602 2640 sententiarum.

1209 2673 1275 2739 Π
1314 2672 1570 2759 legatur
1636 2673 1706 2737 in
1770 2671 2179 2738 scholasticis
2235 2696 2463 2739 sacrae
2516 2675 2797 2761 paginae
2852 2672 3285 2760 scriptoribus
3300 2720 3321 2755 ,
3381 2679 3447 2736 et
3506 2670 3635 2735 hoc

697 2785 765 2841 20
1371 2773 1617 2837 aestivo
1660 2772 1957 2837 semestri
1998 2771 2068 2834 in
2110 2771 2417 2858 operibus
2457 2773 2633 2839 beati
2678 2773 2988 2840 Thomae.

1184 2871 1277 2939 IV
1321 2893 1521 2957 opera
1562 2874 1714 2937 novi
1753 2872 2126 2936 testamenti
2163 2870 2666 2938 enucleabuntur
2684 2921 2702 2955 ,
2744 2884 2812 2939 et
2856 2873 2980 2937 hac
3025 2880 3272 2937 aestate
3314 2869 3398 2947 ab
3434 2891 3630 2935 evan·

1366 2969 1536 3055 gelio
1580 2969 2010 3035 inchoabitur.

947 3070 1116 3137 Cum
1172 3071 1310 3134 sine
1375 3070 1800 3134 exercitiis
1863 3068 2045 3134 nulla
2095 3092 2203 3135 ars
2260 3080 2540 3155 constet,
2606 3071 2877 3158 singulis
2924 3072 3258 3137 mensibus
3301 3070 3620 3137 ordinarii

781 3171 1079 3237 doctores
1137 3167 1565 3257 disputabunt
1609 3179 1673 3234 et
1715 3166 2002 3254 qualibet
2045 3169 2150 3237 die
2187 3170 2459 3237 Veneris
2499 3170 2936 3237 hebdomatim
2981 3170 3266 3238 decanus
3312 3170 3623 3256 theologi-

696 3282 762 3338 25
783 3273 877 3337 cis
921 3267 1479 3357 disputacionibus
1524 3266 2065 3334 extraordinariis
2121 3271 2543 3357 praesidebit.
2632 3271 2769 3338 Nec
2811 3271 3047 3337 desunt
3087 3274 3313 3338 conci
3332 3279 3587 3338 onatu
3604 3304 3634 3318 -

779 3373 897 3435 ris
939 3369 1118 3452 loca,
1166 3367 1400 3455 quibus
1446 3389 1515 3431 se
1557 3375 1925 3434 exerceant.

1711 3549 2067 3598 FACULTAS
2111 3551 2440 3600 IURIDICA.

940 3668 1148 3733 Nemo
1191 3677 1318 3750 est,
1364 3662 1639 3730 candide
1680 3664 1918 3748 lector,
1964 3668 2075 3753 qui
2111 3668 2404 3753 ignorat,
2446 3666 2979 3732 iurisconsultum
3017 3669 3302 3733 iustitiae
3343 3676 3617 3734 asserto·

782 3790 921 3833 rem
964 3787 1107 3831 esse
1151 3767 1336 3854 quasi
1378 3763 1772 3851 Delphicum
1831 3766 2031 3830 totius
2087 3767 2371 3831 civitatis
2429 3765 2790 3842 oraculum,
2844 3768 2957 3853 qui
3011 3765 3491 3832 consultoribus
3543 3789 3622 3832 ac

697 3877 766 3933 30
787 3864 1129 3931 clientibus
1169 3868 1237 3929 in
1277 3863 1472 3929 rebus
1517 3865 1775 3928 afflictis
1819 3888 2009 3952 opem
2052 3865 2180 3929 fert
2223 3875 2304 3948 et,
2348 3875 2420 3930 ut
2460 3865 2623 3931 alter
2651 3864 2909 3953 Apollo,
2954 3865 3296 3930 consilium
3340 3888 3621 3931 commu-

778 3967 975 4047 nicat,
1021 3966 1159 4029 sine
1201 3986 1328 4049 quo
1370 3963 1656 4028 humana
1697 3965 2086 4029 commercia
2125 3974 2189 4029 et
2227 3964 2635 4051 respublicae
2691 3975 2992 4030 constare
3022 3975 3367 4052 nequeunt.
3392 3968 3417 4006 ⁵
3480 3964 3626 4030 Hoc

782 4063 1271 4129 fundamentum
1326 4062 1645 4127 libertatis
1669 4111 1688 4146 ,
1750 4063 1857 4127 hic
1880 4064 1906 4104 ⁶
1956 4064 2102 4128 fons
2157 4065 2534 4151 aequitatis;
2602 4086 2785 4130 mens
2838 4085 3093 4152 quoque
3148 4072 3214 4129 et
3254 4068 3511 4131 animus
3558 4074 3624 4130 et

783 4162 1125 4229 consilium
1179 4171 1242 4226 et
1297 4164 1614 4226 sententia
1672 4162 1954 4226 civitatis
2012 4164 2227 4248 posita
2284 4173 2383 4228 est
2438 4164 2505 4227 in
2560 4162 2834 4249 legibus.
2919 4162 3012 4228 Ut
3063 4186 3150 4228 ex
3202 4163 3327 4229 hoc
3366 4185 3624 4252 quoque

779 4262 1123 4350 gymnasio
1170 4281 1391 4325 rerum
1447 4259 1859 4345 publicarum
1915 4261 2360 4327 moderatores
2414 4273 2480 4328 et
2539 4263 2825 4328 iustitiae
2876 4261 3248 4328 defensores
3313 4264 3626 4346 oriantur,

695 4373 761 4429 35
781 4361 1259 4428 illustrissimus
1302 4359 1608 4445 princeps
1651 4360 1985 4424 constituit
2026 4370 2091 4424 et
2120 4360 2466 4444 ordinavit,
2508 4371 2581 4426 ut
2611 4361 3038 4448 quadriennio
3078 4362 3367 4448 perfecta
3391 4364 3626 4426 utrius·

781 4484 905 4549 que
944 4460 1107 4525 iuris
1153 4458 1392 4544 peritia
1431 4455 1557 4522 hac
1579 4460 1600 4499 ⁷
1635 4459 1887 4523 ratione
1930 4458 2318 4524 traderetur.

925 4765 948 4814 1
989 4756 1192 4826 Einige
1226 4771 1372 4827 ganz
1411 4751 1772 4808 unleserliche
1810 4752 2026 4808 Worte.
2229 4762 2261 4812 2
2281 4758 2493 4825 fidu-ie
2526 4757 2722 4827 Vogel.
2923 4763 2954 4813 3
2989 4757 3122 4813 Hoc
3154 4760 3633 4832 contemplacione.

926 4846 958 4896 4
998 4841 1295 4895 Entweder
1328 4836 1470 4893 fehlt
1503 4837 1593 4892 ein
1627 4834 1820 4904 Wort,
1869 4842 2014 4891 etwa
2045 4841 2266 4893 modun
2300 4841 2434 4912 (ng.
2472 4840 2733 4896 Hesekiel
2775 4846 2824 4911 1,
2860 4847 2890 4896 5
2924 4840 3003 4912 fg.
3052 4847 3113 4912 3,
3155 4849 3212 4899 12
3247 4841 3354 4913 fg.)
3390 4844 3523 4899 oder
3551 4846 3635 4899 ad

778 4925 851 4979 ist
886 4941 956 4978 zu
989 4924 1196 4978 iindern
1235 4922 1294 4976 in
1324 4929 1397 4976 ut.

935 5014 964 5062 5
1000 5007 1237 5077 respubl.
1298 5006 1318 5075 ΙΙ
1373 5005 1576 5073 nequit.

935 5095 967 5144 6
1000 5090 1127 5156 hoc,
1161 5090 1262 5143 das
1295 5088 1555 5158 folgende
1575 5086 1741 5143 Wort
1772 5088 1845 5143 ist
1881 5090 2008 5145 sehr
2040 5091 2364 5147 undeutlich
2397 5093 2772 5164 goechrieben,
2797 5111 2931 5149 man
2961 5094 3175 5151 konnte
3200 5096 3344 5152 auch
3374 5095 3633 5151 vex-sucht

650 5222 692 5250 ,ἡ
780 5172 925 5239 sein,
944 5161 1147 5242 fornia
1171 5189 1240 5226 zu
1265 5172 1430 5226 lesen.
1476 5169 1643 5225 Auch
1666 5171 1724 5225 in
1744 5172 1852 5228 den
1879 5175 2032 5229 dann
2061 5174 2357 5245 folgenden
2379 5176 2614 5232 Worten
2642 5178 2716 5231 ist
2735 5177 3055 5234 schwerlich
3079 5180 3236 5235 Alles
3258 5181 3318 5235 in
3345 5180 3632 5250 Oniuung.

937 5262 963 5310 7
1004 5255 1185 5326 Vogel
1226 5253 1467 5310 schreibt
1491 5256 1736 5325 peritiae
1770 5258 1873 5311 ius.
