4038 6358
903 563 1024 628 290
2010 560 2123 616 Das
2165 558 2416 616 Pauliner
2454 559 2661 626 colleg.

1061 743 1353 807 Forma
1412 742 1534 807 erit
1590 741 1715 807 hoc
1769 751 2061 830 tempore
2115 766 2213 827 ea,
2265 753 2337 809 ιιι
2389 751 2662 831 quatuor
2703 742 2981 829 primum
3026 740 3328 826 magistri
3369 741 3436 805 in
3475 741 3740 808 aedibus

897 841 1189 907 Paulinis
1234 852 1477 924 curent,
1536 840 1838 928 discipuli
1882 852 2098 907 autem
2141 852 2205 907 et
2245 841 2496 907 incolae
2538 841 2792 906 aedium
2850 862 3002 906 suas
3044 838 3506 922 habitaciones,
3551 851 3628 905 ut
3669 843 3740 905 in

905 940 1310 1008 scholasticis
1353 940 1920 1007 communitatibus
1966 942 2191 1025 solent,
2247 940 2597 1006 conductas
2643 939 2990 1005 habebunt.
3078 936 3279 1005 Cibus
3322 942 3739 1008 communiter

904 1043 970 1105 in
1035 1041 1136 1104 his
1202 1038 1473 1105 aedibus
1533 1041 1823 1105 instituto
1883 1039 2301 1106 illustrissimi
2359 1041 2675 1128 principis
2733 1037 3173 1126 praebebitur,
3227 1038 3501 1124 huicque
3546 1062 3740 1129 prae-

817 1151 848 1206 5
909 1139 1118 1204 bendo
1164 1138 1248 1203 ab
1292 1141 1713 1205 universitate
1756 1141 1949 1205 certis
1991 1139 2469 1204 conditionibus
2515 1138 2747 1223 aliquis
2789 1137 3216 1224 praeficietur.
3272 1137 3544 1220 Famuli,
3581 1151 3741 1224 quot

903 1261 1156 1326 quoque
1199 1248 1489 1325 tempore
1528 1240 1882 1304 necessitas
1927 1239 2515 1304 administracionis
2558 1239 2780 1323 exigit,
2824 1236 3090 1307 alentur.
3142 1237 3327 1302 Intra
3357 1237 3543 1303 aedes
3567 1238 3739 1303 Pau·

900 1335 1070 1403 linas
1113 1336 1555 1402 doctrinarum
1594 1337 1856 1425 publica
1895 1337 2042 1404 loca
2083 1337 2557 1426 professoribus
2601 1336 3123 1422 assignabuntur.

1061 1435 1247 1501 Haec
1290 1435 1697 1502 contubernii
1736 1439 1945 1504 forma
1989 1441 2130 1521 erit,
2189 1437 2810 1503 administratio
2852 1445 3065 1500 autem
3109 1434 3282 1519 talis,
3324 1446 3398 1501 ut
3438 1438 3735 1525 sequitur.

1067 1537 1357 1600 Primum
1396 1535 1655 1600 Paulini
1697 1536 1951 1623 collegii
1993 1547 2057 1603 et
2098 1537 2685 1602 administracionis
2730 1543 3084 1623 perpetuae
3127 1534 3304 1600 illius
3347 1556 3505 1601 cura
3542 1545 3734 1621 atque

825 1647 889 1701 10
906 1644 1236 1723 respectus
1282 1634 1837 1701 commendabitur
1878 1637 1962 1702 ab
2010 1638 2435 1703 universitate
2476 1635 2734 1700 tribus
2776 1636 2956 1716 viris,
3012 1643 3223 1698 aetate
3265 1635 3736 1722 honoribusque

906 1748 969 1800 et
1007 1758 1130 1801 usu
1171 1757 1385 1799 rerum
1431 1734 1574 1799 aliis
1603 1735 2103 1822 praestantibus,
2146 1738 2256 1825 qui
2297 1746 2604 1820 tanquam
2647 1733 3086 1821 praesides
3132 1733 3398 1821 quidam
3440 1758 3561 1799 una
3590 1757 3730 1799 cum

901 1846 1149 1900 rectore
1192 1835 1634 1898 universitatis
1692 1834 1779 1900 ad
1833 1837 2052 1901 omnia
2094 1834 2438 1921 diligenter
2494 1835 2844 1921 respicient
2897 1842 2960 1897 et
3017 1833 3531 1898 animadvertent
3587 1857 3733 1921 quo·

903 1957 1046 2020 que,
1101 1956 1224 2021 quo
1268 1935 1540 2021 quisque
1582 1957 1653 1999 se
1694 1934 1887 2000 modo
1926 1944 2132 2020 gerat,
2187 1933 2535 2000 monebunt
2578 1931 2970 2015 obedientes,
3022 1931 3435 2018 castigabunt
3475 1932 3730 1998 dissolu·

905 2042 1025 2115 toS‚
1073 2035 1142 2097 in
1183 2032 1516 2118 improbos
1560 2034 2097 2117 animadvertent,
2141 2035 2278 2099 sive
2321 2032 2387 2097 hi
2428 2031 2730 2119 discipuli
2778 2053 2892 2095 seu
2932 2033 3126 2097 etiam
3156 2034 3452 2118 magistri
3491 2033 3733 2097 fixerint.

828 2144 888 2198 15
907 2132 1111 2198 Iidem
1157 2140 1219 2196 et
1262 2132 1408 2215 alia,
1447 2156 1613 2218 quae
1657 2134 1741 2198 ad
1764 2133 2022 2198 Paulini
2063 2133 2318 2220 collegii
2356 2134 2752 2198 incrementa
2792 2131 3118 2218 pertinere
3147 2131 3554 2213 videbuntur,
3599 2130 3728 2195 dili-

898 2233 1074 2318 genti
1131 2230 1256 2296 sibi
1315 2254 1510 2297 curae
1565 2255 1705 2298 esse
1759 2235 2105 2320 patientur,
2165 2244 2236 2298 ut
2300 2231 2743 2297 aedificiorum
2809 2233 3258 2317 praeparacio‚
3334 2231 3731 2297 oeconomiae

899 2342 1031 2400 tam
1070 2331 1387 2397 institutio
1431 2353 1624 2415 quam
1666 2335 2095 2415 conservatio,
2138 2334 2348 2397 victus
2393 2331 2713 2396 ordinatio
2758 2341 2878 2395 etc.
2958 2330 3049 2395 Hi
3094 2352 3313 2416 saepe,
3359 2333 3724 2417 praesertim

907 2453 1079 2495 nunc
1122 2432 1287 2495 inter
1328 2433 1532 2514 initia,
1579 2441 1642 2495 et
1683 2432 1959 2496 diversis
1997 2429 2401 2518 temporibus
2447 2429 2640 2495 aedes
2684 2429 2938 2515 collegii
2962 2429 3220 2494 Paulini
3258 2431 3634 2517 inspicient,
3674 2438 3732 2491 et

903 2533 960 2595 si
1004 2529 1160 2617 quid
1200 2551 1429 2616 parum
1482 2540 1658 2596 recte
1698 2531 1840 2618 fieri
1884 2531 2332 2616 cognoverint,
2387 2530 2714 2614 corrigere
2759 2527 3121 2594 studebunt.
3204 2528 3336 2593 Uni
3380 2551 3461 2593 ex
3506 2527 3607 2592 his
3643 2528 3725 2591 in·

818 2631 1253 2716 20spectionis
1277 2628 1627 2716 singularis
1658 2653 1814 2694 cura
1843 2632 2293 2711 committetur,
2339 2630 2466 2714 qui,
2511 2628 2701 2692 simul
2744 2639 2814 2692 ut
2853 2628 3192 2714 collegium
3232 2637 3474 2694 sartum
3501 2635 3725 2692 tectum

904 2738 1271 2816 praestetur
1321 2728 1509 2792 simul
1563 2739 1778 2794 cetera
1825 2738 1898 2794 ιιι
1948 2730 2137 2810 fiant,
2195 2750 2362 2812 quae
2416 2730 2758 2792 constituta
2811 2726 3235 2814 ordinataque
3292 2738 3465 2810 sunt,
3522 2725 3727 2791 videat

901 2839 967 2894 et
1022 2829 1361 2914 pecuniam
1419 2828 1906 2914 stipendiorum,
1962 2849 2129 2915 quae
2171 2827 2407 2892 dantur
2451 2825 2847 2896 discentibus
2890 2826 3303 2912 theologiam,
3361 2828 3544 2890 statis
3584 2836 3724 2889 tem·

904 2928 1172 3015 poribus
1231 2928 1514 3012 accipiat
1562 2937 1627 2992 et
1678 2927 1911 2991 deinde
1966 2927 2318 2992 distribuat
2369 2935 2711 3012 praesente
2765 2939 3018 2991 rectore
3073 2924 3475 3007 academiae,
3533 2925 3724 3011 deque

901 3026 1196 3092 omnibus
1235 3028 1518 3091 rationes
1564 3027 1862 3094 conficiat
1904 3036 2117 3111 atque,
2161 3028 2219 3092 si
2273 3024 2694 3112 postulentur,
2744 3026 3004 3091 referat.
3087 3024 3339 3106 Quodsi
3390 3024 3555 3090 forte
3605 3045 3720 3087 non

819 3137 885 3193 25
907 3128 1114 3214 possit
1157 3127 1432 3191 inveniri
1485 3125 1755 3191 idoneus
1811 3126 1895 3191 ad
1947 3125 2071 3192 hoc
2121 3148 2374 3209 munus,
2434 3128 2544 3212 qui
2584 3124 2872 3190 laborem
2927 3146 3275 3213 curamque
3325 3122 3502 3189 illam
3544 3124 3722 3188 susci-

904 3248 1058 3313 pere
1101 3225 1275 3308 velit‚
1333 3228 1529 3290 totius
1574 3248 1644 3290 se
1698 3229 1795 3290 rei
1850 3225 2324 3291 administratio
2367 3235 2432 3290 et
2479 3234 2812 3311 respectus
2856 3223 2942 3289 ad
2997 3234 3316 3291 rectorem
3372 3222 3723 3290 academiae

907 3324 1172 3407 recidet,
1218 3326 1346 3412 qui,
1394 3324 1698 3413 quicquid
1741 3334 1875 3389 tum
1917 3324 2059 3389 fieri
2100 3334 2394 3412 oporteat
2434 3331 2601 3403 (cum
2645 3324 2994 3414 plurimum
3031 3326 3343 3391 mommti
3366 3326 3436 3390 in
3463 3324 3582 3393 hoe
3605 3324 3722 3403 sit),

908 3424 1194 3489 studiose
1240 3422 1734 3488 consultandum
1779 3423 2034 3489 curabit
2076 3434 2140 3489 et
2178 3433 2530 3509 exequetur
2571 3424 2831 3489 decreta
2875 3433 2992 3493 etc.

1073 3523 1383 3588 Rector
1434 3524 1897 3606 universitatiS,
1950 3546 2094 3587 cum
2151 3522 2311 3588 alias
2353 3522 2548 3588 aedes
2590 3523 3010 3609 collegiorum
3059 3522 3447 3612 inspiciendi
3488 3532 3724 3609 tempus

823 3634 891 3689 30
910 3625 1050 3706 erit,
1094 3625 1160 3686 in
1188 3622 1495 3688 Paulinas
1540 3623 1733 3686 etiam
1765 3624 1980 3687 veniet
2023 3632 2087 3687 et
2127 3621 2273 3687 illas
2315 3623 2852 3709 interrogationes
2889 3633 2955 3688 et
2996 3622 3514 3713 explorationem
3539 3620 3719 3689 solen·

905 3857 1182 3911 nobiscum
1215 3848 1343 3908 usic-3
1377 3860 1550 3923 auqet,
1590 3859 1761 3907 mutat
1795 3860 1847 3906 et
1887 3853 2133 3924 corrigit,
2174 3855 2357 3913 rem'sa
2397 3855 2650 3909 redibam
2690 3855 2994 3925 aliquando
3035 3857 3115 3911 ad
3144 3855 3460 3927 principatu
3489 3873 3558 3911 ac
3593 3854 3720 3909 lucu-

906 3942 1063 3994 lentis
1097 3940 1293 3995 ll‘toerw
1326 3939 1689 3992 imm-iberatur
1725 3937 1988 3990 Paulinis
2026 3938 2306 3992 codicibus
2339 3939 2478 4010 (das.
2521 3944 2634 4007 244,
2669 3940 2770 4010 30).

1056 4021 1335 4077 Hiemach
1370 4023 1522 4075 kann
1557 4037 1615 4075 es
1653 4019 1866 4075 keinem
1894 4020 2114 4076 Zweifel
2150 4022 2509 4094 umor-hegen,
2544 4039 2702 4076 wenn
2737 4022 2835 4076 wir
2872 4024 2980 4078 den
3013 4022 3277 4097 Eingang
3310 4022 3410 4078 der
3443 4021 3719 4092 vorliegen·

901 4108 1009 4161 den
1046 4107 1304 4160 Statuten
1335 4104 1834 4176 beriicksichtigen,
1867 4105 1997 4159 dass
2032 4122 2092 4160 es
2119 4106 2249 4175 jene
2283 4112 2479 4175 ersten,
2514 4105 2858 4178 unbestatigt
2888 4106 3268 4180 gebliebenem
3299 4125 3410 4162 von
3444 4105 3719 4163 Cameta-

901 4193 1047 4246 rius
1084 4189 1452 4260 abgefassten‚
1487 4206 1587 4242 aus
1621 4190 1744 4244 dem
1779 4189 1815 4243 J
1820 4187 1953 4244 ahre
1984 4193 2111 4246 1543
2147 4189 2285 4245 sind.
2337 4190 2429 4245 Sie
2462 4189 2685 4245 wurden
2715 4196 2857 4246 trotz
2893 4191 2992 4246 der
3018 4190 3543 4265 Niehtbesffitigung
3573 4189 3719 4261 regel-

898 4274 1106 4345 massig
1145 4273 1477 4343 vorgelesen.
1547 4272 1675 4344 Vgl.
1712 4274 1863 4328 Acta
1898 4274 2217 4341 Rectorum,
2264 4273 2318 4329 S.
2358 4280 2473 4344 255,
2512 4280 2594 4329 48.
2671 4274 2754 4328 Im
2800 4273 2974 4329 Jahre
3020 4281 3150 4331 1560
3199 4275 3565 4351 beschiiftigte
3605 4292 3718 4333 man

901 4359 1020 4413 sich
1058 4359 1159 4411 mit
1200 4358 1377 4412 einem
1416 4375 1592 4413 neuen
1629 4356 2142 4426 Statutenentwurf,
2186 4358 2286 4412 wie
2320 4358 2418 4412 der
2451 4357 2623 4416 Liber
2656 4359 2861 4421 Rerum
2901 4358 3264 4417 Paulinarum
3297 4360 3556 4432 darthut3
3604 4360 3718 4417 abet

897 4461 1004 4497 von
1039 4443 1241 4496 diesem
1278 4441 1351 4494 ist
1383 4441 1486 4494 mir
1519 4439 1701 4495 nichts
1734 4440 1985 4495 bekannt
2014 4443 2320 4512 geworden.

1050 4526 1183 4579 Man
1232 4524 1544 4597 vergleiche
1596 4524 1740 4579 auch
1790 4525 1895 4580 den
1930 4523 2177 4598 Anhang
2229 4544 2301 4601 3¹1
2352 4526 2460 4581 den
2493 4527 2642 4585 Acta
2679 4529 2978 4585 Rectorum
3027 4527 3082 4586 S.
3127 4533 3230 4586 516
3263 4527 3362 4601 fg.,
3406 4524 3718 4586 namentlich

900 4610 1216 4664 Mensarum
1251 4617 1303 4663 et
1334 4609 1573 4662 Paulini
1602 4611 1779 4663 victus
1810 4611 2083 4663 institutio
2116 4609 2363 4666 daselbst
2399 4610 2455 4666 S.
2489 4618 2587 4668 520
2620 4611 2698 4683 fg.

1051 4693 1199 4747 Dass
1224 4691 1485 4763 iibrigens
1520 4693 1622 4746 das
1655 4691 2042 4764 Collegium
2078 4693 2445 4749 Paulinum
2485 4695 2642 4751 nicht
2674 4696 2782 4751 den
2816 4696 2931 4751 drei
2963 4694 3200 4769 iibrigen
3221 4696 3504 4770 Collegien
3536 4693 3714 4770 gleich-

896 4777 1158 4831 zustellen
1211 4776 1298 4843 ist,
1345 4776 1549 4830 bedarf
1585 4775 1727 4831 wohl
1770 4775 1926 4831 nicht
1966 4784 2080 4833 erst
2124 4777 2224 4833 der
2261 4776 2629 4851 Erwiihnung.
2699 4781 2817 4835 Das
2863 4778 2937 4835 im
2969 4781 3432 4839 Gesammtbesitz
3469 4784 3565 4839 der
3593 4778 3707 4837 Uni·

896 4860 1122 4913 vei-sitiit
1158 4858 1491 4915 befindliche
1528 4859 1793 4915 Pauliner
1827 4860 2022 4932 Colleg
2066 4861 2257 4916 besass
2292 4862 2453 4919 keine
2486 4862 2910 4937 Collegiaturen,
2957 4864 3340 4938 ehensowenig
3372 4868 3474 4925 wie
3508 4867 3602 4923 das
3630 4880 3711 4918 zur

897 4942 1381 5014 philosophischen
1418 4944 1677 4998 Facultat
1723 4945 2032 5016 gehiirende
2078 4944 2489 5017 Collegium
2533 4948 2797 5005 Novum
2848 4950 3063 5015 (dessen
3110 4952 3368 5007 Statuten
3418 4950 3535 5007 sich
3577 4952 3712 5003 unter

894 5027 999 5081 den
1037 5026 1295 5081 Statuten
1339 5028 1437 5081 der
1483 5028 1966 5099 philosophischen
1999 5029 2262 5084 Facultat
2307 5028 2511 5103 finden,
2545 5052 2584 5087 s.
2621 5034 2697 5102 u.)
2745 5034 2857 5089 und
2891 5034 2989 5088 das
3023 5052 3122 5089 zur
3148 5034 3511 5105 Juristischen
3543 5031 3709 5091 Facul-

897 5113 980 5249 {iiit
1027 5110 1291 5182 gehon-ige
1338 5106 1740 5183 Collegium
1778 5113 2146 5168 Petrinum
2191 5114 2306 5185 (fiir
2340 5115 2571 5172 welches
2607 5116 2728 5175 sich
2763 5117 2923 5174 keine
2958 5118 3295 5179 besonderen
3329 5116 3584 5179 Statuten
3611 5133 3710 5172 vot-

940 5195 1119 5268 aden).
