4038 6358
1323 584 1428 632 Die
1465 583 1834 633 Reformation
1867 595 1992 631 vom
2033 581 2199 632 Jahre
2240 585 2387 632 1⁴⁹6.
3198 583 3279 646 23

373 764 580 830 bent
635 785 770 829 esse
809 763 1066 828 astricti
1108 762 1196 828 ad
1247 761 1764 851 extorquendum
1817 761 2092 848 singulis
2146 760 2623 828 mutat-ionibus
2676 784 2921 848 poenas
2984 762 3282 850 supposi-

375 873 646 928 torum
699 884 828 928 non
882 864 1348 949 opponentium
1367 913 1384 946 ,
1427 885 1558 928 non
1598 863 2035 948 arguentium,
2076 885 2209 928 non
2248 860 2775 949 respondentium
2788 911 2807 944 ,
2851 861 3279 949 disputationi

379 965 752 1027 serotinae
793 983 926 1026 non
967 962 1488 1026 interessentium
1534 983 1612 1026 ac
1653 961 2213 1048 vulgarisantium.
2297 959 2550 1042 Quibus
2593 961 2821 1046 poenis
2877 963 3173 1026 emonin's
3216 971 3281 1026 et

379 1062 734 1143 extortis,
779 1058 1042 1124 easdem
1085 1059 1326 1146 partim
1365 1061 1438 1124 in
1481 1060 1797 1126 solacium
1837 1069 1907 1124 et
1942 1061 2013 1124 in
2054 1059 2475 1125 refectionem
2518 1060 3002 1146 suppositorum
3026 1069 3095 1126 et
3130 1083 3279 1147 par-

379 1159 528 1222 tim
583 1158 672 1224 ad
708 1159 1052 1246 coquinam
1093 1181 1216 1246 pro
1257 1157 1640 1225 utensilibus
1680 1159 2139 1246 comparandis
2183 1169 2296 1224 aut
2325 1158 2692 1223 reficiendis
2720 1157 2999 1224 fideliter
3034 1180 3275 1246 expen-
3327 1170 3361 1224 5

385 1257 615 1342 dant,
651 1279 770 1322 nec
804 1256 1179 1324 huiusmodi
1219 1279 1466 1344 poenas
1509 1256 1638 1322 sibi
1678 1256 2045 1322 imbursare
2064 1267 2511 1344 praesumant,
2550 1256 2672 1322 sub
2716 1278 2929 1344 poena
2956 1260 3282 1324 carentiae

391 1365 580 1422 actu
619 1355 948 1442 regentiae
987 1377 1107 1443 per
1151 1357 1476 1442 integrum
1515 1379 1776 1422 annum.

545 1525 650 1586 20.
711 1538 806 1584 DE
849 1536 1248 1586 SUPPOSITIS
1290 1540 1384 1586 AD
1429 1539 1826 1587 SERO'rmAM
1863 1539 1956 1586 ΕΤ
2001 1537 2435 1588 ORDINARIAM
2472 1535 3025 1586 DISPUTACIONES
3068 1535 3157 1584 Ac

1043 1636 1484 1686 LATINITATIS
1529 1638 2063 1688 OBSERVANTLAM
2079 1712 2095 1724 ·
2106 1636 2664 1687 COMPELLENDIS.

594 1746 903 1814 Volumus
949 1758 1017 1814 et
1056 1749 1463 1833 ordinamus,
1508 1750 1684 1839 quod
1725 1749 2008 1816 decanus
2052 1761 2345 1838 tempore
2392 1749 2783 1837 inceptionis
2823 1748 3173 1813 lectionum
3214 1757 3278 1812 et
3301 1757 3363 1812 10

402 1846 898 1912 exerciciorum
943 1857 1255 1914 convocet
1299 1869 1520 1913 omnes
1561 1859 1625 1913 et
1669 1849 1959 1938 singulos
2007 1852 2381 1937 magistros,
2428 1845 2893 1916 commensales
2936 1855 3048 1911 aut
3090 1867 3279 1934 quos-

407 1965 675 2033 cunque
715 1944 1000 2011 scolares
1042 1969 1159 2033 pro
1202 1945 1416 2033 gradu
1457 1946 1671 2035 aliquo
1714 1950 1783 2013 in
1827 1949 2079 2015 artibus
2122 1948 2515 2036 complentes
2579 1969 2797 2012 secum
2837 1951 3161 2026 tenentes,
3218 1951 3283 2007 et

407 2043 687 2107 eosdem
731 2043 1141 2112 adhortando
1187 2047 1514 2136 requirat,
1555 2057 1628 2112 ut
1667 2050 1926 2114 statutis
1968 2050 2250 2136 privatis
2294 2049 2363 2112 in
2404 2043 2917 2112 habitationibus
2962 2043 3095 2107 suis
3130 2064 3278 2129 pro-

413 2140 719 2226 videant,
765 2142 940 2230 quod
983 2144 1140 2209 dicti
1181 2143 1466 2210 scolares
1509 2147 1609 2211 sui
1653 2150 2004 2214 serotinam
2062 2156 2127 2213 et
2168 2146 2567 2212 ordinariam
2620 2143 3092 2230 disputationes
3134 2139 3275 2206 dili-

411 2249 652 2326 genter
691 2242 961 2307 visitent
1001 2252 1064 2307 et
1103 2243 1173 2308 in
1217 2243 1460 2308 eisdem
1509 2267 1651 2310 sese
1691 2245 2046 2330 audiendo,
2102 2244 2487 2333 opponendo
2532 2253 2595 2308 et
2636 2239 3124 2328 respondend0‚
3168 2263 3269 2305 ar-
3294 2249 3356 2304 15

415 2337 684 2423 guendo
700 2389 720 2423 ‚
768 2339 1159 2407 conferendo
1205 2351 1268 2406 et
1310 2341 1704 2430 disputando
1765 2368 1958 2433 quam
2003 2344 2353 2432 diligenter
2402 2343 2759 2408 exercitent
2798 2361 2877 2406 ac
2922 2339 3143 2406 sedule
3184 2338 3278 2404 la-

415 2438 562 2502 tina
596 2436 949 2525 loquantur
983 2440 1103 2506 sub
1143 2441 1372 2527 poenis
1416 2451 1738 2508 certorum
1781 2443 2197 2509 denariorum
2244 2439 2774 2508 irremissibiliter
2816 2437 3275 2526 persolvendo-

417 2553 586 2600 rum.
672 2537 762 2602 Et
803 2540 914 2625 qui
952 2540 1322 2605 huiusmodi
1365 2550 1604 2608 statuto
1642 2541 1901 2628 poenali
1952 2565 2104 2608 suos
2151 2540 2507 2628 discipulos
2551 2538 2636 2603 ad
2676 2537 3010 2625 praefatas
3054 2534 3273 2624 dispu-

417 2637 704 2700 tationes
744 2646 808 2701 et
846 2636 1185 2704 latinitatis
1221 2638 1702 2704 observantiam
1738 2638 1914 2705 haud
1952 2640 2357 2727 compulerit,
2398 2662 2516 2727 per
2560 2636 2878 2702 decanum
2902 2646 2965 2702 et
2984 2635 3273 2702 seniores

420 2733 753 2799 facultatis
797 2735 1122 2822 condigna
1181 2759 1394 2824 poena
1455 2741 1780 2825 puniatur.
1866 2737 2166 2804 Scolares
2211 2761 2367 2804 vero
2383 2787 2402 2821 ‚
2460 2739 2571 2825 qui
2614 2758 2684 2801 se
2725 2733 3094 2802 huiusmodi
3144 2741 3360 2800 sta⁴20

423 2833 580 2896 tutis
625 2834 906 2920 privatis
947 2837 1368 2923 opposuerint
1415 2845 1527 2902 aut
1566 2858 1831 2922 poenae,
1873 2859 2037 2925 quas
2080 2837 2165 2903 ob
2208 2860 2338 2902 non
2380 2835 2865 2903 observantiam
2906 2831 3275 2899 huiusmodi

427 2939 814 2996 statutorum
854 2933 1231 3019 inciderint,
1285 2936 1615 3022 magistris
1673 2936 1806 3000 suis
1845 2957 1977 3000 non
2022 2936 2456 3022 persolverint
2499 2943 2611 3000 aut
2666 2932 3041 3021 persolvere
3094 2953 3275 2998 recu·

426 3032 716 3193 mrim
733 3080 752 3113 ,
793 3041 1086 3120 tempore
1129 3055 1245 3099 suo
1289 3033 1376 3098 ad
1418 3055 1692 3099 examen
1733 3056 1855 3119 pro
1898 3033 2113 3120 gradu
2158 3033 2374 3122 aliquo
2425 3035 2496 3098 in
2554 3032 2805 3099 artibus
2860 3052 3273 3119 nequaquam

582 3130 872 3196 ‘ttantun

1361 3303 1462 3365 21.
1502 3315 1598 3363 ns
1637 3314 2323 3366 DISPENSATIONIBUS.
3291 3302 3360 3361 25

587 3423 906 3491 Volumus
947 3436 1011 3491 et
1051 3426 1457 3511 ordinamus,
1505 3428 1680 3517 quod
1718 3428 1944 3514 largae
1988 3428 2505 3517 dispensationes
2563 3424 3159 3516 promovendorum
3202 3426 3272 3491 in

427 3522 674 3589 artibus
718 3526 980 3589 omnino
1019 3524 1465 3609 moderentur,
1519 3528 1612 3593 sic
1645 3526 1820 3615 quod
1877 3527 2420 3594 baccalariandus
2476 3526 2647 3592 ultra
2708 3524 3093 3613 quindecim,
3137 3546 3271 3589 ma-

426 3620 802 3709 gistrandus
843 3644 1001 3687 vero
1040 3622 1214 3688 ultra
1254 3626 1524 3711 triginta
1563 3648 1830 3712 grossos
1889 3637 2231 3713 argenteos
2288 3648 2407 3713 pro
2461 3624 2947 3712 dispensatione
3002 3621 3271 3711 speciali

427 3719 794 3807 expendere
848 3722 1026 3787 haud
1080 3733 1350 3810 cogatur
1364 3771 1384 3807 ‚
1447 3724 1748 3814 quodque
1787 3727 2099 3813 *magistri
2165 3724 2247 3790 de
2312 3725 2578 3791 consilio
2642 3723 2972 3789 facultatis
3032 3724 3271 3789 artium

429 3821 730 3908 deinceps
790 3842 916 3907 quo
972 3820 1058 3885 ad
1110 3823 1426 3887 stanciam
1439 3872 1458 3905 ,
1519 3834 1774 3911 tempus
1827 3833 1893 3888 et
1953 3834 2230 3892 aetatem
2274 3846 2418 3888 cum
2461 3821 2925 3910 promovendis
2963 3844 3094 3887 non
3138 3820 3265 3886 dis·
3286 3828 3355 3886 30

427 3928 714 4007 pensent,
753 3920 884 3984 nisi
925 3918 1007 3984 de
1047 3919 1337 3986 abilitate
1380 3930 1446 3986 et
1483 3923 1730 4009 pericia
1763 3922 2037 3989 scolaris
2068 3921 2498 4009 promovendi
2540 3920 2873 3985 evidenter
2913 3929 3269 4003 constaret3

425 4029 574 4085 tunc
615 4019 816 4085 etiam
861 4040 1006 4083 cum
1044 4018 1160 4085 tali
1200 4042 1326 4107 quo
1365 4020 1452 4085 ad
1491 4030 1748 4107 tempus
1789 4031 1855 4087 et
1897 4030 2175 4087 aetatem
2224 4020 2454 4087 saltem
2508 4022 2578 4085 in
2618 4020 2875 4087 modico
2916 4018 3269 4085 rationabi-

422 4116 564 4183 liter
609 4118 994 4206 dispensare
1037 4127 1360 4206 poterunt.

1214 4288 1316 4349 22.
1356 4301 1451 4348 ns
1495 4298 2099 4351 assumi-mmm
2140 4300 2477 4350 rusmms.

585 4410 1004 4497 ordinamus,
1051 4413 1225 4502 quod
1267 4417 1737 4502 resumptiones
1783 4414 2085 4504 publicae
2129 4415 2248 4481 sub
2290 4414 2849 4503 disputacionibus
2886 4414 3173 4479 serotina
3199 4416 3263 4475 et
3282 4418 3349 4475 35

422 4512 759 4579 ordinaria
800 4510 1048 4599 subque
1086 4511 1264 4577 horis
1319 4511 1666 4579 lectionum
1721 4523 1785 4579 et
1841 4514 2308 4579 exerciciorum
2366 4513 2543 4579 nullo
2596 4511 2789 4577 modo
2849 4511 3010 4575 fiant
3062 4531 3271 4596 neque

423 4610 848 4675 admittantur
867 4659 886 4692 ,
933 4610 1136 4675 salvis
1179 4622 1394 4676 tamen
1438 4612 1617 4679 horis
1658 4635 1777 4701 pro
1820 4613 2191 4678 huiusmodi
2231 4613 2509 4700 publicis
2566 4607 3111 4696 resumptionibus
3154 4607 3261 4672 de-

420 4710 690 4797 putatis,
732 4720 966 4797 quarta
1002 4708 1333 4792 videlicet,
1378 4712 1601 4797 quinta
1643 4721 1708 4777 et
1750 4723 1936 4777 sexta
1973 4734 2185 4795 mane,
2230 4721 2294 4777 et
2346 4712 2473 4777 hoc
2511 4712 2580 4775 in
2623 4718 2895 4775 aestate:
2950 4708 3020 4771 in
3060 4706 3273 4771 hieme

417 4830 574 4874 vero
617 4831 809 4873 mane
849 4810 1071 4898 quinta
1115 4818 1178 4873 et
1221 4818 1438 4873 sexta:
1492 4808 1573 4874 de
1617 4833 1760 4875 sero
1809 4818 2023 4874 autem
2067 4820 2319 4898 quarta,
2373 4820 2508 4875 tam
2550 4811 2619 4874 in
2671 4816 2921 4872 aestate
2963 4829 3157 4895 quam
3198 4806 3269 4870 in

415 4908 646 4973 hieme.
724 4908 816 4974 Et
861 4908 1144 4974 decanus
1186 4907 1512 4973 facultatis
1555 4910 1792 4973 artium
1834 4906 2099 4973 realiter
2142 4920 2207 4974 et
2261 4933 2406 4976 cum
2448 4908 2677 4975 effectu
2730 4907 2957 4993 puniat
3010 4915 3263 4972 contra-
3284 4913 3352 4969 40

415 5008 759 5089 facientes,
799 5028 882 5072 ne
921 5006 1207 5075 scolares
1221 5054 1239 5090 ‚
1283 5030 1404 5095 pro
1446 5006 1662 5094 aliquo
1707 5006 1920 5093 gradu
1965 5008 2361 5096 complentes
2374 5058 2391 5091 ,
2445 5029 2486 5072 a
2524 5007 2871 5072 lectionum
2912 5014 2977 5070 et
3018 5006 3265 5071 exerci-

417 5108 669 5174 ciorum
709 5105 1038 5173 auditione
1074 5106 1504 5171 retrahantur.
1565 5104 1653 5169 Et
1695 5106 1752 5170 si
1789 5127 2004 5194 poena
2051 5108 2121 5171 in
2164 5107 2440 5189 statutis,
2484 5114 2715 5171 contra
2754 5104 3012 5192 publice
3054 5105 3126 5170 in
3164 5126 3266 5169 ar-

415 5205 594 5272 tibus
633 5205 756 5272 sub
797 5206 1222 5293 praescriptis
1260 5206 1437 5272 horis
1482 5214 1548 5270 et
1587 5204 1988 5293 temporibus
2034 5213 2435 5272 resumentes
2456 5202 2666 5288 editis,
2710 5224 3026 5291 expressa
3069 5204 3261 5270 nimis
