4038 6358
837 624 957 687 560
1856 620 1954 671 Die
1991 620 2360 685 theologische
2393 614 2648 672 Facultat.

831 803 1153 884 finiverat,
1198 802 1265 864 in
1310 799 1460 865 aula
1505 803 1902 889 respondere
1945 808 2261 886 teneatur,
2306 813 2454 867 actu
2495 825 2652 868 vero
2693 801 2917 890 legens
2961 804 3030 867 in
3051 803 3374 890 vesperiis
3417 825 3689 890 respon-

835 903 988 967 dere
1028 910 1341 966 teneatur.

1005 1002 1166 1066 Item
1211 999 1582 1066 conclusum
1624 1002 1745 1065 fuit
1786 1001 2029 1066 ibidem
2048 1050 2066 1083 ,
2115 999 2290 1086 quod
2335 999 2415 1064 de
2459 1010 2673 1065 cetero
2717 1002 3204 1067 reservaciones
3242 1001 3542 1067 locorum
3582 1023 3685 1064 re-

833 1102 1234 1186 stringantur
1278 1110 1548 1185 propter
1590 1098 2029 1164 involuciones
2075 1110 2137 1164 et
2180 1101 2631 1164 contenciones
2687 1122 2806 1185 pro
2867 1099 3113 1165 eisdem
3153 1101 3362 1166 factas
3410 1110 3475 1164 et
3518 1101 3685 1164 veri—

747 1210 780 1265 5
835 1198 1129 1264 similiter
1165 1197 1416 1263 fiendas
1458 1198 1857 1287 temporibus
1902 1201 2254 1264 affuturis.¹

919 1372 1012 1434 35.
1070 1383 1164 1429 nn
1211 1382 1560 1432 nomenis
1602 1384 1882 1431 onim-us
1927 1381 2476 1446 CYSTEROOENSIS,
2519 1381 2663 1429 Non
2705 1381 3095 1448 mers'rms,
3138 1380 3582 1431 vonam-mus

1740 1482 1812 1530 m
1856 1482 2259 1530 rnnonoem
2297 1464 2759 1529 PROMOVERI.²

994 1597 1185 1661 Anno
1230 1595 1470 1662 domini
1518 1604 1675 1665 1465
1720 1606 1950 1663 octavo
1998 1597 2103 1661 die
2144 1595 2489 1662 Februarii
2528 1593 2617 1682 (d.
2648 1599 2705 1660 8.
2734 1595 3042 1684 Februar)
3088 1598 3155 1661 in
3198 1596 3496 1684 generali
3537 1618 3672 1660 con-

832 1699 1180 1763 vocacione
1236 1699 1696 1783 magistrorum
1754 1696 2117 1782 theologiae
2175 1694 2543 1783 specialiter
2611 1693 2697 1758 ad
2765 1694 2889 1760 hoc
2942 1695 3115 1760 facta
3181 1706 3497 1762 statutum
3562 1695 3674 1759 fuit

752 1807 813 1862 10
833 1794 1239 1863 concorditer
1268 1807 1331 1861 et
1360 1796 1750 1878 conclusum,
1792 1795 1966 1883 quod
1994 1797 2196 1861 frater
2227 1795 2472 1860 ordinis
2504 1795 2997 1882 CysterciensiS,
3040 1818 3169 1861 non
3189 1795 3528 1881 magister,
3572 1795 3671 1881 qui

831 1898 896 1960 in
942 1896 1119 1977 loco,
1172 1919 1288 1982 per
1346 1906 1565 1983 patres
1623 1894 1869 1960 ordinis
1927 1918 2049 1983 pro
2104 1894 2507 1960 studentibus
2554 1893 2895 1980 deputam,
2949 1916 3067 1982 per
3109 1917 3347 1959 annum
3389 1916 3542 1958 cum
3587 1892 3673 1957 di·

848 1995 1046 2061 midio
1090 1993 1408 2060 lecciones
1453 2005 1514 2059 et
1558 1997 1900 2078 exercicia,
1943 1994 2221 2081 gradum
2262 1992 2739 2059 baccalariatus
2782 1994 2849 2056 in
2893 1990 3142 2059 artibus
3185 1991 3290 2080 [19
3308 1989 3360 2081 Ι’]
3418 2014 3674 2057 concer-

845 2104 1089 2178 nenteS,
1136 2094 1479 2180 diligenter
1525 2094 1805 2178 audivit,
1846 2096 2032 2159 iuxta
2068 2117 2314 2160 morem
2361 2105 2425 2158 et
2467 2092 2942 2157 institucionem
2986 2103 3245 2181 patrum
3290 2092 3577 2173 ordinis,
3619 2094 3679 2155 in

830 2194 975 2260 aliis
1026 2193 1565 2258 universitatibus
1621 2193 1879 2259 solitum
1941 2193 2313 2276 observari,
2371 2191 2694 2280 semelque
2751 2191 2837 2256 ad
2892 2194 3105 2257 minus
3160 2193 3225 2256 in
3283 2188 3672 2278 logicalibus

752 2306 810 2360 15
829 2293 1165 2382 respondit
1206 2293 1603 2380 praesidenti
1659 2302 1721 2358 et
1776 2291 1922 2358 aliis
1981 2293 2467 2381 quibuscunque
2522 2293 2853 2377 magistris
2906 2290 2990 2357 ad
3042 2292 3213 2357 hunc
3266 2302 3487 2356 actum
3532 2312 3673 2355 con·

833 2392 1216 2475 fluentibus,
1262 2416 1379 2479 per
1424 2392 1618 2458 alium
1662 2414 1902 2459 annum
1951 2417 2099 2459 cum
2157 2392 2423 2458 dimidio
2482 2392 2688 2456 eciam
2733 2390 3020 2456 studiose
3063 2390 3313 2456 audivit
3351 2390 3673 2455 lecciones

842 2504 905 2559 et
948 2493 1300 2574 exercicia,
1344 2490 1622 2577 gradum
1670 2493 2033 2578 magisterii
2074 2496 2141 2559 in
2187 2491 2436 2557 artibus
2461 2501 2943 2572 concernenteS‚
2963 2500 3028 2555 et
3068 2489 3366 2555 similiter
3409 2512 3673 2577 respon·

835 2594 931 2658 dit
959 2595 1029 2656 in
1060 2590 1474 2679 philosophia
1503 2592 1693 2657 modo
1729 2616 1854 2677 quo
1901 2614 2119 2679 supra,
2164 2601 2225 2658 et
2264 2600 2728 2679 consequenter
2770 2612 2888 2678 per
2930 2589 3281 2673 biennium,
3325 2589 3672 2676 diligenter

826 2691 1201 2758 intendens3
1241 2688 1637 2755 leccionibus
1685 2703 1750 2756 et
1805 2692 2057 2757 actibus
2098 2689 2497 2776 theologiciS,
2545 2688 2794 2754 audivit
2838 2689 3154 2772 doctores,
3199 2691 3667 2754 sentenciarios

740 2803 1302 2876 20cursoremque‚
1347 2791 1585 2875 poterit
1613 2813 1730 2877 per
1767 2792 2171 2878 provisorem
2217 2791 2412 2854 studii
2459 2789 2653 2854 alicui
2699 2789 3037 2854 doctorum
3076 2787 3442 2874 theologiae
3488 2811 3671 2876 prae·

829 2891 1088 2971 sentari,
1135 2891 1244 2975 qui
1278 2889 1485 2953 eidem
1517 2890 1704 2954 fratri
1737 2912 1929 2954 unam
1961 2890 2400 2976 quaestionem
2444 2890 2509 2953 in
2552 2889 2878 2975 theologia
2920 2889 3302 2974 assignabit,
3346 2888 3435 2953 ad
3480 2910 3673 2972 quam

829 2995 896 3057 in
937 2989 1215 3054 lectorio
1262 2987 1706 3075 theologorum
1767 2988 2027 3075 publice
2066 2989 2459 3075 respondere
2512 2988 2870 3071 tenebitur3
2933 2999 2997 3053 et
3055 2990 3150 3053 sic
3215 2987 3387 3053 idem
3446 2987 3672 3052 doctor

828 3090 1111 3157 eundum
1150 3089 1437 3169 fratrem,
1483 3087 1895 3152 considerata
1938 3090 2075 3153 eius
2120 3088 2502 3171 idoneitate,
2546 3110 2723 3153 more
2764 3087 2949 3153 solito
2994 3097 3058 3152 et
3094 3097 3387 3175 tempore
3431 3096 3670 3151 statuto

829 3198 1250 3279 praesentare
1293 3192 1534 3272 poterit
1577 3186 1974 3274 theologicae
2014 3188 2326 3272 facultati,
2373 3199 2435 3254 et
2477 3187 2563 3253 ad
2608 3210 2871 3260 cursum
2915 3197 3298 3254 assumatur.
3389 3187 3525 3269 Qui
3567 3187 3669 3251 de·

741 3302 808 3357 25
828 3293 1052 3375 inceps
1098 3299 1169 3352 ut
1210 3286 1322 3351 alii
1366 3283 1717 3352 baccalarii
1762 3286 2086 3353 subiectus
2127 3290 2250 3353 erit
2293 3290 2550 3353 statutis
2593 3287 2991 3374 theologicae
3033 3287 3380 3354 facultatis.

991 3493 1091 3557 36.
1139 3484 1263 3573 [Bl.
1286 3493 1365 3555 20
1384 3483 1434 3573 ⁸]
1476 3485 1665 3552 Anno
1710 3487 1951 3553 domini
1991 3492 2148 3554 1466
2192 3486 2297 3552 die
2335 3489 2524 3554 tertio
2566 3489 2805 3553 mensis
2845 3486 3151 3553 Octobris
3195 3490 3279 3570 (d.
3304 3494 3364 3555 3.
3393 3491 3668 3564 October)

825 3593 892 3655 in
935 3587 1223 3676 generali
1283 3588 1754 3652 convocacione
1812 3587 2270 3671 magistrorum
2330 3587 2692 3673 theologiae
2756 3587 3124 3674 specialiter
3180 3586 3268 3651 ad
3319 3587 3445 3651 hoc
3496 3587 3670 3651 faeta

825 3687 1197 3756 conclusum
1224 3685 1345 3751 fuit
1378 3686 1806 3769 concorditer,
1850 3686 2027 3751 nullo
2064 3686 2563 3771 contradicente,
2606 3687 2777 3772 quod
2819 3688 2887 3751 in
2930 3697 3125 3752 antea
3166 3685 3438 3772 singulis
3482 3687 3669 3750 annis

827 3812 946 3877 per
991 3787 1287 3852 doctores
1329 3785 1696 3871 theologiae
1734 3785 1875 3850 fieri
1919 3784 2199 3850 debeant
2252 3797 2395 3851 octo
2449 3786 2928 3874 disputaciones
2972 3786 3343 3852 ordinariae
3383 3787 3454 3851 in
3494 3786 3667 3850 theo·

743 3888 1024 3973 3ologia,
1068 3887 1284 3973 prima
1327 3886 1501 3950 circa
1551 3887 1788 3950 festum
1826 3883 2165 3949 Michaelis
2209 3889 2294 3962 (d.
2343 3891 2441 3951 29.
2463 3889 2846 3969 September),
2890 3886 3177 3951 secunda
3219 3887 3395 3951 circa
3434 3887 3667 3952 festum

823 3988 1107 4053 omnium
1151 3994 1521 4050 sanctorum
1566 3990 1653 4062 (d.
1707 3991 1755 4050 1.
1794 3989 2180 4065 November),
2237 3986 2431 4053 tertia
2487 3987 2664 4051 circa
2703 3986 2937 4050 festum
2977 3987 3189 4051 sancti
3226 3985 3537 4050 Andreae
3580 3988 3665 4062 (d.

821 4093 922 4154 30.
963 4088 1343 4166 November),
1388 4092 1620 4168 quarta
1663 4085 2115 4148 circa-festum
2155 4084 2598 4148 conversionis
2641 4087 2847 4149 sancti
2887 4085 3077 4150 Pauli
3120 4082 3207 4168 (d.
3247 4081 3663 4168 25.Januar)‚

824 4187 1053 4274 quinta
1106 4192 1256 4269 post
1310 4182 1696 4248 dominicam
1753 4183 2127 4266 Invocavit,
2183 4193 2371 4247 sexta
2427 4193 2579 4269 post
2633 4183 3021 4249 dominicam
3075 4183 3335 4267 Iudica,
3389 4186 3667 4270 septima

825 4287 1001 4349 circa
1028 4284 1258 4348 festum
1289 4284 1682 4347 ascensionis
1715 4293 1777 4346 et
1813 4292 2047 4348 octava
2090 4285 2265 4348 circa
2298 4284 2532 4347 festum
2561 4283 2825 4348 Ioannis
2867 4283 3195 4371 baptistae
3236 4290 3321 4363 (d.
3345 4288 3444 4351 24.
3463 4281 3663 4368 Juni).

739 4382 928 4472 35[1n
968 4384 1254 4447 futurum
1305 4387 1375 4447 12
1417 4381 1786 4446 ordinariae
1831 4382 2313 4470 disputaciones
2359 4392 2715 4448 teneantur.
2720 4379 2780 4467 J*
2864 4383 3026 4447 Item
3068 4383 3332 4471 placuit,
3377 4382 3553 4470 quod
3596 4386 3663 4447 in

822 4495 1014 4549 antea
1072 4480 1343 4567 singulis
1409 4483 1596 4546 annis
1661 4481 2013 4547 baccalarii
2078 4480 2442 4566 theologiae
2503 4492 2600 4545 ter
2661 4503 2779 4568 per
2844 4483 3247 4548 caniculares
3310 4482 3660 4570 disputent,

824 4586 1035 4671 primo
1084 4582 1260 4645 circa
1302 4581 1537 4645 festum
1574 4581 1799 4646 Iacobi
1844 4588 1928 4658 (d.
1973 4585 2299 4662 25.Ju12)‚
2366 4580 2646 4646 secundo
2692 4581 2868 4645 circa
2908 4582 3143 4646 festum
3188 4584 3659 4670 assumpcionis

823 4681 912 4769 (d.
959 4689 1052 4749 15.
1112 4685 1370 4762 Anqust)
1428 4690 1492 4746 et
1542 4682 1742 4746 tercio
1795 4681 1971 4745 circa
2025 4682 2258 4746 festum
2317 4683 2680 4746 nativitatis
2733 4679 2986 4746 Mariae
3045 4687 3132 4758 (d.
3175 4687 3232 4748 8.
3276 4685 3659 4762 September).

818 4782 907 4848 Et
953 4782 1288 4868 quoniam,
1333 4802 1499 4866 quae
1541 4779 1842 4846 ordinata
1885 4790 2061 4863 sunt,
2103 4781 2496 4846 fructuosius
2536 4782 2885 4846 memoriae
2929 4780 3484 4866 commendantur,
3522 4780 3656 4868 pla-

989 4970 1012 5020 1
1057 4962 1432 5020 Geschrieben
1467 4961 1614 5017 steht
1645 4963 1922 5034 affuturis.

988 5054 1018 5103 2
1050 5047 1230 5104 Hiezu
1254 5048 1343 5102 die
1363 5045 1896 5116 Randbemerkung:
1916 5046 2051 5099 Non
2069 5045 2386 5115 requiritur,
2406 5055 2468 5100 ut
2484 5048 2745 5117 magneten-
2756 5047 3144 5118 theoloyiaeeit
3162 5049 3423 5119 ’πειρῶτα-
3435 5048 3653 5102 artium.

985 5140 1015 5190 3
1051 5131 1428 5191 Geschrieben
1463 5129 1609 5185 steht
1643 5131 1898 5185 intendes.

984 5223 1015 5272 4
1056 5218 1191 5272 Hier
1225 5215 1443 5270 seheint
1476 5214 1597 5270 eine
1634 5217 1818 5284 spater
1851 5211 2299 5284 nachgetragene
2338 5215 2840 5288 Randbemerkung
2876 5217 2965 5272 bei
2999 5218 3098 5273 der
3132 5217 3423 5273 Abschrift
3456 5220 3514 5272 in
3547 5217 3651 5271 den

816 5300 1052 5358 Context
1084 5301 1356 5374 gerathen
1387 5317 1458 5354 zu
1492 5299 1624 5355 sein.
1697 5299 1822 5371 Vgl.
1859 5302 2033 5353 unten
2073 5303 2120 5365 §-
2157 5303 2242 5357 51.
