4038 6358
1392 678 1494 727 Die
1529 676 1890 727 Reformation
1930 691 2055 726 vom
2088 677 2254 727 Jahn-e
2298 682 2443 728 1502.
3212 674 3293 734 27

410 865 672 923 catores
719 857 1035 946 deputato
1053 878 1083 921 s
1126 864 1193 921 et
1228 879 1349 943 per
1405 857 1893 922 universitatem
1950 858 2019 921 in
2075 857 2402 923 fiiturum¹
2460 854 2832 942 specialiter
2891 852 2961 916 in
3020 851 3291 938 singulis

423 956 927 1022 mutacionibus
976 954 1380 1043 deputandos
1422 955 1620 1020 fuerit
1659 956 2012 1020 convictus.

594 1154 775 1234 Quia
813 1178 971 1220 vero
1016 1153 1187 1219 hanc
1229 1152 1673 1242 supradictam
1723 1153 2170 1218 universitatis
2196 1153 2578 1240 Lipzcensis
2601 1150 3123 1216 reformationem
3151 1149 3290 1215 Nos

425 1252 880 1339 Georgius,
923 1252 1027 1317 dei
1085 1255 1304 1338 gratia
1347 1252 1482 1317 dux
1527 1251 1886 1333 Saxoniae,
1954 1252 2213 1317 nomine
2256 1249 2526 1316 illustris
2572 1249 2890 1337 principis
2939 1257 3007 1313 et
3047 1246 3294 1313 domini

424 1350 585 1416 Alb
602 1372 685 1415 er
703 1354 801 1433 ti,
848 1352 1160 1437 genitoris
1202 1352 1445 1433 nostri,
1488 1351 1661 1416 dicto
1708 1350 1970 1415 domino
2013 1359 2239 1417 nostro
2285 1359 2351 1415 et
2390 1351 2631 1431 amico,
2675 1347 2935 1413 domino
2980 1346 3291 1428 Tiloni,
3341 1356 3375 1410 5

427 1450 539 1515 dei
580 1460 648 1515 et
686 1449 1089 1537 apostolicae
1135 1450 1309 1515 sedis
1353 1452 1571 1536 gratia
1611 1450 1916 1537 episcopo
1970 1447 2527 1534 Merssburgensi,
2587 1447 2799 1512 dictae
2841 1455 3104 1512 nostrae
3155 1446 3294 1510 uni-

423 1550 764 1615 versitatis
808 1546 1195 1614 cancellario
1251 1557 1315 1613 et
1362 1549 1807 1613 conservatori
1852 1547 2233 1633 apostolico,
2276 1549 2372 1612 uti
2423 1548 2850 1633 praemissum
2877 1555 2994 1627 est,
3039 1567 3081 1609 a
3116 1545 3293 1630 geni-

428 1656 575 1713 tore
625 1656 855 1714 nostro
909 1656 974 1712 et
1024 1645 1218 1711 nobis
1279 1648 1722 1729 commissam,
1773 1646 1904 1731 legi
1957 1645 2323 1710 audivimus
2368 1668 2637 1732 eamque
2687 1646 2758 1708 in
2801 1643 3102 1709 omnibus
3164 1642 3297 1707 suis

431 1748 697 1832 punctis
739 1756 804 1810 et
847 1743 1138 1810 articulis
1183 1746 1549 1809 examinari
1606 1746 1874 1809 fecimus
1925 1743 2424 1831 honestamque,
2482 1743 2737 1824 utilem,
2791 1750 3178 1828 oportunam
3236 1751 3300 1806 et

433 1843 896 1910 rationabilem
960 1844 1360 1928 reperimus:
1430 1851 1826 1931 quapropter
1885 1841 2158 1907 eandem
2212 1843 2588 1907 admisimus
2644 1849 2708 1905 et
2763 1840 3173 1906 laudavimus
3230 1848 3379 1905 etio

436 1965 556 2031 per
600 1951 979 2028 praesentes
1022 1940 1440 2023 admittimus,
1486 1940 1824 2005 laudamus
1869 1950 1934 2005 et
1974 1941 2059 2005 ab
2103 1940 2397 2006 omnibus
2442 1949 2506 2004 et
2550 1938 2820 2023 singulis
2859 1948 3123 2004 nostrae
3155 1940 3297 2004 uni-

434 2042 772 2105 versitatis
818 2039 1234 2127 supradictae
1295 2039 1523 2105 incolis
1581 2038 2047 2104 inviolabiliter
2101 2039 2440 2105 observari
2493 2036 2809 2103 volumus.
2915 2037 3173 2103 Idcirco
3227 2040 3296 2103 in

440 2139 729 2204 omnium
773 2147 838 2203 et
878 2136 1279 2224 singulorum
1343 2137 1611 2202 evidens
1671 2139 2111 2203 testimonium
2168 2137 2451 2224 sigillum
2501 2144 2792 2201 nostrum
2845 2136 3298 2222 praesentibus

438 2236 680 2302 litteris
725 2237 1013 2325 appendi
1055 2238 1381 2302 iussimus.

606 2335 698 2400 Et
739 2358 859 2401 nos
904 2335 1114 2417 Tilo,
1159 2333 1266 2399 dei
1309 2344 1372 2399 et
1413 2334 1809 2421 apostolicae
1854 2334 2028 2399 sedis
2071 2336 2287 2421 gratia
2329 2336 2674 2421 episcopus
2713 2331 3378 2419 Merssburgensis,15

441 2434 658 2500 dictae
697 2435 1138 2500 universitatis
1160 2433 1544 2520 Lipzcensis
1575 2432 2000 2498 cancellarius
2043 2436 2270 2499 unicus
2312 2442 2377 2498 et
2420 2440 2839 2498 conservator
2880 2430 3295 2516 apostolicus,

442 2533 842 2598 antedictam
881 2532 1071 2598 nobis
1126 2533 1537 2599 commissam
1592 2541 1656 2596 et
1698 2530 1983 2598 oblatam
2037 2535 2604 2616 examinatamque
2657 2530 3099 2596 universitatis
3141 2529 3296 2615 Lip-

444 2633 700 2697 czensis
763 2631 1291 2696 reformationem
1347 2632 1416 2695 in
1471 2629 1772 2696 omnibus
1829 2632 1962 2695 suis
2006 2632 2266 2717 punctis
2320 2640 2385 2695 et
2430 2628 2722 2695 articulis
2774 2631 2968 2694 etiam
3021 2629 3297 2693 auctori-

440 2739 577 2795 tate
621 2728 986 2818 apostolica
1027 2727 1491 2815 approbamus,
1537 2727 1947 2794 ratificamus
1977 2738 2041 2793 et
2071 2729 2155 2795 ab
2187 2727 2485 2794 omnibus
2527 2727 2815 2793 eiusdem
2855 2728 3299 2793 universitatis

445 2828 805 2915 suppositis
865 2828 1248 2892 inconcusse
1310 2825 1789 2893 observandam
1861 2835 1926 2890 et
1990 2828 2338 2893 tenendam
2401 2846 2520 2914 per
2592 2835 2969 2913 praesentes
3041 2827 3290 2911 pariter
3309 2834 3377 2889 20

439 2925 850 2991 roboramus.
953 2925 1372 3011 Quapropter
1406 2934 1783 3013 praesentes
1814 2923 2069 2989 litteras
2092 2925 2569 2992 reformationis
2616 2922 2832 3008 sigillo
2876 2931 3100 2988 nostro
3127 2945 3301 2989 com-

437 3025 683 3092 muniri
727 3024 1260 3089 demandavimus
1279 3024 1323 3085 ².

613 3123 864 3188 Datum
925 3132 990 3188 et
1042 3132 1255 3188 actum
1308 3122 1377 3186 in
1442 3129 1655 3187 castro
1710 3121 2065 3210 Lipzcensi
2118 3144 2288 3188 anno
2333 3144 2374 3188 a
2413 3121 2754 3187 nativitate
2809 3120 3054 3187 domini
3090 3119 3300 3186 nostri

438 3224 592 3289 Iesu
638 3221 888 3288 Christi
927 3220 2337 3309 millesimoquadringentesimononagesimo
2396 3231 2583 3288 sexto
2604 3270 2623 3305 ,
2680 3220 2785 3286 die
2828 3220 3132 3303 Veneris,
3186 3219 3295 3285 de-

441 3324 618 3388 cima
662 3330 901 3387 octava
939 3321 1181 3387 mensis
1226 3318 1554 3386 Octobris.
3315 3324 3382 3381 25

1143 3690 1195 3740 6.
1228 3687 1366 3739 DES
1406 3686 1733 3739 HERZOGS
1771 3687 2014 3739 GEOBG
2051 3685 2573 3739 REFORMATION

1500 3787 1623 3821 vom
1663 3772 1710 3823 8.
1748 3772 2048 3822 November
2088 3770 2275 3823 1502.³

566 3920 669 3985 Zu
711 3917 1048 4000 mercken,
1105 3918 1228 3982 wie
1269 3916 1449 3982 diese
1491 3915 1768 3983 lobliehe
1808 3919 2192 3984 universitet
2230 3917 2400 3983 alhie
2441 3941 2523 3982 zu
2568 3917 2845 4003 Leipzig
2887 3917 2956 3980 in
2998 3915 3169 3981 allen

1297 4015 1644 4081 faculteten
1688 4016 1785 4082 sol
1824 4017 2151 4082 reformirt
2187 4016 2464 4082 werden.

905 4183 1007 4231 AM
1046 4180 1317 4230 ERSTEN
1359 4183 1479 4230 DIE
1523 4182 1889 4234 FAOULTET
1931 4186 2076 4234 DER
2117 4183 2451 4233 HAILIGEN
2495 4183 2848 4231 SOHRIFFT.
3315 4172 3384 4228 30

615 4294 955 4361 Nachdem
1011 4293 1129 4358 der
1180 4291 1491 4375 doctores,
1539 4292 1654 4359 der
1703 4296 1992 4383 hailigen
2051 4296 2303 4362 schrifft
2356 4298 2469 4360 inn
2534 4297 2839 4381 gei-inger
2905 4292 3009 4358 zal
3060 4291 3300 4378 kegen—

442 4396 681 4480 wertig
720 4414 900 4479 seyn,
950 4391 1233 4457 sondern
1276 4391 1414 4456 sich
1453 4415 1585 4457 ann
1626 4393 1875 4459 andern
1917 4394 2108 4478 endn,
2152 4393 2237 4460 do
2273 4396 2365 4459 sie
2410 4393 2574 4458 auch
2616 4395 2675 4457 ir
2699 4390 3060 4478 gewonlich
3084 4413 3298 4455 wesen

443 4492 749 4559 zuhaben
786 4492 1304 4577 furgenommen,
1347 4490 1702 4574 enthalten,
1746 4494 1879 4558 und
1920 4493 2091 4558 doch
2132 4495 2249 4558 mit
2297 4491 2620 4581 pfriinden
2677 4513 2809 4555 von
2867 4488 2984 4554 der
3039 4491 3294 4554 univer-

440 4593 599 4657 sitet
635 4590 957 4655 vorsehen
1002 4587 1163 4654 oder
1204 4598 1466 4654 sonsten
1511 4588 1862 4658 salariaten
1905 4615 2092 4679 seyn:
2155 4593 2242 4656 ist
2280 4591 2645 4656 betrachtet
2696 4587 2833 4654 und
2872 4588 2977 4652 fur
3018 4596 3136 4672 gut
3177 4609 3289 4651 an-

589 4809 611 4857 1
658 4801 994 4858 Undeutlich
1034 4803 1145 4857 und
1181 4818 1443 4873 ungenau
1474 4803 1849 4875 geschrieben.

587 4891 618 4941 2
654 4885 827 4940 Beide
857 4884 1042 4955 Siegel
1073 4885 1199 4939 sind
1240 4885 1384 4941 noch
1425 4886 1692 4957 erhalten,
1727 4906 1834 4942 nur
1856 4890 1959 4945 das
1984 4887 2347 4945 bischiifliche
2370 4888 2430 4942 in
2447 4885 2689 4942 mehrere
2709 4883 2917 4940 Stiicke
2941 4883 3294 4941 zerbrochen.

579 4973 613 5024 3
647 4969 769 5023 Das
811 4967 1068 5039 Original
1102 4969 1179 5023 ist
1213 4969 1479 5026 verloren.
1550 4971 1843 5028 Abschrift
1874 4971 1974 5026 hat
2006 4971 2125 5028 sich
2163 4970 2413 5027 erhalten
2451 4971 2527 5025 im
2575 4967 2955 5040 Copialbuche
2990 4967 3089 5022 dei·
3123 4968 3300 5039 philo-

444 5052 782 5124 sophischen
817 5051 1082 5108 Facultiit
1116 5051 1171 5108 S.
1205 5057 1303 5110 367
1344 5054 1445 5108 mit
1479 5056 1578 5110 der
1610 5056 2021 5113 Ueberschrift:
2068 5058 2249 5127 Copia
2284 5056 2481 5111 veteris
2514 5054 2937 5125 reformationis
2968 5053 3296 5108 universita-

444 5139 518 5192 tis
553 5139 710 5192 cuim
745 5135 1023 5206 oriqinale
1070 5138 1373 5193 continetur
1422 5139 1481 5192 in
1517 5141 1661 5207 fisco
1706 5141 1953 5195 rectoris.
1992 5141 2098 5195 Ao.
2141 5144 2288 5194 1502.
2358 5138 2487 5209 vgl.
2520 5136 2797 5193 Urkundl.
2834 5136 3067 5202 Quellen
3103 5135 3158 5192 S.
3200 5143 3298 5192 779

446 5222 580 5278 Nro.
624 5226 701 5277 10.
768 5220 915 5275 Eine
956 5218 1251 5275 Abschrift
1297 5221 1494 5276 hievon
1533 5223 1591 5275 in
1633 5222 1689 5278 J.
1723 5223 1779 5280 J.
1827 5224 2050 5296 Vogel's
2097 5222 2368 5279 Annalen.
2438 5221 2568 5292 Vgl.
2621 5221 2758 5277 Urk.
2798 5220 2977 5286 Quen.
3015 5219 3072 5276 S.
3109 5225 3208 5276 613
3245 5238 3299 5275 u.

448 5310 564 5362 888.
632 5305 753 5360 Der
785 5302 1053 5374 Eingang
1086 5302 1303 5360 scheint
1335 5321 1405 5360 zu
1440 5304 1640 5360 fehlen.
