4038 6358
1253 633 1568 687 satiati-che
1611 636 1732 688 Fac.
1801 636 2025 699 Einzige
2062 636 2319 687 Statuten.
3090 639 3212 701 579

365 812 781 881 attendentes
801 864 820 898 ,
912 814 1210 881 doctores
1287 815 1614 882 facultatis
1691 816 2006 883 iuridicae
2067 818 2511 883 universitatis
2585 817 2780 883 studii
2844 817 3214 905 Liptzensis

364 912 937 1001 Merseburgensis
985 915 1259 981 dioeces,
1307 917 1796 981 constitutiones
1839 927 1904 982 et
1956 927 2228 999 statuta,
2293 940 2361 981 se
2429 929 2493 980 et
2550 920 2888 1004 supposita
2930 917 3213 983 eiusdem

358 1013 697 1079 facultatis
752 1025 1211 1080 concernentes
1255 1026 1319 1080 et
1363 1017 1828 1082 concernencia
1844 1065 1862 1099 ‚
1919 1015 2323 1081 concorditer
2346 1066 2361 1090 ‚
2420 1025 2616 1103 prout
2674 1019 2987 1103 sequitur,
3046 1016 3213 1080 ordi·

358 1123 625 1179 narunt.

359 1296 685 1345 STATUTA
733 1298 1251 1346 PROMOVENDOS
1294 1300 1385 1347 AD
1429 1298 1722 1347 GRADUM
1763 1298 2328 1351 BAGCALARIATUS
2361 1298 2432 1345 m
2473 1299 2636 1347 IURE
2684 1299 3214 1348 CONCERNENCIA
3264 1291 3298 1346 5

1379 1399 1609 1460 usqua
1660 1398 2187 1447 PRAELEGENDA.

536 1528 757 1594 Primo
814 1528 1065 1617 placet,
1147 1531 1322 1619 quod
1378 1530 1590 1597 nullus
1640 1541 2098 1619 promoveatur
2159 1531 2245 1596 ad
2297 1530 2573 1617 gradum
2636 1524 3107 1597 baccalariatus
3150 1533 3214 1596 in

363 1629 514 1692 iure
535 1676 554 1710 ,
643 1630 769 1695 nisi
830 1632 1010 1716 prius
1068 1631 1392 1696 audiverit
1449 1653 1571 1717 per
1622 1630 1783 1696 duos
1838 1633 2125 1716 integros
2182 1652 2386 1695 annos
2443 1629 2750 1695 lectiones
2793 1631 2877 1696 ab
2922 1630 3216 1696 omnibus

370 1726 756 1793 doctoribus
802 1727 1152 1795 sallariatis
1196 1734 1262 1794 in
1308 1729 1492 1795 libris
1536 1731 1697 1795 iuris
1734 1733 1801 1796 in
1848 1729 2064 1818 aliquo
2106 1727 2320 1794 studio
2364 1729 2772 1816 privilegiato
2806 1727 2892 1817 [8]
2926 1743 2990 1796 et
3025 1752 3210 1816 quar-

364 1836 509 1891 tum
551 1827 970 1892 decretalium
1014 1829 1209 1893 semel
1252 1829 1503 1916 integre
1560 1828 1644 1895 ab
1701 1829 1918 1918 aliquo
1973 1827 2487 1894 baccalariorum
2537 1829 2726 1911 iuris,
2794 1839 2905 1894 aut
2962 1829 3211 1914 aliquos
3237 1840 3301 1893 10

357 1925 571 1991 libros
610 1928 1101 2010 institutionum,
1148 1932 1202 1994 si
1241 1931 1309 1994 in
1352 1939 1625 2018 utroque
1668 1930 2042 2016 promoveri
2084 1928 2375 1993 voluerit.

531 2044 597 2090 11.
640 2027 822 2109 Item,
869 2037 1217 2113 antequam
1260 2029 1409 2094 talis
1455 2029 1836 2094 admittatur
1878 2026 1965 2093 ad
1994 2051 2288 2110 examen,
2332 2026 2525 2092 debet
2555 2029 2735 2114 prius
2756 2027 2990 2114 legisse
3015 2051 3209 2092 unum

357 2124 623 2190 titulum
669 2127 735 2190 in
784 2129 944 2208 iure,
988 2150 1107 2214 per
1152 2127 1450 2194 doctores
1494 2127 1748 2214 collegii
1795 2128 1920 2192 sibi
1965 2127 2448 2215 assignandum.

534 2243 626 2290 111.
673 2226 836 2290 Item
879 2226 1025 2291 talis
1070 2226 1263 2292 debet
1306 2249 1447 2293 esse
1491 2227 1701 2293 bonae
1758 2227 2004 2309 famae,
2066 2226 2375 2292 honestae
2435 2229 2607 2292 vitae
2668 2238 2730 2292 et
2781 2227 3211 2294 conversatio-

359 2325 492 2407 nis,
536 2348 615 2391 ac
661 2324 824 2391 alias
872 2324 1062 2391 abilis
1104 2336 1167 2391 et
1204 2326 1515 2413 ydoneus,
1561 2339 1625 2392 et
1669 2326 1749 2393 de
1793 2327 2083 2413 legitimo
2127 2329 2553 2392 matremonio
2597 2339 2818 2411 natus,
2879 2339 2943 2391 et
2986 2328 3202 2390 matri—
3232 2334 3293 2389 ¹5

360 2423 553 2488 culae
596 2424 785 2490 huius
828 2428 1271 2491 universitatis
1313 2426 1679 2514 inscriptus.

963 2642 1057 2690 DE
1097 2642 1490 2691 ExTRANBIS
1533 2642 1647 2689 HIC
1691 2642 2098 2691 Pnonovmu
2143 2642 2617 2691 OUPIENTIBUS.

539 2790 629 2836 lv.
671 2772 915 2855 Placet,
961 2773 1135 2858 quod
1157 2772 1304 2857 illis,
1342 2776 1452 2862 qui
1496 2796 1578 2838 cx
1622 2773 1749 2839 alio
1791 2774 2004 2839 studio
2040 2774 2451 2861 privilegiato
2477 2773 2560 2838 ad
2587 2796 2896 2862 praesens
2917 2783 3205 2839 nostrum

360 2871 650 2936 studium
695 2871 1097 2954 advenerint,
1140 2884 1415 2961 tempus,
1456 2894 1582 2958 quo
1625 2873 1868 2937 ibidem
1914 2874 1979 2937 in
2011 2874 2153 2939 iure
2182 2874 2565 2956 studuerint,
2607 2874 2674 2937 in
2698 2884 2987 2961 tempore
3015 2896 3199 2962 prae·

358 2981 588 3036 notato
633 2972 1042 3056 suffragetur,
1107 2973 1200 3038 ita
1241 2983 1460 3037 tamen
1507 2972 1680 3060 quod
1727 2974 1811 3037 sit
1851 2973 2204 3059 inscriptus
2247 2972 2625 3038 matriculae
2668 2972 2858 3037 huius
2888 2974 3200 3038 universi·
3223 2984 3288 3039 20

359 3071 520 3134 tatis
562 3080 628 3134 et
666 3070 752 3135 ad
794 3073 1005 3136 minus
1046 3095 1164 3158 per
1207 3071 1490 3136 medium
1532 3095 1773 3137 annum
1816 3070 1923 3137 hic
1967 3095 2008 3137 a
2053 3072 2423 3138 doctoribus
2478 3072 2784 3138 lectiones
2838 3074 2958 3155 (uti
3017 3095 3203 3159 prae·

362 3170 668 3249 mittitur)
711 3169 1054 3258 diligenter
1098 3171 1488 3256 audiverint,
1532 3184 1597 3236 et
1639 3194 1722 3236 ex
1764 3182 1919 3238 tunc
1961 3170 2219 3238 solvant
2260 3191 2330 3238 lv
2374 3171 2436 3239 fl.
2479 3195 2728 3238 tenens.

472 3389 835 3456 STATUTA,
900 3388 1446 3449 QUEMADMODUM
1488 3389 1671 3437 Imus
1710 3388 2264 3436 BACCALARIANDI
2308 3389 2618 3437 SOLVERE
2664 3388 3038 3437 TENENTUR
3067 3373 3106 3435 ¹.

529 3539 596 3585 v.
652 3521 846 3605 Item,
914 3545 997 3586 ne
1056 3521 1595 3587 baccalariandos
1656 3531 1910 3586 nostros
1965 3520 2137 3585 ultra
2191 3520 2480 3586 debitum
2542 3523 2807 3606 gravari
2852 3522 3206 3607 contingat,

362 3619 514 3685 ideo
560 3620 790 3708 placet,
837 3621 1030 3708 quod,
1078 3623 1133 3686 si
1176 3620 1717 3686 baccalariandus
1759 3622 1826 3683 in
1868 3629 2158 3706 tempore
2178 3621 2204 3661 ²
2244 3643 2358 3685 seu
2399 3641 2777 3707 quocunque
2819 3619 2947 3684 alio
2991 3618 3198 3684 defec-
3221 3628 3288 3685 25

360 3731 499 3785 tum
546 3743 660 3785 seu
703 3720 989 3785 defectus
1032 3719 1291 3802 habeat,
1335 3720 1498 3785 adeo
1545 3719 1715 3807 quod
1758 3719 2240 3805 dispensatione
2284 3729 2491 3805 egeat,
2537 3728 2601 3783 et
2644 3742 2727 3783 ex
2755 3730 2906 3783 tunc
2931 3720 3207 3805 pecunia

362 3840 484 3905 pro
529 3819 895 3885 huiusmodi
939 3819 1195 3885 defectu
1237 3819 1455 3884 danda
1497 3827 1770 3904 quatuor
1811 3817 2033 3883 floren.
2076 3841 2167 3883 re.
2214 3820 2283 3883 in
2325 3841 2484 3885 auro
2524 3818 2886 3883 nullatenus
2912 3818 3207 3902 excedat,

367 3917 547 4006 quod
587 3916 799 3983 locum
844 3919 1086 3984 habere
1130 3918 1340 4000 debet,
1388 3918 1643 3983 etiamsi
1687 3919 1755 3981 in
1799 3927 2073 4004 utroque
2117 3920 2257 3982 iure
2298 3920 2547 3982 venerit
2590 3918 3089 4005 promovendus.
3134 3917 3206 3982 Si

363 4039 523 4082 vero
562 4017 810 4083 nullum
850 4021 1150 4106 paciatur
1194 4016 1545 4098 defectum,
1625 4027 1781 4082 tunc
1846 4015 2024 4081 nulla
2080 4018 2359 4103 pecunia
2413 4017 2497 4083 ab
2550 4039 2626 4083 eo
2683 4018 3040 4105 recipiatur
3094 4028 3206 4083 aut

364 4118 687 4204 exigatur.
3222 4127 3292 4184 ³0

537 4279 631 4370 [S.
675 4279 756 4371 9.]
799 4300 891 4348 VI.
934 4282 1260 4349 Examine
1301 4282 1482 4348 finito
1499 4330 1518 4365 ‚
1584 4292 1930 4370 antequam
1984 4282 2350 4347 examinato
2393 4304 2435 4346 a
2478 4281 2611 4346 suis
2654 4283 3209 4349 examinatoribus

367 4405 566 4470 super
610 4405 730 4448 sua
769 4381 1162 4450 admissione
1187 4383 1523 4469 responsio
1565 4381 1786 4468 aliqua
1830 4382 2036 4463 detur,
2085 4380 2373 4469 deponat
2413 4381 2628 4467 primo
2672 4383 2739 4446 in
2762 4393 3035 4469 utroque
3065 4384 3205 4448 iure

366 4481 850 4568 promovendus
893 4502 942 4547 x
985 4482 1210 4547 floren.
1253 4503 1558 4546 renenses
1603 4482 1669 4545 in
1716 4503 1875 4546 auro
1916 4480 2093 4568 apud
2146 4481 2552 4564 facultatem,
2614 4480 2695 4546 de
2737 4480 2970 4567 quibus
3009 4481 3206 4549 fiscus

362 4581 631 4648 habebit
671 4597 974 4669 quatuor,
1027 4591 1362 4669 promotor
1405 4602 1559 4645 vero
1602 4580 1803 4663 duos3
1863 4579 2180 4666 reliquum
2238 4581 2593 4667 aequaliter
2648 4581 2978 4647 dividatur
3037 4584 3206 4647 inter

365 4704 589 4748 omnes
629 4683 1127 4748 examinatores.
1209 4680 1640 4746 Examinatus
1678 4702 1835 4743 vero
1876 4680 1942 4742 in
1984 4678 2188 4743 altero
2230 4679 2442 4744 solvat
2479 4687 2516 4745 5
2560 4679 2698 4745 flor.
2753 4704 2841 4745 re.
2897 4682 2965 4746 in
3020 4705 3197 4765 auro,
3221 4690 3289 4748 35

365 4782 447 4847 de
491 4780 726 4868 quibus
769 4781 965 4846 fiscus
1010 4779 1277 4850 habebit
1320 4779 1481 4843 duos
1529 4777 1687 4860 flor„
1733 4786 2070 4863 promotor
2113 4777 2295 4862 duos,
2340 4779 2602 4865 quintus
2645 4779 2923 4845 florenus
2955 4780 3202 4847 divida—

364 4892 489 4967 tur,
534 4891 607 4947 ut
648 4903 869 4968 supra.

544 5151 564 5201 1
611 5146 719 5200 Die
740 5142 1031 5198 Abschrifl:
1049 5142 1150 5197 hat
1170 5160 1230 5198 es
1258 5142 1411 5197 nicht
1444 5142 1695 5205 erkannt
1728 5141 1855 5196 dass
1892 5141 2042 5196 disse
2061 5141 2258 5196 Worte
2296 5140 2384 5196 die
2421 5141 2798 5198 Ueberschrist
2833 5160 2958 5199 zum
2976 5144 3210 5217 Folgen—

365 5231 470 5288 den
511 5231 658 5300 sind,
699 5229 776 5284 sie
809 5227 962 5282 stellt
998 5227 1077 5282 sie
1110 5227 1373 5282 vielmehr
1407 5244 1530 5280 zum
1566 5224 2082 5295 voraufgehenden‚
2120 5243 2233 5280 was
2266 5226 2465 5281 keinen
2505 5227 2640 5282 Sinn
2676 5228 2845 5300 giebt.

538 5319 570 5371 2
608 5312 891 5370 Hieruach
929 5311 1144 5367 scheint
1176 5312 1266 5367 ein
1303 5311 1466 5367 Wort
1503 5327 1571 5364 zu
1611 5308 1827 5378 fehlen3
1864 5315 2006 5365 etwa
2034 5312 2541 5380 praesentationis?

2749 5406 2827 5467 37
2844 5399 2867 5430 ⁴¹
