4038 6358
1279 670 1380 719 Die
1415 669 1652 728 Statuten
1688 685 1794 719 von
1840 669 2184 720 1497—1537.
3031 673 3152 736 229

329 850 423 916 de
456 850 776 916 Werdea
791 900 810 934 ‚
878 847 1034 916 dicti
1093 850 1347 938 collegii
1412 849 1770 917 membrum
1832 813 2094 917 necnon¹
2141 851 2463 938 generalis
2520 849 2716 916 studii
2774 849 3155 938 Lipczensis

330 952 752 1033 secretarium,
797 952 1227 1038 transcriptus
1270 960 1335 1016 et
1371 951 1739 1017 innovatus.

812 1067 1105 1156 Quisque
1145 1069 1624 1155 magistrorum,
1668 1067 2002 1136 doctorum
2047 1079 2110 1135 et
2150 1069 2634 1156 discipulorum,

892 1168 970 1232 In
1009 1177 1351 1254 praesente
1396 1166 1588 1233 domo
1628 1191 1800 1234 nunc
1840 1167 2143 1234 habitare
2187 1167 2420 1253 solens,

814 1265 1061 1353 Iugiter
1102 1266 1395 1333 intendat
1441 1267 1672 1333 studiis
1715 1277 1779 1333 et
1818 1267 2013 1334 rebus
2057 1269 2342 1334 honestis
3204 1277 3236 1332 5

898 1366 989 1431 Et
1028 1388 1168 1431 sese
1211 1390 1252 1432 a
1288 1368 1478 1442 factis
1522 1367 1860 1433 abstrahat
1898 1366 2159 1450 illicitis,

817 1464 1341 1554 Subscriptisque
1382 1467 1590 1534 libens
1639 1479 1819 1533 curet
1859 1490 2094 1556 parere
2132 1468 2408 1549 statutis,

898 1564 996 1630 Ne
1035 1587 1246 1647 nocua
1290 1576 1354 1631 et
1393 1568 1597 1632 tristis
1640 1589 1853 1655 poena
1892 1576 2199 1655 sequatur
2238 1589 2402 1632 eum.

1336 1683 1522 1749 Haec
1563 1683 1779 1749 dictus
1821 1682 2131 1749 Werdea.

482 1835 655 1894 Dicae
711 1835 990 1895 Statuten
1038 1840 1329 1913 zersallen
1384 1838 1446 1895 in
1502 1837 1635 1896 ἄνεί
1689 1837 2142 1917 Abtheilunqen,
2202 1837 2296 1896 die
2352 1845 2505 1896 crete
2555 1838 2650 1897 die
2714 1842 2957 1900 statuta
3024 1856 3154 1899 non
3178 1843 3242 1898 10

322 1929 618 2018 legibilia,
661 1935 758 1994 die
799 1937 995 1995 zweite
1037 1936 1131 1995 die
1172 1932 1464 2019 legibilia
1497 1939 1872 2010 euchaltend5
1915 1938 2010 1996 die
2043 1937 2225 1996 dritta
2253 1939 2478 1996 enthc‘ilt
2521 1937 2785 2014 wichtiqe
2818 1938 3157 1997 Urkunden.

488 2061 604 2150 [Bl.
638 2061 734 2150 1⁸]
780 2064 889 2130 Ex
918 2089 1042 2153 quo
1073 2075 1318 2132 statuta
1358 2068 1718 2152 praesentis
1751 2065 2007 2152 collegii
2046 2067 2116 2130 in
2155 2067 2350 2131 certis
2389 2064 2551 2131 locis
2578 2076 2896 2132 vetustate
2926 2065 3158 2147 deleta,

321 2165 392 2227 in
430 2162 815 2251 quibusdam
854 2165 1050 2230 etiam
1091 2188 1210 2252 per
1255 2166 1655 2252 frequentem
1693 2188 2001 2230 manuum
2044 2167 2619 2231 contrectationem
2662 2165 2916 2232 caduca
2955 2174 3019 2230 et
3063 2167 3158 2230 sic

321 2262 785 2351 quodammodo
826 2262 1165 2350 illegibilia
1207 2265 1454 2348 effecta,
1509 2283 1758 2331 necnon
1818 2264 2031 2352 quoad
2075 2287 2298 2331 eorum
2342 2266 2751 2332 situationem
2795 2265 3156 2353 aliquantu-

321 2361 448 2427 lum
486 2362 868 2447 inordinata,
925 2363 1245 2451 quaedam
1292 2366 1485 2432 etiam
1539 2388 1656 2453 per
1708 2389 1840 2431 non
1882 2363 2404 2431 observationem
2458 2376 2520 2429 et
2574 2365 2644 2429 in
2698 2364 2926 2430 melius
2978 2387 3151 2430 com·
3178 2374 3239 2429 15

320 2464 727 2528 mutationem
780 2472 993 2528 tractu
1045 2466 1358 2551 temporis
1415 2463 1733 2551 abrogata
1795 2473 1860 2529 et
1923 2464 2228 2546 alterata,
2293 2488 2423 2529 non
2473 2463 2651 2528 nulla
2703 2463 2978 2549 denique
3039 2487 3157 2552 per

320 2561 777 2627 interletionem
818 2585 971 2629 rasa
1026 2573 1088 2629 et
1140 2563 1291 2629 falsi
1330 2565 1489 2629 vitio
1537 2574 1844 2650 corrupta
1899 2563 2160 2628 fuerunt
2174 2565 2213 2645 ¹,
2275 2563 2548 2651 ideoque
2600 2564 2917 2650 magistri,
2978 2574 3153 2628 ante·

322 2661 553 2726 dictum
578 2661 917 2748 collegium
959 2674 1239 2751 protunc
1279 2673 1863 2750 repraesentantes,
1902 2661 2141 2727 librum
2182 2661 2555 2729 huiusmodi
2597 2672 2986 2729 statutorum
3033 2663 3154 2729 sub

322 2760 457 2843 hac,
493 2783 659 2848 quae
702 2765 1007 2850 sequitur,
1048 2763 1258 2828 forma
1301 2760 1897 2827 transscribendum
1942 2771 2006 2826 et
2046 2761 2486 2828 innovandum
2507 2762 2911 2830 concorditer
2937 2762 3156 2829 decre-

321 2871 543 2926 verunt
581 2883 663 2926 ac
701 2862 1086 2927 transscribi
1126 2872 1189 2928 et
1224 2863 1521 2929 innovari
1564 2863 2038 2928 commiserunt.
3174 2871 3241 2926 20

1065 3037 1116 3095 1.
1166 3048 1261 3095 DE
1304 3046 1709 3096 IURAMENTO
1751 3045 1921 3094 NOVI
1965 3044 2406 3094 COLLEGIATI.

479 3160 767 3242 Quilibet
808 3163 1267 3249 magistrorum
1308 3163 1389 3229 de
1428 3186 1598 3230 novo
1633 3161 1876 3228 electus
1917 3173 1982 3227 et
2026 3171 2398 3250 assumptus
2427 3162 2497 3226 in
2524 3161 2932 3249 collegiatum
2966 3184 3154 3249 prae·

322 3262 510 3326 sentis
586 3261 843 3349 collegii
918 3263 1238 3329 tenebitur
1316 3266 1384 3328 in
1458 3264 1829 3350 praesentia
1895 3261 2182 3327 eiusdem
2249 3261 2504 3348 collegii
2577 3262 2697 3327 sub
2758 3262 2882 3327 hac
2945 3262 3155 3327 forma
3214 3340 3220 3345 ‚

321 3380 555 3426 1urare:

475 3459 662 3546 „Ego
706 3460 801 3525 .N.
844 3463 1007 3543 iur0,
1067 3461 1237 3547 quod
1291 3462 1376 3527 ab
1417 3460 1543 3526 hac
1583 3461 1748 3528 hora
1790 3472 1854 3526 et
1894 3462 1962 3527 in
2025 3472 2374 3549 posterum,
2419 3461 2635 3551 quoad
2677 3462 2916 3544 vivam,
2954 3460 3236 3526 velim25

322 3583 455 3626 esse
509 3559 721 3624 fidelis
782 3560 1053 3646 collegio
1112 3571 1175 3626 et
1227 3583 1584 3649 procurare
1638 3562 1876 3628 bonum
1932 3562 2237 3646 eiusdem,
2308 3571 2371 3627 et
2427 3560 2737 3651 quamdiu
2792 3560 3153 3626 membrum

323 3659 597 3726 eiusdem
638 3660 842 3744 fuem,
888 3682 1151 3725 servare
1195 3671 1434 3726 statuta
1477 3669 1541 3725 et
1590 3661 1948 3744 statuenda,
1994 3685 2162 3751 quae
2208 3671 2356 3727 sunt
2405 3674 2467 3727 et
2510 3670 2697 3728 erunt
2750 3683 2865 3749 per
2909 3660 3152 3726 dictum

322 3759 650 3847 collegium
691 3770 803 3825 aut
844 3761 1153 3825 maiorem
1197 3770 1447 3846 partem
1491 3760 1780 3825 eiusdem
1822 3761 2210 3848 approbata.
2286 3762 2452 3828 Item
2492 3761 2666 3849 quod
2708 3761 2902 3826 velim
2947 3762 3153 3826 senio·

321 3859 492 3925 ribus
534 3870 599 3924 et
638 3856 1019 3926 electoribus
1066 3861 1227 3925 meis
1272 3859 1560 3925 debitam
1605 3862 2033 3925 reverentiam
2078 3860 2594 3949 condignumque
2635 3861 2945 3926 honorem
2987 3862 3151 3946 iugi-

322 3968 410 4024 ter
464 3969 528 4024 et
580 3957 819 4046 ubique
867 3958 1243 4046 impendere
1296 3982 1374 4024 ac
1417 3959 1747 4025 exhibere.
1832 3959 1997 4025 Item
2053 3960 2227 4048 quod
2268 3961 2466 4025 velim
2503 3961 2725 4025 venire
2779 3959 2865 4025 ad
2919 3983 3150 4025 convo·
3169 3968 3238 4025 30

324 4061 598 4125 cationes
656 4059 1015 4145 praepositi
1073 4069 1184 4123 aut
1240 4061 1307 4124 in
1356 4061 1492 4124 eius
1535 4059 1853 4125 defectum
1909 4061 2201 4143 senioris,
2258 4062 2810 4148 quotienscunque
2855 4058 2911 4145 [1
2934 4058 2987 4148 b]
3033 4082 3152 4147 per

323 4158 584 4224 eundem
624 4158 968 4246 requisitus
1004 4158 1109 4223 vel
1151 4168 1420 4225 vocatus
1461 4160 1662 4242 fuero,
1707 4158 2004 4247 quodque
2050 4170 2299 4225 secreta
2340 4159 2614 4246 collegii,
2659 4182 2776 4245 per
2819 4162 3152 4246 praeposi·

322 4266 445 4324 tum
506 4256 666 4322 mihi
718 4257 992 4342 indicta,
1050 4258 1209 4323 nulli
1267 4257 1561 4324 revelare
1621 4258 1827 4324 velim.
1912 4260 2074 4324 Item
2129 4258 2301 4345 quod
2355 4259 2549 4324 velim
2604 4261 2978 4346 praeposito
3035 4280 3154 4345 pro

325 4368 602 4445 tempore
641 4358 944 4422 existenti
985 4361 1053 4423 in
1092 4358 1281 4423 factis
1327 4357 1584 4443 collegii
1626 4358 1916 4425 consiliis
1956 4369 2021 4424 et
2061 4358 2321 4423 auxiliis
2363 4381 2484 4445 pro
2527 4380 2721 4446 posse
2762 4379 2906 4423 meo
2949 4355 3152 4422 fideli·

324 4468 406 4522 ter
449 4467 666 4522 astare
721 4465 786 4521 et
836 4458 892 4522 si
945 4458 1112 4522 inter
1154 4480 1258 4522 me
1301 4467 1364 4523 et
1403 4457 1680 4544 aliquem
1721 4457 1827 4523 vel
1870 4457 2121 4546 aliquos
2166 4480 2250 4522 ex
2291 4459 2621 4543 magistris
2667 4456 2854 4521 huius
2895 4455 3150 4542 collegii
3166 4466 3234 4521 35

322 4557 527 4644 aliqua
570 4557 898 4622 contentio
933 4555 1038 4621 vel
1079 4556 1490 4644 displicentia
1533 4556 1738 4644 (quod
1782 4556 1981 4631 absit)
2041 4556 2308 4622 suborta
2359 4557 2552 4622 fuerit
2560 4606 2579 4639 ,
2633 4555 2826 4621 velim
2883 4554 3154 4621 eandem

324 4656 397 4721 ad
430 4656 875 4744 praepositum
920 4655 1176 4741 collegii
1217 4656 1535 4723 deducere
1578 4668 1642 4722 et
1684 4679 1878 4743 super
1920 4655 2148 4721 eadem
2190 4666 2364 4721 stare
2404 4655 2740 4721 dictamini
2778 4658 2983 4744 ipsius
3025 4655 3153 4722 col-

321 4753 460 4842 legii
514 4754 619 4819 vel
676 4753 903 4820 saltem
954 4756 1217 4821 maioris
1273 4757 1481 4843 partis
1542 4756 1848 4822 eiusdem.
1935 4756 2047 4821 Sic
2106 4779 2209 4821 me
2274 4755 2434 4821 deus
2491 4755 2754 4821 adiuvet
2810 4766 2875 4820 et
2928 4766 3152 4821 sancta

324 4855 415 4920 dei
456 4852 857 4941 evangelia..“

1088 4959 1147 5019 2.
1190 4971 1284 5019 DE
1330 4971 1920 5045 commu-'tonum
1960 4974 2376 5022 ΕιΕοΤΙοΝΕ.
3169 4965 3235 5023 40

472 5086 787 5168 Quotiens
832 5086 1118 5175 aliquam
1158 5086 1647 5173 collegiaturam
1689 5089 1756 5153 in
1796 5087 1918 5153 hoc
1945 5087 2214 5174 collegio
2251 5111 2488 5154 vacare
2512 5090 2874 5179 contigerit,
2918 5087 3152 5175 placet,

325 5186 478 5273 quod
514 5188 832 5271 magistri,
878 5185 1158 5273 aliquem
1201 5186 1287 5251 ad
1329 5186 1696 5254 huiusmodi
1739 5185 2227 5274 collegiaturam
2270 5199 2610 5254 vacantem
2652 5190 2893 5276 eligere
2934 5188 3151 5254 volen-
3245 5278 3246 5285 ἵ

476 5358 499 5409 1
540 5352 669 5425 νει
703 5356 876 5407 unten
908 5351 993 5407 BL
1029 5352 1132 5407 24¹³
1167 5350 1280 5406 und
1315 5354 1434 5407 251».
