4038 6358
1161 628 1333 680 Achte
1385 628 1924 686 Statntenredaetion,
1971 643 2095 679 vom
2144 627 2310 679 Jahn-e
2351 625 2492 681 1558.
3119 629 3238 696 533

393 808 817 898 procedentes
861 834 991 877 non
1029 812 1222 879 modo
1268 834 1399 877 non
1464 811 1768 877 aberrent
1822 811 1938 879 sed
1991 812 2240 878 directo
2296 811 2530 877 itinere
2574 833 2683 895 eo,
2734 831 2859 898 quo
2918 809 3228 894 tenditur,

388 912 789 997 perveniant.
877 910 966 976 Ut
1005 920 1217 977 autem
1259 912 1426 977 aliae
1468 933 1573 977 res
1616 914 1685 977 in
1722 913 2056 978 hominum
2101 914 2239 979 vita
2280 911 2683 998 temporibus
2746 920 3093 996 mutantur,
3140 913 3237 977 sic

389 1009 754 1077 studiorum
796 1033 1052 1099 quoque
1093 1021 1407 1078 “actatus
1464 1034 1594 1076 non
1636 1010 1810 1078 idem
1873 1033 2133 1099 semper
2188 1032 2333 1077 esse
2386 1018 2619 1096 potest.
2703 1011 2926 1097 Neque
2979 1035 3099 1077 nos
3155 1011 3238 1076 de

387 1110 759 1197 praeteritis
803 1110 1139 1198 disputare
1181 1133 1445 1177 necesse
1504 1119 1603 1174 est
1662 1120 1775 1176 aut
1820 1110 2026 1192 decet,
2085 1133 2166 1176 ac
2222 1110 2443 1198 potius
2502 1111 2808 1175 convenit
2865 1112 3238 1198 praesentia

383 1208 561 1275 bona
598 1218 663 1274 et
702 1218 928 1276 nostra
969 1232 1190 1276 amare
1232 1220 1295 1277 et
1335 1210 1773 1297 magnifacere
1813 1221 2006 1297 atque
2049 1211 2238 1293 tueri,
2282 1230 2491 1297 neque
2540 1210 2959 1294 committere,
3002 1220 3075 1276 ut
3118 1232 3225 1275 ve·
3280 1219 3314 1275 5

383 1309 646 1373 ritatem
684 1309 1075 1396 patefactam
1116 1321 1180 1375 et
1220 1312 1476 1397 copiam
1544 1308 1927 1375 eruditionis
1981 1311 2194 1375 minus
2253 1307 2488 1396 cupide
2551 1309 2838 1397 amplexi
2900 1309 3233 1397 negligen-

382 1409 640 1494 tiusque
679 1409 1024 1474 retinuisse
1063 1409 1401 1475 videamur
1422 1458 1437 1488 ‚
1499 1430 1692 1495 quam
1747 1408 1948 1474 dubia
1993 1411 2368 1497 incertaque
2411 1418 2475 1474 et
2513 1408 2757 1474 inculta
2818 1410 2886 1474 in
2931 1407 3235 1497 quadam,

383 1517 457 1574 ut
508 1509 604 1573 ita
656 1507 871 1573 dicam
887 1557 906 1592 ,
996 1518 1288 1596 egestate
1351 1506 1711 1575 studiorum
1771 1508 2006 1596 cupide
2070 1518 2344 1597 accepta
2397 1517 2461 1574 et
2515 1507 2794 1574 fideliter
2849 1507 3116 1575 defensa
3170 1518 3234 1573 et

383 1617 645 1672 strenue
689 1606 1023 1673 elaborata
1059 1608 1261 1675 fuisse
1320 1610 1579 1674 scimus.
1667 1607 2023 1695 Speramus
2077 1621 2292 1674 autem
2351 1631 2460 1690 ea,
2527 1629 2696 1694 quae
2746 1608 2869 1674 hoc
2921 1617 3233 1695 tempore,

380 1708 861 1773 communicata
901 1729 975 1773 re
1019 1719 1083 1772 et
1124 1717 1275 1795 post
1320 1717 1696 1774 accuratam
1739 1706 2291 1792 deliberationem,
2336 1706 2669 1794 descripta
2711 1718 2889 1792 sunt,
2931 1730 3224 1795 quaeque
3250 1717 3312 1774 10

377 1816 603 1872 vetere
647 1807 1109 1873 consuetudine
1153 1830 1194 1872 a
1238 1806 1642 1895 singulorum
1689 1809 2097 1874 semestrium
2147 1806 2411 1873 decanis
2464 1804 2723 1894 publice
2785 1806 3094 1895 deinceps
3136 1829 3235 1872 re·

380 1906 647 1972 citanda
688 1906 1102 1990 curabuntur,
1146 1930 1225 1972 ea
1266 1929 1626 1995 speramus,
1671 1929 1816 1972 cum
1860 1906 2121 1996 quidem
2186 1929 2344 1971 vera
2396 1908 2525 1971 sint
2581 1916 2645 1970 et
2702 1905 2788 1971 ad
2830 1906 3090 1972 virtutis
3133 1929 3233 1972 sa-

379 2007 795 2093 pientiaeque
836 2028 1129 2072 normam
1175 2006 1515 2096 quadrent,
1558 2029 1687 2071 non
1731 2008 1942 2072 minus
1986 2009 2183 2073 etiam
2224 2005 2411 2094 quasi
2455 2002 2583 2094 [41]
2631 2005 2958 2093 elegantia
2990 2016 3054 2071 et
3093 2029 3234 2092 spe-

376 2106 550 2171 tiosa
608 2127 750 2170 esse
802 2128 996 2193 quam
1052 2106 1183 2171 alia
1248 2108 1504 2193 uspiam
1550 2108 1918 2172 constituta.
2002 2107 2196 2174 Certe
2237 2128 2358 2193 pro
2398 2116 2759 2193 temporum
2805 2115 2869 2170 et
2909 2104 3237 2170 hominum

380 2215 580 2292 captu
622 2204 964 2290 utilitatem
1007 2206 1432 2293 praecipuam
1469 2207 1573 2287 iis,
1618 2207 1728 2294 qui
1772 2207 1955 2292 sequi
1998 2206 2339 2288 voluerint,
2383 2205 2545 2270 haec
2592 2206 2829 2270 scimus
2874 2226 3018 2269 esse
3065 2202 3309 2270 alla-15

375 2315 545 2369 tura.
625 2303 757 2369 Sed
798 2303 1110 2370 hactenus
1156 2305 1475 2393 quaedam
1524 2315 1954 2392 praenarrata
1992 2328 2136 2372 esse
2170 2304 2467 2388 sufficiat,
2510 2327 2683 2370 nunc
2705 2314 2965 2371 caetera
2991 2311 3235 2370 attente

383 2401 666 2468 audietis
710 2414 774 2468 et
817 2402 1105 2470 studiose
1152 2406 1574 2492 cognoscetis.

383 2639 437 2698 1.
507 2650 879 2698 OPORTERE
947 2651 1332 2701 STUDIOSOS
1399 2653 1732 2704 BONARUM
1792 2657 2059 2705 ARTIUM
2129 2658 2273 2705 TAM
2345 2656 2630 2705 PIETATI
2688 2599 2781 2706 ΕἸΓ
2836 2656 3237 2706 HONESTATI

775 2750 987 2798 VITAE
1032 2752 1227 2812 QUAu
1270 2752 1475 2801 BONIS
1520 2755 1795 2804 LITERIS
1839 2757 1928 2804 ΕΤ
1974 2756 2272 2805 ARTIBUS
2318 2755 2600 2806 OPERAM
2639 2757 2845 2806 DARE.

546 2881 874 2969 Discipuli
917 2883 1230 2949 bonarum
1276 2886 1511 2951 artium
1555 2886 1730 2954 nullo
1774 2887 1968 2955 modo
2010 2887 2343 2975 negligere
2385 2911 2609 2955 curam
2643 2890 2910 2977 pietatis
2947 2899 3012 2954 et
3032 2911 3229 2954 verae
3248 2896 3317 2952 20

380 2981 719 3069 religionis
766 2981 1004 3047 cultum
1052 2982 1310 3067 debent,
1357 2986 1473 3051 sed
1521 2989 1821 3074 inprimis
1865 2988 1951 3053 ad
1992 2987 2182 3054 deum
2224 2986 2589 3074 religiosae,
2635 2987 2722 3054 ad
2762 2988 3055 3054 homines
3097 2987 3232 3053 offi-

381 3083 593 3148 tiosae
612 3081 787 3147 vitae
829 3083 1457 3150 commendationem
1499 3086 1585 3151 ad
1630 3110 1700 3152 se
1742 3090 2009 3174 proprie
2054 3089 2379 3174 pertinere
2406 3088 2891 3170 existimabunt,
2920 3097 3115 3176 atque
3137 3089 3229 3153 ita

382 3182 621 3247 deinde
663 3183 901 3248 ardens
949 3183 1230 3248 studium
1273 3186 1592 3252 bonarum
1633 3187 1967 3253 literarum
2013 3196 2207 3275 atque
2252 3190 2493 3253 artium
2535 3188 2911 3275 adiungent.
2996 3189 3229 3253 Versa·

379 3281 624 3348 buntur
666 3303 816 3348 cum
858 3282 1240 3371 aequalibus
1281 3286 1614 3352 moderate
1656 3298 1721 3352 et
1762 3287 2054 3374 placide,
2114 3310 2273 3374 erga
2329 3289 2698 3375 superiores
2752 3286 3116 3353 verecunde
3168 3295 3235 3351 et

378 3390 756 3446 reverenter
799 3405 868 3448 se
910 3394 1156 3469 gerent,
1201 3387 1443 3449 nemini
1486 3408 1724 3471 graves
1764 3396 1880 3451 aut
1919 3385 2195 3468 molesti,
2240 3409 2321 3451 ac
2365 3389 2581 3474 potius
2622 3387 2795 3473 grati
2839 3386 3313 3474 iucundique25

377 3482 726 3546 universis.
808 3482 1343 3547 Ecclesiasticam
1390 3483 1752 3550 doctrinam
1796 3508 1927 3551 non
1970 3487 2187 3551 minus
2228 3485 2729 3571 frequentabunt
2772 3484 2996 3550 sedulo
3036 3507 3230 3573 quam

378 3580 860 3665 scholasticam,
903 3582 1285 3669 praesertim
1330 3583 1411 3647 iis
1455 3582 1705 3666 diebus,
1763 3585 1998 3671 quibus
2054 3584 2255 3649 feriae
2312 3585 2607 3650 solennes
2666 3583 3074 3651 celebrantur
3094 3634 3113 3666 ,
3169 3596 3235 3650 et

375 3683 648 3767 insuper
691 3681 796 3746 die
840 3691 1092 3768 quarto,
1137 3703 1327 3769 quem
1357 3680 1667 3749 Mercurii
1712 3685 1973 3749 nomine
2016 3681 2461 3769 appellarunt,
2503 3707 2629 3772 quo
2672 3684 2924 3771 placuit
2962 3693 3226 3750 nostrae

377 3781 857 3845 communitatis
902 3777 1029 3868 [42]
1062 3779 1417 3868 discipulos
1458 3780 1667 3847 iuberi
1711 3805 1939 3848 sacrae
1981 3783 2279 3847 concioni
2315 3783 2386 3847 in
2430 3784 2611 3866 aede,
2653 3807 2823 3873 quae
2864 3784 2930 3850 S.
2972 3783 3223 3849 Nicolai

375 3881 640 3946 nomine
679 3879 1034 3961 indicatur,
1088 3881 1456 3968 trequentes
1499 3883 1834 3948 interesse.
1920 3881 2119 3962 Quod
2159 3892 2377 3948 autem
2421 3881 2508 3948 ad
2553 3905 2813 3949 cursum
2858 3882 3221 3949 studiorum
3238 3892 3308 3949 30

378 3981 628 4062 attinet,
671 3981 1079 4066 praescripta
1122 3990 1186 4044 et
1227 3978 1491 4046 definita
1531 3982 1750 4047 omnia
1795 3992 1959 4047 sunt.

443 4218 500 4279 2.
543 4228 717 4289 Qun)
756 4229 1052 4279 mscnns
1094 4231 1424 4281 nausiam·
1466 4234 1537 4301 11,
1580 4234 1700 4295 Qm
1743 4233 2120 4283 BAcULARn
2161 4234 2350 4282 me
2393 4233 2805 4296 ALIQUANDO
2848 4234 3148 4284 vonum.

545 4362 771 4428 Prima
812 4364 1142 4452 inquisitio
1186 4366 1449 4453 publica
1502 4367 1578 4433 fit
1631 4368 1699 4432 in
1760 4367 1975 4433 studia
2034 4365 2533 4455 discipulorum,
2594 4390 2743 4433 cum
2798 4367 2997 4454 aliqui
3042 4369 3228 4453 quasi

377 4462 753 4527 tirocinium
814 4461 1139 4551 deponere
1179 4476 1243 4531 et
1294 4465 1613 4533 bacularii
1672 4467 1814 4532 fieri
1875 4476 1937 4531 et
1977 4466 2150 4531 hunc
2190 4466 2390 4532 veluti
2431 4465 2677 4532 aditum
2722 4466 2807 4533 ad
2835 4465 3082 4553 gradus
3118 4466 3230 4532 ho·

375 4585 609 4628 norum
668 4561 1201 4629 scholasticorum
1272 4565 1398 4631 sibi
1448 4567 1692 4654 aperiri
1753 4566 1978 4632 volunt
2033 4568 2346 4653 petitione
2407 4568 2667 4632 usitata.
2748 4566 2840 4631 Hi
2886 4566 3219 4632 doctrinae
3240 4575 3307 4631 35

379 4660 682 4749 publicae
727 4684 962 4748 operas
1004 4686 1120 4729 suo
1164 4668 1380 4731 cursui
1427 4667 1801 4752 propositas
1845 4687 1988 4730 esse
2048 4667 2257 4730 sciant
2307 4667 2497 4731 istas:
2570 4667 2850 4753 primum
2904 4688 3227 4752 gramma-

375 4762 548 4826 ticae
587 4782 864 4846 graecae
904 4771 968 4826 et
1004 4761 1264 4847 latinae,
1299 4766 1315 4806 ¹
1362 4763 1644 4830 secundo
1691 4763 2091 4846 dialecticae,
2135 4765 2323 4829 tertio
2390 4765 2683 4852 poeticae
2700 4815 2717 4847 ,
2805 4774 3035 4852 quarto
3106 4764 3228 4830 ele-

379 4869 742 4927 mentorum
766 4861 793 4902 ²
830 4860 1212 4946 rhetoricae,
1257 4864 1481 4951 quinto
1526 4862 1992 4929 elementorum
2028 4863 2539 4929 mathematicae.
2607 4863 2774 4930 Cum
2819 4872 3034 4928 autem
3080 4887 3229 4951 spa-

378 4963 542 5027 tium
583 4962 780 5026 trium
823 4962 1226 5031 semestrium
1271 4961 1357 5028 ad
1396 4963 1566 5028 hanc
1603 4965 1983 5050 petitionem
2027 4964 2438 5050 praefinitum
2483 4964 2584 5041 sit,
2628 4963 2876 5052 placuit
2921 4962 3113 5047 edici,
3158 4972 3229 5028 ut

555 5229 576 5280 1
617 5224 804 5281 Daffir
842 5226 915 5281 ist
948 5230 1135 5298 spiiter
1166 5226 1526 5299 geschrieben
1564 5229 1786 5299 linqua
1815 5228 2117 5300 uon-iusque.

553 5315 584 5366 2
619 5310 997 5366 mentorum
1033 5311 1106 5366 ist
1140 5315 1328 5383 spiiter
1360 5310 1797 5384 ausgestrichen.
