4038 6358
1299 587 1402 637 Die
1440 585 1683 638 statuten
1719 602 1824 638 von
1864 586 2203 640 1497-1537.
3059 592 3180 655 237

276 764 605 836 offendat
675 778 795 834 aut
848 769 1143 836 molestet
1199 767 1399 834 verbo
1449 767 1552 833 vel
1609 769 1780 834 facto
1792 818 1811 850 ,
1874 779 1986 834 aut
2046 768 2291 857 aliquid
2346 769 2707 835 convicium
2759 769 2862 834 vel
2915 769 3188 836 verbum

276 865 721 932 iniuriosum
766 867 893 933 sibi
936 868 1129 935 dicat.
1210 869 1299 934 Et
1344 870 1399 933 si
1443 869 1858 955 praepositus
1914 877 2026 933 aut
2082 870 2297 935 senior
2347 869 2416 933 in
2472 870 2832 957 praepositi
2888 868 3185 935 absentia

278 985 533 1051 pacem
587 975 671 1031 et
722 967 1047 1048 silentium
1084 967 1202 1034 tali
1245 966 1765 1049 demandaverit,
1825 969 1930 1031 cui
1973 969 2029 1032 si
2071 991 2201 1035 non
2246 966 2625 1051 obediverit,
2670 977 2906 1034 extunc
2946 971 3015 1035 in
3051 993 3183 1035 una

282 1086 664 1150 sexagena
711 1090 886 1133 nova
937 1070 1261 1156 puniatur,
1309 1075 1421 1131 aut
1464 1064 1547 1130 ab
1590 1064 2033 1133 emolumentis
2077 1066 2372 1133 omnibus
2418 1066 2674 1156 collegii
2726 1090 2844 1155 per
2895 1091 3183 1134 mensem

281 1163 790 1250 suspendatur.
836 1204 912 1214 —
975 1167 1139 1233 Item
1183 1164 1462 1232 secundo
1503 1164 1769 1252 placuit,
1810 1166 1980 1253 quod
2023 1177 2328 1232 statutum
2369 1167 2670 1249 iuratum,
2716 1189 2842 1252 quo
2891 1177 3176 1251 cavetur,
3230 1177 3262 1232 5

284 1273 359 1327 ut
401 1265 803 1330 novissime
845 1269 1094 1332 intrans
1139 1266 1400 1332 ultimus
1446 1266 1685 1330 existat
1737 1288 1849 1330 seu
1900 1265 2128 1331 haberi
2182 1265 2418 1331 debeat
2459 1275 2600 1349 etc.,
2649 1268 3184 1353 interpretaretur

288 1371 355 1427 et
399 1361 830 1448 declaretur,
885 1364 1058 1454 quod
1101 1377 1376 1452 protunc
1419 1363 1540 1429 hoc
1579 1363 1787 1446 modo,
1830 1375 1901 1429 ut
1944 1368 2248 1452 sequitur,
2301 1375 2398 1431 est
2438 1367 2934 1452 interpretatum
2973 1375 3036 1431 et
3074 1365 3182 1430 de·

288 1461 666 1547 claratum,
729 1476 800 1530 ut
845 1464 1090 1531 scilicet
1128 1466 1480 1530 novissime
1524 1467 1774 1529 intrans
1812 1466 1879 1529 in
1920 1465 2490 1531 convocationibus
2544 1474 2608 1530 et
2648 1466 2717 1529 in
2772 1464 3066 1552 prandiis
3108 1465 3178 1529 in

292 1559 585 1648 collegio
602 1612 625 1646 ,
689 1563 1059 1652 ubicunqu‘e
1110 1564 1269 1631 talia
1325 1564 1593 1646 fuerint,
1649 1574 1795 1650 post
1854 1586 2004 1630 suos
2059 1565 2366 1631 electores
2418 1563 2522 1631 vel
2577 1565 2860 1631 seniores
2917 1562 3181 1630 ultimus

294 1662 572 1731 existat.
3205 1673 3270 1729 10

470 1801 582 1864 34.
644 1794 775 1882 [ΒΙ.
806 1794 940 1886 11³]
983 1798 1174 1862 Anno
1212 1796 1438 1863 salutis
1483 1796 1875 1861 christianae
1912 1803 2065 1866 1512
2109 1797 2272 1861 feria
2310 1807 2540 1884 quarta
2579 1808 2728 1885 post
2747 1798 3186 1863 Reminiscere

301 1897 503 1975 (1512
551 1902 618 1958 d.
679 1903 774 1962 10.
815 1894 1027 1984 Miirz)
1072 1896 1320 1984 placuit
1359 1905 1422 1960 et
1465 1895 1836 1961 conclusum
1880 1904 1978 1960 est
2015 1895 2423 1962 concorditer
2466 1889 2584 1984 per
2628 1920 2848 1968 omnes
2894 1896 3189 1962 dominos

304 2005 458 2057 tunc
507 2005 930 2081 praesenteS,
989 1997 1161 2083 quod
1220 1996 1652 2061 habitationes
1708 1993 2023 2059 stubellac
2075 1997 2142 2060 in
2188 1996 2458 2081 collegio
2510 1995 2800 2061 locentur
2857 1998 3186 2083 magistris

303 2104 417 2158 aut
458 2095 535 2157 in
586 2094 861 2160 defectu
904 2097 1362 2181 magistrorum
1405 2096 1703 2183 personis
1743 2093 2028 2159 honestis
2074 2081 2153 2158 et⁸
2180 2097 2469 2178 maturis,
2511 2105 2575 2161 et
2618 2095 2793 2182 quod
2836 2105 3188 2161 conventor

307 2194 373 2257 in
413 2194 773 2281 principio
813 2197 1186 2261 mutationis
1230 2197 1602 2283 praeposito
1655 2203 1718 2258 et
1774 2194 1908 2257 suis
1961 2193 2240 2259 aedituis
2299 2204 2667 2280 praesentet
2721 2196 2982 2260 nomina
3042 2203 3269 2281 per-15

310 2315 663 2376 sonarum,
731 2292 966 2380 quibus
1020 2293 1455 2360 habitationes
1514 2294 1784 2375 locavit,
1851 2291 1971 2357 sub
2015 2314 2228 2379 poena
2287 2292 2595 2358 dictanda
2655 2316 2772 2380 per
2829 2292 3187 2380 collegium.

313 2392 489 2458 Nulli
542 2415 818 2481 quoque
856 2393 1024 2458 locet
1065 2393 1349 2482 aliquam
1374 2393 1853 2474 habitationem,
1896 2393 2022 2456 nisi
2069 2395 2404 2478 promittat
2443 2393 2627 2457 iuxta
2667 2402 2955 2458 tenorem
2986 2403 3183 2459 statu-

312 2505 529 2557 torum
575 2494 1176 2579 infrascriptorum,
1220 2494 1700 2581 respicientium
1742 2493 2081 2578 supposita
2123 2490 2466 2577 collegium
2506 2493 2936 2558 immorantia.

481 2642 693 2708 Anno
742 2641 987 2725 eodem,
1045 2641 1318 2708 sabbato
1359 2646 1425 2708 in
1470 2642 1698 2729 vigilia
1735 2639 1964 2707 Iudica
2005 2643 2197 2718 (1512
2239 2648 2295 2704 d.
2339 2647 2437 2708 27.
2481 2647 2688 2720 Mlirz)
2746 2644 2814 2706 in
2870 2665 3183 2709 convoca-

320 2743 495 2808 tione
554 2743 770 2809 totius
827 2743 1271 2808 universitatis
1332 2742 1419 2808 ad
1479 2742 1603 2806 hoc
1667 2740 2036 2828 specialiter
2095 2741 2268 2805 facta
2323 2740 2727 2807 concorditer
2785 2764 2903 2829 per
2960 2764 3180 2808 omnes
3201 2751 3269 2807 20

323 2852 606 2928 quatuor
654 2843 968 2907 naciones
1020 2843 1286 2929 antiqua
1341 2841 1734 2907 consuetudo
1793 2850 1857 2906 et
1910 2839 2270 2905 iurisdictio
2316 2840 2718 2907 dominorum
2777 2840 2858 2906 de
2917 2840 3185 2928 collegio

328 2941 678 3027 principis,
737 2963 931 3028 quam
971 2940 1212 3006 habent
1261 2941 1331 3005 in
1374 2939 1761 3005 excedentes
1805 2942 1872 3004 in
1916 2937 2208 3025 collegio,
2250 2962 2500 3005 necnon
2539 2942 2875 3024 sententia,
2917 2963 3035 3028 per
3076 2940 3186 3006 do-

327 3041 535 3105 minos
583 3039 673 3104 de
720 3039 993 3126 collegio
1025 3041 1090 3105 in
1120 3039 1455 3128 quosdam,
1499 3042 1610 3126 qui
1651 3040 1944 3105 fecerunt
1983 3049 2368 3104 nocturnum
2407 3041 2718 3127 impetum
2757 3042 2827 3105 in
2867 3039 3187 3128 quendam

333 3140 721 3227 magistrum
784 3149 846 3206 et
901 3139 1418 3222 baccalaureum,
1471 3137 1653 3222 data,
1714 3149 1811 3204 est
1868 3139 2262 3225 approbata,
2321 3149 2390 3205 ut
2444 3140 2633 3205 latius
2693 3150 2872 3227 patet
2913 3142 2981 3207 in
3023 3139 3188 3207 libro

334 3241 795 3307 conclusorum
836 3241 1277 3306 universitatis
1318 3238 1428 3304 fol.
1483 3246 1616 3306 154.
3205 3250 3272 3309 25

493 3380 600 3443 35.
670 3373 863 3440 Anno
918 3373 1162 3441 domini
1224 3380 1399 3457 1519,
1463 3373 1569 3438 die
1628 3397 1781 3439 vero
1849 3373 2088 3438 mensis
2143 3371 2394 3460 Aprilis
2451 3372 2833 3439 duodecima
2893 3371 3084 3459 (1519
3126 3381 3185 3437 d.

342 3477 429 3539 12.
467 3472 710 3562 April),
769 3475 888 3540 sub
934 3476 1389 3561 praepositura
1428 3474 1723 3561 magistri
1766 3470 2072 3558 Gregorii
2112 3471 2502 3560 Breytkoph
2546 3471 2627 3537 de
2665 3472 2905 3541 Konitz
2948 3475 3019 3538 in
3060 3472 3184 3539 col·

338 3570 486 3657 legii
527 3576 1015 3655 convocatione,
1059 3574 1232 3639 facta
1276 3595 1396 3661 per
1442 3572 1634 3638 talem
1681 3582 1999 3637 tenorem:
2043 3570 2462 3653 „Reverende
2499 3574 2827 3661 magister,
2872 3574 3011 3639 sitis
3057 3582 3184 3639 sta·

341 3672 451 3736 tim
489 3673 562 3737 in
616 3672 901 3760 prandio
945 3671 1144 3739 horae
1187 3672 1604 3741 duodecimae
1660 3670 1969 3737 hodierno
2012 3672 2080 3734 in
2121 3672 2466 3758 vaporatio
2510 3673 2867 3759 praepositi
2906 3673 2993 3739 ad
3037 3695 3185 3738 con·

346 3768 678 3836 sulendum
741 3795 933 3860 super
992 3772 1223 3838 litteris
1291 3774 1509 3837 missis
1576 3767 1742 3859 [11¹²]
1811 3793 1893 3835 ex
1960 3769 2151 3856 proia
2205 3779 2268 3834 et
2342 3770 2519 3854 aliis,
2594 3770 2711 3835 sub
2777 3795 2989 3858 poena
3054 3795 3181 3838 non
3201 3782 3269 3838 30

348 3870 830 3937 contradicendi
845 3872 906 3954 ,“
990 3872 1109 3937 fuit
1186 3872 1590 3938 concorditer
1654 3869 2026 3936 conclusum
2112 3891 2231 3956 per
2307 3891 2528 3935 ornnes
2593 3882 2963 3956 praesentes
3033 3881 3185 3937 tunc

350 3966 683 4056 collegium
727 3981 1308 4058 repraesentantes,
1365 3980 1435 4037 ut
1476 3972 1888 4059 praepositus
1932 3992 1973 4034 a
2014 3967 2142 4033 fine
2185 3970 2282 4034 sui
2327 3969 2519 4034 officii
2562 3971 2737 4034 intra
2774 3992 3059 4035 mensem
3105 3969 3186 4037 de

351 4072 668 4156 perceptis
713 4080 780 4135 et
819 4072 1134 4157 expositis
1179 4073 1700 4159 supputationem
1742 4077 1897 4156 agat
1936 4079 1999 4133 et
2042 4067 2302 4133 realiter
2346 4092 2491 4133 cum
2535 4070 2765 4134 effectu
2808 4070 3185 4155 satisfaciat,

353 4165 461 4231 sub
503 4191 721 4254 poena
764 4172 1200 4258 suspensionis
1240 4170 1665 4261 ab‘omnibus
1707 4168 2148 4235 emolumentis
2190 4166 2462 4254 collegii,
2503 4168 2708 4235 donec
2742 4169 2904 4235 haec
2942 4168 3184 4253 fecerit,

355 4266 471 4330 nisi
511 4289 596 4332 ex
638 4268 1136 4336 rationabilibus
1180 4271 1393 4336 causis
1440 4293 1481 4335 a
1526 4279 1660 4335 toto
1704 4267 1976 4354 collegio
2026 4268 2371 4332 terminum
2415 4267 2762 4334 obtinuerit
2808 4268 3182 4357 longiorem.
3202 4278 3267 4336 35

354 4361 433 4428 Et
483 4368 551 4431 in
606 4367 783 4434 illius
839 4372 1221 4457 praesencia
1272 4392 1437 4457 quae
1493 4368 1927 4456 superfuerint
1982 4369 2050 4432 in
2104 4369 2331 4432 cistam
2387 4367 2640 4453 collegii
2692 4370 3013 4455 imponat,
3070 4368 3184 4434 ali-

360 4485 476 4550 qua
513 4476 734 4533 tamen
776 4479 981 4557 parte,
1037 4473 1093 4535 si
1147 4469 1583 4535 necessarium
1626 4469 1836 4534 visum
1884 4468 2105 4552 fuerit,
2161 4469 2519 4534 successori
2575 4492 2696 4556 pro
2751 4468 3004 4555 collegii
3062 4491 3184 4533 usu

360 4577 700 4633 reservata.

511 4706 604 4770 36.
651 4699 776 4790 [Bl.
826 4701 967 4791 12⁸]
1022 4702 1267 4785 Placet,
1320 4703 1681 4790 quicunque
1720 4700 2053 4788 sponsalia
2095 4698 2198 4766 vel
2242 4702 2719 4768 matrimonium
2763 4701 3176 4784 contraxerit,

364 4795 441 4861 ad
477 4800 959 4890 collegiatus-am
1001 4803 1084 4868 sit
1125 4801 1416 4867 inabilis:
1480 4800 1965 4888 collegiaturam
2005 4810 2219 4866 autem
2270 4811 2418 4865 actu
2460 4799 2705 4865 habens
2752 4802 2808 4865 si
2857 4802 3182 4868 matrimo-
3201 4812 3270 4869 40

365 4896 527 4963 nium
569 4904 987 4987 contraxerit,
1045 4912 1388 4990 postquam
1444 4899 1513 4967 id
1570 4901 1935 4983 innotuerit,
1993 4901 2077 4965 sit
2120 4898 2540 4987 collegiatura
2579 4909 2643 4965 et
2685 4901 2972 4966 eiusdem
3015 4924 3182 4968 emo·

367 4990 646 5065 lumentis
700 5004 1017 5090 privatus,
1071 5010 1145 5068 ut
1196 5001 1451 5093 alioqui·
1495 4998 1887 5069 consuetudo
1938 4998 2137 5066 habet
2188 5009 2254 5065 et
2311 5000 2627 5087 principis
2676 4997 2901 5066 literae
2959 5001 3184 5067 confir·

372 5108 624 5165 marunt.
