4038 6358
1184 640 1278 690 mit
1311 639 1842 692 Zusatsbesehlfissen
1875 642 1956 692 bis
1991 656 2111 692 sum
2144 641 2309 693 Jahre
2349 647 2491 693 1490.
3168 642 3249 708 59

597 827 700 888 Bis
753 825 996 886 uerben-
1050 826 1128 886 ist
1182 827 1294 886 aas
1335 845 1528 903 yeme
1579 826 2004 886 Stamenbuch
2056 847 2170 886 von
2212 827 2378 886 einer
2417 829 2544 886 und
2582 825 2885 886 dev-selben
2926 827 3124 884 Hand
3156 845 3257 902 90·

393 928 756 988 sehr-ieban-
847 927 964 986 Bes·
1003 929 1120 986 den
1161 926 1464 1000 Ανίῦεοῑη,
1505 929 1719 988 welche
1743 929 1988 1005 solym,
2028 929 2315 988 weclaseln
2352 927 2450 988 die
2490 929 2715 986 Ηᾶπάε
2741 926 3060 1002 jedesmal.

1194 1092 1291 1154 18.
1331 1087 1451 1180 [ΒῙ.
1491 1089 1631 1179 lssb]
1661 1093 1680 1134 ¹
1735 1109 1877 1160 Vom
1912 1109 1994 1162 20.
2030 1111 2319 1161 December
2356 1109 2503 1162 1458.

593 1223 779 1290 Anno
832 1220 1078 1288 domini
1131 1221 1470 1289 millesimo
1524 1223 1736 1290 cccc⁰
1785 1243 1956 1290 Lvm
1970 1273 1990 1307 ,
2052 1223 2158 1290 die
2212 1225 2524 1291 vicesima
2576 1223 2813 1290 mensis
2858 1219 3269 1306 Decembris,

387 1326 478 1390 in
527 1321 828 1410 generali
872 1323 1344 1388 convocaeione
1385 1323 1858 1407 universitatis,
1909 1324 2276 1411 specialiter
2318 1323 2405 1388 ad
2446 1323 2570 1389 hoc
2605 1324 2780 1388 facta
2794 1371 2812 1405 ,
2857 1331 2929 1387 ut
2970 1319 3267 1386 dissoluti
3285 1330 3317 1384 5

387 1445 642 1488 mores
698 1430 761 1487 et
820 1420 1224 1508 periculosae
1276 1423 1635 1508 vaganciae
1694 1422 2100 1512 quorundam
2156 1422 2558 1490 studencium
2616 1422 2785 1488 ultra
2830 1421 3100 1509 antiqua
3141 1430 3267 1486 sta-

391 1533 570 1588 tuta
611 1523 824 1608 magis
871 1521 1171 1609 specifice
1217 1531 1581 1606 arceantur,
1624 1523 1738 1610 qui
1777 1545 1896 1610 per
1939 1519 2203 1607 aliquod
2242 1532 2497 1610 tempus
2538 1522 2809 1588 nimium
2838 1520 3269 1604 invaluerunt,

395 1621 839 1690 concorditer
881 1620 1252 1687 conclusum
1292 1621 1444 1686 fuit:

603 1731 660 1790 1.
707 1721 932 1788 Primo
982 1721 1156 1810 quod
1210 1721 1480 1808 quilibet
1531 1721 1798 1788 studens
1854 1723 2031 1788 omni
2072 1724 2437 1788 mutacione
2476 1723 2545 1786 in
2584 1721 3007 1786 universitate
3046 1718 3264 1784 lectio-

394 1847 574 1890 nem
621 1820 726 1889 vel
763 1821 1072 1888 lectiones
1115 1820 1339 1886 audiat
1377 1823 1447 1885 in
1495 1821 1712 1906 aliqua
1747 1819 2082 1903 facultate,
2148 1830 2213 1886 et
2264 1821 2410 1887 aliis
2469 1819 2719 1885 actibus
2772 1841 2885 1884 seu
2924 1819 3263 1885 exerciciis
3289 1827 3354 1882 10

401 1923 789 1990 scolasticis
834 1943 1100 2010 operam
1139 1920 1501 2008 impendat,
1545 1919 1666 1985 sub
1710 1943 1924 2009 poena
1965 1920 2391 2008 relegacionis
2436 1919 2522 1985 ad
2562 1928 2866 2007 parentes
2890 1920 2915 1961 ²
2925 1968 2945 2003 ,
2987 1919 3045 1984 si
3078 1939 3275 2006 super

405 2024 554 2090 hoc
597 2023 885 2088 monitus
929 2043 1000 2086 se
1039 2042 1170 2086 non
1213 2021 1539 2086 curaverit
1580 2019 1944 2086 emendare.

597 2129 662 2190 2.
713 2123 878 2188 Item
927 2119 1174 2187 nullum
1227 2121 1672 2186 universitatis
1730 2121 2140 2209 suppositum
2184 2117 2407 2184 sedeat
2446 2120 2516 2184 in
2556 2117 2890 2185 thabernis
2934 2125 3047 2184 aut
3086 2115 3275 2184 cella-

401 2225 538 2289 riis
592 2221 892 2311 publicis,
933 2229 1126 2286 nocte
1153 2219 1260 2286 vel
1296 2220 1421 2303 die,
1461 2223 1976 2288 comessaciones
2011 2228 2127 2285 aut
2152 2217 2531 2284 collaciones
2556 2219 3014 2285 thabernarias
3034 2217 3274 2283 facien-

405 2323 524 2408 do,
571 2343 702 2388 nec
737 2344 808 2387 se
841 2321 935 2388 ibi
955 2321 1252 2408 personis
1273 2321 1636 2406 prostitutis
1659 2323 1936 2389 associet
1955 2318 2383 2407 impudenter,
2424 2318 2545 2384 sub
2567 2341 2781 2408 poena
2806 2321 2999 2385 unius
3020 2316 3270 2383 floreni.
3294 2324 3357 2380 15

593 2429 653 2492 3.
708 2422 870 2486 Item
911 2418 1158 2485 nullum
1198 2421 1640 2484 universitatis
1683 2422 2093 2508 suppositum
2138 2443 2284 2486 eum
2324 2421 2629 2484 rosta-atis
2666 2417 2901 2484 calceis
2917 2467 2935 2501 ,
2986 2439 3133 2484 cum
3172 2425 3273 2480 tu-

405 2525 592 2590 nicis
647 2522 854 2587 nimia
907 2519 1230 2586 brevitate
1283 2521 1523 2585 notatis
1575 2529 1690 2585 aut
1743 2543 1892 2587 cum
1943 2519 2161 2608 palliis
2204 2519 2561 2586 lateraliter
2604 2519 2847 2607 apertis
2890 2527 3003 2583 aut
3044 2515 3271 2582 sericis

407 2645 556 2689 ma·
573 2621 684 2711 [17
699 2617 752 2709 ⁸]
765 2621 934 2686 nicis
965 2639 1172 2707 usque
1211 2619 1298 2684 ad
1337 2619 1642 2706 scapulas
1685 2624 1824 2686 sive
1863 2619 1948 2687 ad
1989 2618 2279 2687 cubitum
2324 2619 2759 2708 semiapertis,
2816 2619 2957 2683 sive
2996 2614 3277 2683 colleriis

421 2721 818 2788 cancellatis
834 2769 852 2802 ‚
915 2720 1054 2786 sive
1095 2717 1244 2784 aliis
1283 2718 1577 2784 vestibus
1617 2720 2065 2786 indecentibus
2108 2719 2367 2807 publice
2407 2717 2701 2802 incedat,
2762 2717 2883 2784 sub
2932 2739 3141 2805 poena
3182 2714 3277 2780 di·

413 2822 622 2888 midii
659 2819 892 2886 floreni
904 2868 923 2902 ‚
963 2819 1210 2887 tociens
1251 2821 1560 2907 quociens
1603 2841 1798 2909 super
1839 2819 1951 2886 illo
1995 2818 2457 2887 denuncciatus
2498 2819 2693 2884 fuerit
2734 2827 2799 2883 et
2838 2819 3189 2884 convictus.
3293 2822 3361 2880 Z)

595 2929 659 2990 4.
717 2920 884 2985 Item
937 2917 1184 2986 nullum
1223 2920 1664 2986 universitatis
1710 2921 2119 3008 suppositum
2166 2923 2235 2986 in
2277 2919 2421 2986 loco
2466 2928 2767 3006 suspecto
2810 2939 2989 2983 more
3030 2914 3275 3005 publici

423 3020 820 3088 scortatoris
870 3040 990 3105 per
1042 3026 1266 3084 noctes
1319 3029 1432 3084 aut
1472 3019 1610 3084 dies
1653 3022 1951 3087 continue
1994 3019 2363 3086 demoretur
2378 3067 2395 3101 ,
2452 3039 2573 3083 nec
2622 3021 2880 3084 bursam
2924 3016 3017 3082 ibi
3058 3014 3164 3080 vel
3207 3016 3275 3080 in

421 3122 802 3210 propinquo
857 3128 1062 3207 ponat
1115 3126 1232 3183 aut
1283 3115 1757 3187 habitacionem
1815 3121 2157 3187 conveniat
2206 3129 2535 3207 tamquam
2587 3117 3011 3208 turpitudinis
3065 3116 3272 3204 inqui-

420 3221 604 3287 linus
617 3270 638 3303 ,
681 3218 804 3289 sub
850 3240 1062 3305 poena
1103 3217 1386 3285 duorum
1425 3220 1814 3287 florenorum
1855 3222 2101 3287 tociens
2145 3222 2470 3309 quociens.

599 3328 640 3386 5
655 3334 702 3383 ⁸.
757 3317 922 3384 Item
963 3316 1236 3406 quilibet
1271 3319 1566 3403 studens,
1623 3321 1735 3407 qui
1773 3330 2043 3407 propter
2086 3320 2365 3410 aliquem
2404 3342 2742 3385 excessum
2783 3326 3166 3383 nocturnum
3208 3323 3273 3379 et
3290 3322 3355 3380 25

433 3420 780 3511 publicum
817 3416 924 3483 bis
941 3420 968 3462 ³
1007 3418 1278 3505 punitus
1323 3428 1422 3485 est
1461 3440 1580 3507 per
1625 3422 2142 3502 universitatem,
2188 3420 2245 3486 si
2284 3422 2355 3485 in
2394 3419 2616 3487 eodem
2656 3418 2761 3485 vel
2805 3415 3123 3483 consimili
3168 3437 3277 3480 ex-

432 3544 631 3589 cessu
673 3521 912 3585 iterum
951 3516 1394 3605 deprehensus
1431 3519 1629 3584 fixerit
1643 3568 1662 3603 ,
1701 3521 1855 3608 quia
1893 3522 1988 3587 sic
2024 3520 2493 3607 incorrigibilis
2534 3519 2999 3606 praesumitur,
3044 3516 3129 3583 ad
3166 3536 3279 3602 pa-

435 3630 660 3689 rentes
702 3618 1090 3684 remittatur.

607 3727 648 3787 5
663 3722 714 3782 δ.
769 3716 858 3782 Et
912 3716 1087 3805 quod
1137 3724 1349 3781 rector
1403 3719 1490 3783 sit
1532 3720 1836 3785 astrictus
1873 3716 2021 3784 illos
2036 3766 2055 3801 ,
2117 3740 2277 3807 quos
2322 3718 2441 3784 sub
2482 3740 2597 3785 suo
2635 3726 2961 3784 rectoratu
3000 3713 3285 3804 punierit

439 3830 508 3886 et
545 3840 784 3907 quare,
828 3817 918 3883 ad
954 3816 1500 3905 praesentandum
1543 3818 1612 3883 in
1653 3818 1914 3905 scriptis
1959 3839 2077 3883 suo
2120 3820 2495 3884 successori.
3297 3822 3368 3879 30

605 3926 670 3989 6.
723 3916 888 3983 Item
945 3916 1190 3982 nullum
1245 3918 1686 3984 universitatis
1739 3918 2148 4005 suppositum
2206 3917 2445 3983 alicubi
2497 3916 2717 3984 ludum
2772 3925 3077 3983 exerceat
3090 3964 3109 3999 ‚
3160 3912 3283 3981 sub

441 4040 657 4106 poena
695 4018 886 4083 unius
927 4016 1177 4085 floreni.
1203 4016 1230 4059 ⁴

607 4124 668 4184 7.
716 4117 882 4183 Item
925 4115 1196 4205 quilibet
1239 4138 1504 4182 currens
1547 4116 1629 4181 de
1670 4126 1860 4184 nocte
1898 4125 2047 4206 post
2086 4116 2346 4205 pulsum
2388 4114 2491 4181 vel
2536 4126 2685 4183 ante
2727 4114 2947 4181 velata
2972 4114 3145 4180 facie
3174 4122 3286 4179 aut

446 4242 588 4285 cum
631 4218 864 4299 armis,
923 4226 1038 4282 aut
1079 4212 1253 4304 [17¹²]
1298 4217 1618 4282 suscitans
1659 4217 1976 4283 clamores
2015 4216 2389 4299 horribiles,
2434 4226 2549 4281 aut
2586 4218 2657 4283 in
2696 4236 3083 4304 quocunque
3119 4215 3282 4279 fore-

443 4319 616 4386 facto
661 4315 1104 4405 deprehensus
1141 4314 1371 4397 fuerit,
1411 4316 1483 4382 in
1521 4338 1654 4383 una
1692 4339 2029 4404 sexagena
2066 4338 2241 4383 nova
2280 4318 2603 4404 puniatur.
3301 4320 3368 4377 35

1391 4472 1484 4534 19.
1507 4469 1533 4509 ⁵
1589 4486 1730 4539 Vom
1765 4487 1812 4539 4.
1850 4488 2159 4551 September
2198 4486 2342 4539 1466.

615 4598 809 4665 Anno
888 4595 1130 4663 domini
1185 4597 1525 4665 millesimo
1588 4600 2223 4688 quadringentesimo
2278 4600 2873 4687 sexagesimosexto
2890 4647 2907 4681 ,
2934 4644 2939 4649 -
2964 4595 3073 4663 die
3124 4616 3281 4663 vero

449 4696 620 4765 Iovis
661 4706 900 4783 quarta
939 4698 1184 4763 mensis
1219 4696 1642 4785 Septembris,
1685 4701 1756 4765 iu
1793 4700 2085 4787 generali
2125 4701 2597 4767 convocacione
2634 4698 3098 4779 universitatis,
3144 4717 3285 4784 spe-

585 4920 605 4970 1
647 4912 759 4971 Am
793 4912 990 4969 Raude
1027 4912 1248 4983 hqd-or.

583 5004 615 5055 2
649 4998 773 5053 Das
807 4996 1060 5069 Original
1093 4996 1194 5051 hat
1219 5004 1413 5068 partes
1427 5037 1442 5065 ,
1475 5014 1590 5053 was
1621 4996 1768 5053 auch
1803 4998 1894 5054 die
1929 4997 2222 5055 Abechrift
2256 5017 2366 5055 von
2405 5004 2531 5055 1500
2566 4994 2913 5053 beibehalten
2944 4994 3061 5050 hat.

582 5087 613 5138 3
648 5082 733 5136 Im
771 5078 1024 5153 original
1058 5078 1206 5136 steht
1237 5099 1336 5137 vor
1370 5082 1454 5136 bis
1487 5079 1632 5136 noch
1665 5084 1732 5153 si,
1773 5083 1885 5137 und
1917 5086 2104 5154 spiiter
2128 5092 2321 5156 partes
2345 5088 2483 5137 statt
2512 5090 2783 5154 parentes.
2843 5080 3014 5135 Beide
3038 5078 3288 5136 Schreib-

461 5162 624 5221 fehler
657 5166 866 5239 gingen
902 5162 1046 5221 auch
1081 5165 1140 5218 in
1172 5163 1264 5221 die
1286 5164 1594 5221 Redaction
1617 5164 1714 5221 der
1737 5166 1996 5223 Statuten
2021 5184 2130 5223 von
2161 5172 2284 5223 1500
2308 5166 2471 5237 iiber,
2504 5166 2617 5221 und
2650 5184 2757 5220 nur
2790 5166 2888 5221 der
2910 5168 3111 5221 erstere
3134 5163 3285 5219 ward

461 5248 515 5305 in
543 5250 718 5307 dieser
751 5254 938 5321 spata·
969 5246 1146 5303 durch
1180 5248 1452 5306 Radieren
1487 5248 1747 5306 entfernt.

582 5332 2038 5392 4Hiernaehsindmderthalbzeilenausradiert.
2312 5332 2976 5403 samnaudekqmr.
