4038 6358
1168 615 1337 673 Achte
1373 615 1895 678 statuteuredsction,
1927 630 2053 668 vom
2086 614 2249 670 Jahre
2293 611 2435 668 1558.
3096 602 3217 667 523

349 801 595 887 stimi,
632 802 724 869 ita
759 811 977 870 tamen
1018 813 1091 871 ιιι
1130 803 1398 871 idoneus
1415 854 1433 888 ,
1477 824 1669 890 quem
1710 800 2054 868 admodum
2098 798 2338 866 dictum
2392 808 2520 880 est,
2577 793 3016 862 substituatur.
3110 783 3217 854 Do

353 923 507 990 quo
551 905 607 968 si
647 903 814 969 forte
858 914 1225 993 quaeratur,
1265 904 1778 990 surrogationem
1819 903 2076 989 longius
2120 904 2315 967 etiam
2358 898 2607 965 differri
2645 895 2855 960 liceat.

549 1002 681 1083 Qui
721 1011 990 1068 mortem
1036 1004 1304 1086 obeunt,
1351 1003 1653 1091 quoniam
1695 1025 1814 1068 sua
1855 1010 2084 1089 sponte
2124 1024 2253 1066 non
2301 997 2619 1064 decedunt
2659 1016 2862 1080 neque
2904 991 3070 1056 ultro
3113 1011 3209 1053 re·

353 1099 678 1188 linquunt
714 1101 927 1167 locum
970 1125 1183 1185 suum,
1227 1102 1308 1167 de
1349 1104 1442 1168 eis
1498 1100 1759 1188 publica
1808 1101 2272 1167 deliberatione
2331 1098 2781 1174 constituetur,
2840 1090 3027 1179 quid,
3087 1110 3212 1174 quo

355 1210 574 1287 pacto
601 1197 734 1287 [17]
767 1223 889 1288 pro
924 1201 1182 1267 fortuna
1214 1212 1278 1268 et
1307 1200 1670 1268 conditione
1711 1202 2018 1288 cuiusque
2060 1198 2447 1266 haeredibus
2487 1195 2764 1279 benigne
2804 1190 2944 1256 fieri
2975 1211 3014 1252 a
3041 1211 3211 1253 com·
3263 1193 3297 1248 5

355 1301 692 1366 munitate
748 1309 921 1365 recte
980 1324 1174 1388 posse
1210 1302 1522 1367 videatur.
1608 1300 1904 1387 Aequum
1965 1309 2180 1365 autem
2239 1307 2366 1380 est,
2428 1297 2495 1360 in
2554 1291 3005 1359 communitate
3059 1311 3214 1352 una-

361 1421 637 1487 quaque
668 1399 958 1485 singulos
987 1411 1293 1486 tanquam
1321 1400 1615 1467 membra
1650 1402 1941 1487 corporis
1975 1402 2165 1464 unius
2207 1397 2412 1462 foveri
2460 1401 2850 1481 praesente8‚
2896 1400 2958 1453 et
3000 1387 3214 1452 adem-

362 1499 467 1562 tis
509 1521 656 1562 cum
698 1499 1038 1564 affectione
1095 1499 1581 1567 benevolentiae
1632 1500 1834 1566 offitia
1885 1499 2144 1586 pietatis
2202 1495 2555 1584 praestari3
2614 1490 2808 1577 idque
2865 1491 2935 1554 in
2990 1496 3215 1552 nostra

368 1598 875 1680 communitate,
937 1600 1117 1664 cuius
1176 1609 1274 1665 est
1323 1600 1743 1665 humanitatis
1800 1608 1865 1664 et
1919 1599 2236 1665 bonarum
2282 1596 2515 1662 artium
2562 1592 2829 1682 propria
2872 1587 3212 1676 professio,

377 1695 739 1763 studiosius
783 1699 974 1763 etiam
1019 1710 1082 1763 et
1123 1699 1440 1785 prolixius
1486 1699 1627 1765 fieri
1671 1722 1794 1787 par
1838 1708 1937 1764 est
1978 1721 2057 1764 ac
2102 1697 2304 1763 dccet.
3237 1693 3297 1748 ¹⁰

797 1883 889 1930 DE
932 1879 1248 1932 Punmcls
1292 1882 1921 1932 DISPUTATIONIBUS
1973 1882 2068 1930 ΕΤ
2120 1877 2795 1930 DECLAMATIONIBUS.

1603 2003 1811 2066 Caput
1856 2003 1980 2053 VII.

549 2113 972 2182 Necessariae
1016 2126 1165 2182 sunt
1203 2118 1268 2182 in
1313 2116 1711 2183 scholasticis
1768 2116 2379 2203 congregationibus
2439 2111 2524 2179 ad
2579 2134 2761 2200 spem
2819 2109 3215 2197 progressio-

373 2237 535 2279 num
581 2216 1074 2281 exercitationes
1120 2216 1497 2282 dialecticae
1543 2226 1605 2281 et
1642 2217 2034 2300 rhetoricae,
2090 2238 2254 2303 quae
2299 2223 2445 2280 sunt
2500 2211 2883 2301 praecipue¹
2926 2208 3214 2295 disputa-

379 2315 628 2379 tionum
672 2325 736 2378 et
777 2337 1014 2397 rerum,
1055 2337 1216 2401 quas
1259 2318 1687 2398 nominarunt,
1733 2316 2253 2382 declamationes.
2320 2314 2645 2395 Quoniam
2689 2319 2900 2376 autem
2944 2305 3215 2392 singulis
3239 2314 3298 2368 15

377 2413 798 2482 semestribus
857 2413 1139 2480 decanus
1193 2426 1506 2498 mutatur,
1567 2438 1697 2481 non
1750 2419 2051 2481 convenit
2092 2416 2280 2481 huius
2334 2414 2652 2479 curationi
2706 2413 3078 2475 universum
3118 2428 3215 2469 re-

380 2523 673 2599 spectum
718 2512 1227 2602 disputationum
1270 2516 1618 2598 committi3
1681 2517 1749 2582 in
1813 2518 2015 2581 nimia
2080 2517 2272 2580 etiam
2338 2517 2677 2599 minusque
2740 2518 3047 2574 accurata
3090 2508 3213 2569 fre-

379 2614 646 2697 quentia
688 2612 1197 2700 disputationum
1253 2636 1358 2679 res
1418 2614 1609 2680 facile
1669 2617 1996 2703 corrumpi
2043 2614 2218 2681 solet.
2305 2613 2695 2679 Ordinariae
2749 2610 2949 2695 igitur
2992 2605 3212 2692 dispu-

375 2711 655 2776 tationes
696 2710 970 2798 singulis
1003 2712 1333 2778 mensibus
1364 2713 1530 2778 duae
1562 2716 1974 2779 instituentur
2001 2715 2083 2781 de
2121 2714 2437 2779 sententia
2470 2711 2699 2776 decani
2732 2717 2795 2773 et
2814 2705 3210 2771 Aristotelici

375 2811 946 2899 mathematicique
990 2821 1052 2876 et
1094 2812 1347 2899 physici
1391 2814 1789 2900 professoria.
1877 2814 1967 2879 Hi
2010 2816 2178 2879 enim
2215 2812 2578 2899 gubernare
2624 2806 2951 2873 debebunt
2994 2804 3298 2891 dispu-20

377 2912 695 2976 tationum
738 2920 1100 2976 tractatum.
1184 2911 1376 2977 Prius
1420 2913 1639 2997 itaque
1682 2935 1876 3001 quam
1916 2916 2134 3002 capita
2189 2912 2696 2999 disputationum
2752 2916 3214 2994 proponantur,

382 3006 513 3097 [18]
560 3010 821 3095 cognita
862 3009 976 3075 illa
1016 3021 1129 3075 aut
1171 3010 1542 3098 probabunt
1585 3022 1697 3076 aut
1738 3012 2212 3099 improbabunt.

546 3108 833 3174 Dabitur
892 3119 1103 3174 autem
1155 3111 1513 3198 praemium
1557 3111 1844 3198 praesidi
1888 3111 2342 3200 disputationis
2400 3110 2676 3198 quinque
2731 3106 2976 3193 grossi,
3040 3100 3213 3192 (pro-

380 3208 617 3273 fessori
662 3209 1035 3298 quinque,)²
1075 3211 1409 3297 magistris
1455 3210 1932 3297 disputantibus
1978 3212 2250 3299 singulis
2293 3211 2507 3298 grossi
2551 3208 2711 3289 du03
2773 3207 2877 3271 cui
2921 3216 3134 3271 autem
3178 3227 3218 3268 a

378 3307 629 3373 decano
702 3307 1161 3397 disputationis
1226 3332 1455 3374 munus
1525 3310 1900 3376 mandatum
1969 3312 2162 3376 fuerit
2221 3308 2662 3389 (mandabitur
2718 3317 2926 3371 autem
2990 3306 3299 3391 cuique25

378 3406 613 3474 diebus
655 3430 785 3473 non
825 3408 1241 3496 paucioribus
1273 3427 1424 3474 xml
1468 3421 1616 3474 ante
1659 3409 1829 3474 diem
1871 3409 2377 3497 disputationis),
2423 3409 2480 3473 ei
2524 3429 2729 3494 neque
2770 3405 2965 3470 licere
3008 3402 3217 3484 debet,

373 3516 449 3570 ut
471 3518 747 3589 recuset,
791 3516 855 3573 et
891 3506 1041 3589 dici,
1085 3516 1158 3572 ut
1201 3510 1418 3595 capita
1466 3508 1795 3596 descripta
1836 3507 2080 3575 decano
2123 3510 2349 3574 offerat
2386 3509 2559 3573 intra
2601 3507 2740 3573 dies
2783 3524 2849 3587 v,
2890 3513 2957 3567 ut
3000 3502 3215 3587 cogni-

374 3606 467 3671 tio
514 3604 595 3670 de
638 3604 765 3670 illis
811 3615 1133 3692 oportuna
1170 3606 1313 3671 fieri
1351 3609 1577 3693 possit.

542 3704 720 3797 Inter
776 3704 1238 3791 disputandum
1292 3729 1419 3771 non
1476 3718 1808 3771 consumet
1859 3706 2141 3773 decanus
2199 3705 2423 3786 (multo
2475 3705 2686 3768 minus
2744 3726 2827 3768 ex
2882 3701 3029 3766 aliis
3080 3722 3212 3763 ma·

372 3805 601 3889 gistris
624 3805 974 3891 quisqiam)
1009 3803 1284 3870 verbose
1317 3805 1829 3891 argumentando
1865 3806 2137 3871 multum
2175 3806 2506 3891 temporis,
2549 3813 2612 3867 et
2653 3811 2788 3866 tam
2830 3802 2971 3888 ipse
3018 3807 3295 3886 quam30

376 3903 621 3968 caeteri
655 3912 985 3990 opponent
1028 3925 1145 3967 sua
1187 3914 1568 3988 argumenta
1608 3903 1961 3987 dialectice,
2003 3928 2134 3970 non
2176 3903 2509 3990 implicata
2549 3899 2934 3987 ambagibus
2976 3899 3209 3985 longae

375 4002 710 4084 orationis,
735 4010 807 4065 ut
844 4011 907 4066 et
943 4003 1266 4087 cognosci,
1292 4001 1444 4088 quid
1487 4001 1759 4084 dicatur,
1802 4014 1864 4068 et
1905 4003 2284 4090 responderi
2325 4003 2665 4088 perspicue
2704 4001 2926 4087 possit.
2986 3999 3209 4085 Iurgia

372 4110 590 4166 autem
632 4101 923 4165 rixarum
967 4109 1122 4165 tunc
1162 4103 1466 4188 usurpari
1509 4101 1685 4167 nullo
1729 4103 1919 4168 modo
1964 4105 2263 4190 patietur.

541 4198 689 4263 Erit
735 4201 931 4264 etiam
975 4199 1220 4266 decano
1263 4209 1326 4265 et
1369 4200 1611 4266 eisdem
1655 4202 2132 4289 professoribus
2176 4224 2402 4284 curae,
2445 4211 2515 4266 ut
2550 4200 2904 4287 respiciant
2947 4219 3205 4284 vesper·

371 4298 547 4363 tinas
589 4321 842 4386 quoque
870 4298 1362 4386 disputationes,
1406 4300 1714 4366 adhibitis
1755 4302 1857 4384 iis,
1902 4324 2174 4388 quorum
2216 4303 2283 4366 in
2314 4300 2601 4386 collegiis
2643 4299 2789 4363 illas
2832 4295 3207 4362 instituendi
3225 4304 3290 4360 35

375 4398 624 4463 curatio
669 4408 784 4480 est,
827 4422 908 4463 ne
950 4399 1377 4484 frequentatio
1420 4400 1649 4467 harum
1690 4425 1819 4465 non
1856 4400 2049 4474 modo
2093 4424 2221 4465 non
2265 4401 2471 4488 prosit
2513 4397 2627 4463 sed
2665 4406 2895 4463 noceat
2936 4398 3147 4461 etiam.

544 4497 707 4564 Cum
747 4497 1031 4584 placeat,
1075 4497 1177 4562 bis
1234 4497 1558 4586 disputari
1611 4499 1868 4586 publice
1921 4523 2140 4564 mense
2196 4521 2353 4582 uno,
2400 4497 2594 4564 semel
2642 4520 2892 4585 quoque
2946 4494 3208 4560 manda—

376 4597 555 4662 bitur
619 4597 911 4665 bimestri
974 4599 1200 4680 alicui,
1269 4608 1339 4662 ut
1397 4597 1795 4681 declamitet,
1862 4599 1931 4664 id
1990 4610 2087 4663 est
2138 4600 2477 4664 materiam
2528 4597 2810 4682 aliquam
2868 4596 3089 4660 utilem
3148 4604 3211 4658 et

375 4696 618 4762 bonam
658 4696 932 4764 dicendo
975 4697 1234 4785 publice
1277 4697 1575 4783 explicet.
1660 4698 1837 4779 Quid
1888 4708 2103 4763 autem
2147 4711 2210 4763 et
2254 4694 2383 4785 [19]
2429 4697 2509 4762 de
2554 4720 2679 4784 quo
2721 4717 2974 4782 quoque
3015 4693 3205 4760 modo

377 4795 508 4861 dici
550 4795 814 4880 debeat,
871 4819 1064 4862 curae
1108 4798 1231 4861 erit
1272 4795 1519 4861 decano
1565 4807 1627 4860 et
1670 4800 2032 4863 enarratori
2091 4807 2386 4862 autorum
2440 4799 2773 4884 utriusque
2827 4795 3088 4880 linguae
3141 4804 3289 4859 et40

377 4896 700 4961 rhetorico
749 4907 942 4984 atque
984 4896 1232 4983 poetico
1274 4898 1644 4982 professori.
1731 4897 2145 4962 Ourabuntur
2191 4895 2517 4961 interdum
2561 4908 2623 4960 et
2660 4918 2886 4961 versus
2930 4895 3209 4975 recitari,

375 4997 543 5060 utin
574 5006 846 5083 utraque
881 4994 1186 5060 facultate
1234 4994 1481 5059 solutae
1525 4997 1836 5060 orationis
1889 5005 2081 5082 atque
2121 4997 2428 5060 metricae
2471 4997 2766 5059 iuventus
2815 5004 3209 5060 exerceatur.

381 5095 453 5161 Si
512 5118 597 5161 ex
652 5096 1110 5181 magistrorum
1165 5116 1434 5158 numero
1491 5093 1911 5158 declamitare
1976 5095 2208 5182 aliquis
2266 5095 2572 5177 voluerit,
2632 5094 2737 5159 hic
2801 5094 3207 5180 praeferatur

544 5300 569 5351 1
608 5291 981 5352 Geschrieben
1012 5291 1160 5348 steht
1186 5294 1541 5364 praecipuae.
1612 5300 1641 5350 2
1671 5301 1832 5366 prof.
1870 5298 2104 5367 quinque
2146 5297 2329 5365 spiiter
2361 5294 2791 5367 nachgetragen.
