4038 6358
1361 609 1460 661 Die
1498 609 1736 662 statutos
1773 623 1880 661 von
1914 608 2259 662 1439-1511.
3137 609 3254 672 199

496 825 647 892 VH.
690 833 786 895 53.
835 845 1210 893 STATUTUM
1254 841 1707 892 CONCERNENS
1753 839 2205 892 SPEOIALITER
2250 840 2554 889 MEmcos
2597 841 2690 889 AD
2737 839 3141 889 COLLEGIUM

1582 943 2066 991 RECIPIENDOS.

561 1058 738 1139 Quia
780 1061 848 1124 in
893 1059 1310 1126 ordinacione
1354 1058 1793 1146 collegiorum,
1837 1080 1955 1145 per
1997 1059 2328 1146 principes
2376 1067 2441 1122 et
2482 1053 2942 1121 cancellarium
2983 1055 3242 1120 univer-

362 1156 608 1222 sitatis
652 1159 849 1241 facta,
906 1170 1175 1226 cavetur
1216 1161 1386 1226 inter
1430 1167 1665 1242 cetera,
1722 1157 1895 1243 quod
1945 1159 2212 1224 inantea
2271 1178 2526 1243 semper
2584 1156 2654 1221 in
2708 1153 2979 1240 collegio
3021 1155 3254 1220 maiori

362 1255 679 1322 debeant
721 1280 863 1323 esse
920 1257 1047 1324 duo
1100 1258 1336 1324 medici
1383 1258 1703 1340 doctores,
1762 1256 2031 1342 singulis
2088 1256 2318 1324 diebus
2369 1254 2742 1340 legibilibus
2796 1255 2865 1319 in
2925 1253 3254 1320 medicina
3305 1263 3339 1318 5

364 1355 706 1443 legenteS,
766 1355 999 1445 quibus
1044 1358 1112 1423 in
1154 1357 1383 1423 eadem
1427 1356 1847 1423 ordinacione
1888 1354 2080 1421 datur
2138 1357 2326 1443 opcio
2384 1353 2600 1419 standi
2654 1354 2725 1417 in
2776 1352 3049 1439 collegio
3104 1375 3255 1419 cum

364 1457 730 1543 magistris
776 1455 881 1520 vel
923 1479 1072 1540 ιιοιι,
1115 1457 1360 1523 idcirco
1403 1456 1647 1543 placuit
1690 1454 1981 1541 collegio,
2028 1455 2200 1544 quod
2243 1463 2517 1518 vacante
2562 1451 2785 1540 aliqua
2828 1450 3251 1537 collegiatura

368 1557 457 1620 in
520 1555 796 1641 collegio
856 1557 1116 1639 maiori,
1178 1556 1264 1622 ad
1322 1579 1518 1645 quam
1576 1555 1725 1620 talis
1784 1554 2073 1620 medicus
2133 1553 2425 1640 eligetur,
2482 1550 2716 1616 dentur
2776 1549 2901 1615 sibi
2957 1549 3258 1615 induciae

371 1655 591 1719 trium
656 1653 938 1737 dierum,
1000 1656 1054 1718 si
1112 1655 1373 1721 easdem
1427 1653 1670 1720 habere
1732 1655 2163 1736 affectaverit,
2232 1652 2318 1719 ad
2376 1649 2900 1732 deliberandum,
2969 1672 3054 1714 an
3111 1672 3258 1714 cum

376 1754 730 1840 magistris
783 1754 851 1818 in
905 1754 1175 1843 collegio
1232 1765 1405 1821 stare
1447 1753 1726 1819 voluerit
1777 1752 1882 1818 vel
1937 1775 2039 1818 ne.
2127 1752 2320 1834 Quod
2378 1753 2432 1816 si
2492 1773 2639 1815 cum
2696 1749 3028 1835 magistris
3085 1759 3257 1814 stare
3281 1758 3343 1813 10

377 1852 668 1939 elegerit
683 1902 701 1936 ,
760 1853 974 1919 subiet
1012 1854 1233 1919 omnia
1273 1864 1337 1921 et
1397 1852 1654 1938 singula
1716 1869 1917 1918 onera
1974 1850 2231 1938 collegii
2288 1873 2436 1916 cum
2493 1848 2760 1915 eisdem.
2799 1870 2877 1912 ac
2927 1848 3143 1913 omnia
3198 1856 3261 1912 et

383 1951 659 2038 singula
717 1975 864 2017 cum
919 1953 1082 2040 ipsis
1140 1954 1463 2042 percipiet
1517 1952 1950 2033 emolimenta,
2008 1973 2130 2016 nec
2182 1974 2313 2016 non
2372 1948 2453 2014 de
2509 1946 2804 2039 omnibus
2862 1957 2926 2012 et
2987 1945 3257 2034 singulis

382 2052 660 2116 statutis
720 2050 974 2138 collegii
1035 2052 1375 2136 servandis
1432 2050 1794 2140 praestabit
1846 2051 2231 2115 iuramenta.
2320 2048 2436 2114 Sin
2493 2056 2707 2113 autem
2767 2055 2956 2111 extra
3012 2056 3075 2111 et
3130 2068 3260 2112 non

387 2173 546 2215 cum
590 2151 926 2237 magistris
971 2161 1145 2216 stare
1189 2151 1487 2239 elegerit,
1549 2150 1630 2215 de
1676 2173 1799 2238 quo
1853 2158 2082 2236 postea
2137 2149 2466 2235 poenitere
2518 2171 2648 2214 non
2701 2148 2967 2234 poterit,
3023 2154 3261 2210 extunc

383 2249 765 2337 praestabit
804 2272 1079 2339 sequens
1122 2253 1571 2316 iuramentum.
3281 2252 3342 2309 15

495 2442 596 2501 54.
639 2451 1102 2501 mRAm'rUM
1144 2450 1387 2500 mamm
1429 2451 1572 2500 ctm
1614 2449 1980 2499 melsa-ms
2026 2450 2097 2497 m
2137 2447 2491 2498 confflem
2534 2447 2753 2495 suun
2794 2445 3161 2494 nouimus.

564 2565 757 2652 „Ego
792 2565 901 2631 .N.
936 2568 1077 2630 iuro
1132 2588 1485 2653 procurare
1544 2564 1784 2630 bonum
1845 2563 2103 2651 collegii
2155 2564 2375 2647 istiuS,
2438 2562 2524 2628 ad
2580 2582 3027 2648 quemcunque
3086 2557 3254 2646 [10²]

403 2674 645 2730 statum
723 2664 1076 2749 devenero,
1155 2676 1218 2730 et
1280 2664 1456 2753 quod
1529 2665 1703 2730 infra
1779 2665 2157 2751 proximum
2234 2661 2527 2748 quartale
2596 2661 2748 2725 anni
2823 2669 2972 2747 post
3044 2680 3258 2724 meam

394 2765 779 2832 electionem
844 2765 1039 2831 velim
1100 2787 1415 2852 reponere
1484 2762 1659 2850 apud
1724 2765 2171 2850 praepositum
2228 2761 2484 2847 collegii
2548 2758 2915 2847 quindecim
2980 2758 3258 2824 florenos

396 2887 706 2930 renenses
765 2888 885 2951 pro
931 2875 1337 2931 antecessore
1376 2885 1540 2945 meo,
1592 2864 1662 2928 in
1719 2863 1900 2927 cuius
1954 2861 2168 2927 locum
2227 2860 2465 2927 electus
2521 2883 2661 2925 sum
2717 2855 2839 2946 [am
2882 2863 3100 2921 Rande
3141 2864 3343 2921 von20

399 2970 683 3040 nudarer,
734 2969 882 3027 doch
927 2967 1241 3027 scheinbar
1277 2965 1710 3045 gleichzeitiqer
1749 2966 1949 3024 Hand
1992 2966 2411 3042 hinzuqefalqt:
2479 2969 2543 3025 et
2584 2958 2836 3024 solvere
2871 2958 3048 3022 intra
3090 2978 3260 3021 men-

404 3086 541 3128 sem
599 3085 719 3128 sex
775 3062 1059 3128 florenos
1111 3085 1416 3127 renenses
1470 3084 1593 3148 pro
1651 3070 1977 3126 structura
2033 3061 2286 3146 collegii
2344 3070 2407 3125 et
2465 3061 2682 3123 facere
2737 3055 3084 3144 prandium
3140 3078 3260 3143 pro

402 3158 784 3250 magistris}
829 3162 940 3229 Sic
976 3186 1078 3227 me
1108 3161 1265 3228 deus
1297 3160 1560 3227 adiuvet
1598 3171 1662 3226 et
1692 3170 1919 3226 sancta
1962 3160 2067 3226 dei
2109 3158 2482 3245 ewangelia.
2527 3159 2687 3224 Item
2715 3158 3022 3245 promitto
3049 3153 3265 3241 legere

400 3264 463 3327 in
507 3260 818 3328 facultate
860 3284 1006 3326 mea
1048 3263 1233 3326 iuxta
1270 3260 1771 3343 ordinacionem,
1815 3282 1936 3346 per
1979 3258 2275 3325 dominos
2318 3259 2652 3346 principes
2697 3266 2761 3321 et
2807 3253 3264 3321 cancellarium

398 3362 844 3427 universitatis
885 3361 1191 3426 factam.“
3281 3361 3347 3417 25

406 3545 577 3612 VIII.
624 3551 721 3613 55.
764 3562 1003 3611 nonus
1043 3561 1443 3610 ramosum
1482 3558 1827 3621 EXEQUIAS
1866 3558 2350 3608 FUNDATORUM
2379 3532 2903 3607 nmvsnsmmm
2932 3556 3024 3603 m·
3053 3556 3264 3604 BENE·

442 3662 825 3711 neronum
870 3661 1200 3710 commu
1242 3659 1523 3709 MAloms
1565 3658 1941 3707 SECUNDUM
1983 3657 2512 3705 onomacmmm
2547 3658 2637 3703 ΕΤ
2679 3654 3220 3704 n1s1>os1c1onmi

961 3761 1193 3809 ΒΟΝΑΕ
1236 3758 1595 3808 unisonus
1641 3759 1710 3805 Μ.
1753 3754 2094 3806 mmmm
2135 3757 2228 3804 DE
2254 3720 2689 3805 ‘memsam

570 3877 735 3941 Item
782 3878 1008 3940 statuit
1049 3875 1392 3963 collegium
1436 3873 1842 3940 concorditer
1886 3872 1968 3937 de
2006 3895 2326 3937 consensu
2363 3871 2449 3935 M.
2490 3870 2824 3956 Henningi
2867 3869 2947 3935 de
2987 3868 3257 3935 Hilden-

405 3997 537 4039 sem
569 3973 725 4039 dum
753 3976 940 4059 vixit,
985 3974 1159 4063 quod
1182 3974 1288 4040 bis
1331 3998 1385 4038 u.
1418 3999 1465 4037 ε.
1493 3997 1563 4035 w.
1601 3976 2159 4035 iiber-einstimmend
2199 3976 2302 4034 mit
2342 3976 2485 4034 oben
2533 3976 2668 4053 183,
2702 3975 2910 4054 33fq.,
2954 3994 3074 4033 nur
3115 3975 3346 4034 dasssso

407 4086 551 4136 stati
585 4072 671 4138 ad
705 4083 998 4139 sanctum
1024 4072 1301 4139 Paulum
1326 4075 1703 4155 yeschrieben
1734 4075 1810 4133 ist
1854 4070 2033 4158 apud
2074 4095 2121 4137 s,
2143 4071 2236 4154 Ρ.,
2279 4083 2427 4133 statt
2470 4068 2667 4136 iidem
2706 4070 2941 4135 fratres
2968 4074 3133 4151 (183,
3163 4071 3264 4144 37)

404 4174 531 4260 ipsi
574 4173 676 4257 fia,
732 4180 860 4235 und
898 4186 1046 4236 statt
1087 4180 1196 4236 der
1249 4180 1446 4238 Worte
1499 4171 1659 4236 Post
1697 4180 1969 4237 mortem
2014 4222 2029 4236 .
2073 4220 2088 4235 .
2195 4120 2589 4257 :Henningi
2630 4175 2801 4253 (184,
2846 4169 2914 4253 4)
2958 4173 3137 4251 steht,
3182 4172 3265 4229 da

408 4276 673 4336 derselbe
717 4276 1018 4336 inmittelst
1061 4280 1280 4355 erfolqt
1322 4296 1476 4355 war,
1519 4275 1759 4350 einfack
1801 4269 1908 4335 Et.

1661 4424 1757 4487 56.
1800 4438 2037 4487 Anmn.
2095 4382 2104 4389 .

570 4558 738 4622 Item
782 4564 1088 4621 statutum
1127 4555 1250 4619 fuit
1288 4564 1352 4619 et
1394 4552 1769 4619 conclusum
1802 4552 1884 4618 de
1914 4576 2231 4619 consensu
2273 4553 2552 4641 praefati
2580 4551 2670 4617 Μ.
2693 4551 3050 4713 Henningi,
3089 4545 3344 4636 quod35

411 4665 687 4747 propter
727 4679 783 4720 u.
809 4680 857 4716 ε.
882 4678 951 4716 w.
993 4659 1103 4717 wie
1129 4659 1271 4717 oben
1304 4660 1440 4737 184,
1469 4657 1510 4718 9
1525 4663 1627 4733 sq.
1612 4701 1648 4736 .,
1693 4676 1812 4715 nur
1838 4658 2052 4731 fehlen
2092 4658 2185 4715 die
2223 4659 2419 4716 Worte
2462 4662 2612 4740 post
2654 4650 2950 4715 obitum.
3027 4647 3262 4712 .-Hen

402 4757 587 4842 ningi
632 4760 805 4836 (184,
832 4760 962 4836 20),
1006 4755 1074 4818 in
1099 4755 1275 4818 vita.
1337 4753 1464 4817 .in
1505 4773 1734 4816 mensa
1775 4752 1945 4834 (184,
1970 4750 2263 4837 28-31),
2305 4776 2450 4818 cum
2492 4749 2844 4816 fratribus.
2972 4746 3263 4812 .floreni

400 4866 464 4921 et
505 4852 681 4941 (184,
710 4850 984 4939 32—33)
1029 4858 1157 4914 und
1197 4857 1306 4914 cler
1346 4855 1590 4914 Schluss
1629 4849 1847 4916 Debet
1873 4900 1887 4914 .
1917 4899 1933 4914 .
1973 4899 1988 4914 .
2025 4901 2037 4913 .
2068 4849 2463 4916 dissolvatur
2497 4849 2666 4934 (184,
2697 4846 2825 4936 39).
2869 4853 3155 4926 Daqeqen
3186 4846 3262 4905 ist

400 4965 690 5035 κρατεῖτε
730 4956 897 5014 mach
959 4949 1305 5037 disponere
1358 4946 1529 5034 (184,
1574 4948 1685 5037 34)
1741 4951 1811 5014 in
1865 4948 2102 5014 talibus
2164 4951 2477 5035 exequiis,
2535 4955 2661 5011 und
2713 4953 2870 5010 nach
2925 4945 3262 5011 oblacione

401 5057 573 5136 (184,
599 5057 711 5128 35)
751 5051 957 5115 Istum
985 5051 1190 5114 eciam
1216 5048 1557 5114 dimidium
1586 5049 1903 5115 florenum
1930 5047 2242 5113 fratribus
2270 5050 2338 5112 in
2366 5049 2660 5135 exequiis
2688 5046 2991 5127 dandum,
3026 5043 3107 5108 de
3134 5065 3260 5128 quo
3281 5051 3346 5106 40

407 5175 606 5239 supra
645 5151 825 5215 facta
866 5150 988 5213 fuit
1027 5150 1294 5229 mencio,
1353 5146 1433 5212 de
1474 5147 1700 5212 eadem
1740 5146 1948 5211 altera
1993 5146 2277 5212 secunda
2321 5146 2665 5211 medietate
2710 5168 2940 5210 census
2988 5165 3262 5230 praepo-

409 5253 565 5315 situs
611 5270 849 5336 capere
892 5257 1158 5327 tenetur.
1226 5251 1483 5309 Endlicl.
1525 5251 1603 5308 ist
1641 5271 1714 5308 zu
1755 5248 2054 5311 nocturni
2100 5252 2270 5329 (184,
2295 5248 2399 5329 14)
2439 5270 2537 5311 am
2578 5260 2796 5307 untern
2823 5250 3040 5308 Raude
3084 5247 3265 5304 nach·
