4038 6358
1563 603 1801 653 Libellus
1831 601 2149 654 romularis.
3162 601 3278 667 133

417 788 560 851 102.
608 780 731 871 [Bl.
767 781 912 872 49⁸]
980 801 1218 851 roam
1263 800 1575 848 ΜΑΝΒΑΤΙ
1615 798 1893 848 comm
1937 802 2395 852 BmRE'romm
2434 803 2522 852 Ac
2561 801 2877 850 amolum
2916 797 3281 848 mmmm

643 900 1127 950 mnncnn‘rmn
1167 899 1581 949 DELA'ronsss
1624 899 1759 947 PER
1796 899 2129 949 Domum
2170 901 2547 950 sacrosan
2590 901 3060 951 Promoti-1²1.

590 1030 759 1099 Cum
815 1033 1168 1099 secundum
1222 1028 1827 1098 iurisconsultorum
1886 1034 2269 1098 sententiam
2325 1035 2412 1116 is,
2469 1035 2578 1119 qui
2634 1033 2877 1098 illicitis
2919 1030 3285 1118 insignibus

409 1142 538 1197 aut
575 1131 868 1198 vestibus
913 1156 1028 1198 suo
1068 1133 1265 1198 statui
1306 1132 1571 1196 minime
1606 1130 2110 1216 congruentibus
2144 1133 2364 1215 utitur,
2409 1134 2655 1197 crimen
2688 1131 2841 1196 falsi
2873 1131 3071 1217 (quod
3098 1129 3278 1216 leges

409 1253 546 1319 pro
619 1231 887 1298 admissi
952 1232 1263 1320 qualitate
1324 1231 1714 1317 gravissime
1766 1230 2167 1316 puniendum
2220 1238 2628 1309 censuerunt)
2690 1231 3092 1295 committere
3147 1251 3277 1294 non
3295 1237 3328 1292 5

412 1331 828 1419 ambigatur,
887 1341 951 1397 et
1002 1330 1315 1396 birretum
1363 1328 1623 1394 habitus
1683 1330 1766 1394 sit
1818 1351 1949 1393 non
2014 1329 2273 1415 quidem
2333 1329 2725 1396 scholarium
2783 1351 3011 1394 verum
3058 1329 3279 1415 potius

411 1430 767 1523 doctorum
809 1429 1161 1495 conditioni
1201 1430 1522 1513 statuique
1568 1449 1950 1514 congruens,
1992 1427 2290 1518 ideoque,
2336 1451 2418 1493 ne
2462 1429 2789 1495 scholares
2835 1428 3024 1493 huius
3070 1427 3280 1492 almae

410 1531 890 1612 universitatis,
935 1528 1184 1594 birreta
1223 1532 1358 1593 suis
1400 1526 1673 1591 statibus
1716 1525 1891 1591 haud
1935 1530 2360 1614 congruentia
2387 1526 2767 1612 deferentes,
2812 1550 3091 1614 poenam
3127 1524 3278 1592 falsi

413 1640 488 1693 et
542 1630 873 1716 signanter
925 1650 1205 1716 poenam
1263 1626 1518 1708 statuti,
1577 1624 1972 1691 birretorum
2036 1649 2114 1691 ac
2171 1627 2444 1693 aliorum
2502 1625 2940 1715 quorumlibet
2976 1626 3273 1691 indecen-

410 1728 588 1793 tium
640 1727 976 1793 habituum
1031 1726 1421 1791 delationem
1474 1722 1911 1812 prohibentis,
1966 1726 2295 1809 incidant,
2350 1726 2446 1791 .N.
2492 1726 2573 1792 de
2611 1726 2707 1792 .N.
2745 1735 2961 1790 rector
3004 1723 3358 1790 mandatio

411 1826 723 1892 omnibus
767 1836 832 1891 et
874 1825 1147 1911 singulis
1187 1823 1577 1889 baccalariis
1621 1832 1685 1888 et
1727 1823 2134 1890 studentibus
2179 1827 2624 1891 universitatis
2668 1823 2990 1907 eiusdem,
3060 1831 3281 1911 quate-

409 1950 547 1991 nus
610 1925 821 1993 nullus
893 1926 1184 2012 ipsorum
1249 1923 1557 2010 deinceps
1615 1921 1930 1989 birretum
1989 1947 2104 1989 seu
2149 1946 2594 2012 quemcunque
2637 1923 2834 1988 alium
2877 1922 3281 1988 indecentem

409 2026 717 2092 habitum
776 2023 1040 2112 publice
1099 2022 1351 2087 deferre
1408 2031 1802 2109 praesumat.
1887 2021 2024 2088 Sub
2067 2046 2279 2110 poena
2321 2047 2403 2088 .x.
2450 2046 2830 2109 grossorum
2867 2022 3282 2087 universitati

406 2127 690 2208 tociens,
729 2124 1027 2210 quotiens
1061 2122 1456 2187 contrarium
1497 2121 1715 2187 facere
1742 2123 2279 2211 praesumpserit,
2326 2121 2863 2188 irremissibiliter
2905 2120 3278 2209 persolven-

411 2223 676 2290 dorum.
754 2223 1007 2288 Datum
1051 2229 1171 2286 etc.
3300 2227 3361 2283 15

2504 2362 2521 2393 't

598 2426 731 2490 103.
791 2425 1102 2484 Hier-nach
1147 2444 1280 2482 war
1322 2424 1589 2483 dasselbe
1631 2422 1898 2483 Mandat
1937 2424 2242 2482 nockmals
2288 2422 2756 2501 abyesckrieben,
2798 2421 3071 2481 wb'rtlicl·
3108 2420 3278 2479 iiber-

411 2525 833 2585 et‘nstimmend
874 2517 1023 2607 (nur
1063 2526 1208 2584 dass
1248 2532 1395 2583 stati
1439 2518 2048 2585 iurisconsultorum
2069 2524 2449 2600 geschrieben
2484 2523 2560 2581 ist
2589 2519 3109 2605 iurisperitorum
3153 2520 3282 2578 und

414 2627 537 2684 der
592 2624 835 2684 Schluss
886 2644 1002 2682 von
1060 2621 1573 2707 praesumpserit
1624 2642 1708 2681 an
1747 2616 1973 2702 fehlt);
2036 2624 2336 2682 Iohannes
2395 2623 2590 2681 Fabri
2644 2622 2830 2680 striclz
2885 2622 3076 2680 daher
3128 2619 3286 2678 dicae

413 2724 624 2783 zweite
665 2723 999 2798 Absclarty‘t,
1057 2724 1153 2783 ΒΖ.
1193 2722 1342 2796 49ῑ),
1385 2724 1575 2782 durch
1632 2723 1760 2780 und
1802 2720 2031 2780 sclerieb
2091 2722 2194 2780 mit
2245 2724 2448 2781 rethor
2511 2722 2684 2779 Tinte
2738 2723 2836 2782 ΒΖ.
2882 2722 3002 2784 49·
3062 2726 3282 2777 auten.-

415 2819 718 2907 Sequens
760 2819 969 2884 forma
1009 2828 1204 2884 vacat
1245 2828 1308 2884 et
1348 2815 1718 2904 superfluit,
1777 2838 1926 2881 cum
1980 2816 2050 2880 in
2106 2817 2337 2882 effectu
2381 2818 2464 2883 sit
2507 2816 2736 2882 eadem
2781 2837 2931 2880 cum
2978 2814 3370 2902 proximam

417 2917 867 3007 praecedenti.

451 3174 589 3237 104.
659 3184 935 3233 CONTRA
974 3184 1476 3263 ‘RECEPTANTES
1519 3183 1657 3233 AU'r
1704 3183 1932 3233 SECUM
1973 3183 2417 3233 DETINENTES
2461 3182 2815 3232 PERSONAS
2856 3177 3266 3230 RELEGATAS

1517 3282 1655 3330 AUT
1699 3282 2190 3333 PROSCRIPTAS.

594 3417 701 3483 Ex
746 3416 1198 3483 commissione
1238 3413 1508 3480 illustris
1552 3413 1869 3501 principis
1914 3423 1979 3478 et
2021 3414 2263 3480 domini
2289 3423 2410 3479 etc.
2437 3413 2533 3479 .N.
2553 3422 2768 3478 rector
2787 3410 3059 3478 mandat
3088 3412 3287 3478 omni-

421 3517 554 3583 bus
597 3527 663 3583 et
705 3515 978 3602 singulis
1019 3515 1464 3580 universitatis
1510 3513 1797 3578 eiusdem
1842 3515 2230 3600 suppositis,
2275 3513 2635 3578 districtius
2676 3510 3030 3577 inhibendo
3049 3561 3068 3594 ,
3130 3519 3372 3596 qua-25

423 3629 617 3683 tenus
675 3614 921 3680 nullum
972 3616 1263 3702 ipsorum
1319 3611 1423 3701 [50
1440 3611 1495 3701 ⁸]
1553 3636 1900 3700 personam
1951 3611 2055 3676 vel
2113 3635 2448 3700 personas,
2500 3619 2770 3699 propter
2816 3633 2933 3675 sua
2975 3610 3292 3675 demerita

427 3727 493 3783 et
535 3738 842 3783 excessus
889 3714 972 3779 ab
1014 3713 1138 3778 hoc
1180 3713 1421 3800 oppido
1465 3713 1568 3778 vel
1612 3712 1871 3777 aliunde
1913 3715 2349 3799 proscriptam
2392 3710 2496 3775 vel
2539 3711 2980 3798 proscriptas,
3038 3710 3286 3795 relega-

427 3828 563 3882 tam
607 3814 711 3880 vel
754 3813 1114 3899 relegatas,
1161 3834 1274 3876 seu
1318 3835 1463 3877 eum
1503 3811 1604 3876 vel
1651 3834 1794 3895 eos,
1849 3835 2038 3900 quem
2083 3811 2189 3876 vel
2229 3834 2393 3899 quos
2436 3811 2717 3898 praefati
2760 3809 3007 3876 domini
3048 3809 3288 3895 princi·

427 3918 536 4005 pis
577 3911 1091 4000 indignationem
1134 3913 1486 3977 incurrisse
1530 3912 1925 3993 constiterit,
1970 3911 2409 3999 cuiuscunque
2455 3909 2882 3991 conditionis,
2945 3931 3141 3973 sexus
3185 3906 3291 3971 vel

430 4025 640 4081 status
679 4013 874 4078 fuerit
911 4023 1023 4077 aut
1059 4013 1329 4094 suerint,
1374 4011 1659 4098 hospitio
1701 4013 2027 4098 recipere,
2080 4033 2306 4075 mensa
2345 4011 2598 4091 fovere,
2662 4007 3055 4090 conducere,
3113 4014 3374 4072 asso-30

430 4117 607 4181 ciare
662 4122 774 4178 aut
827 4113 896 4177 in
953 4110 1355 4176 habitatione
1415 4132 1631 4174 secum
1690 4119 1910 4175 tenere
1953 4109 2058 4175 vel
2102 4109 2311 4175 eidem
2357 4117 2469 4174 aut
2513 4107 2758 4173 eisdem
2799 4105 3286 4193 quomodolibet

429 4214 811 4282 conversari
854 4219 1250 4298 praesumat.
1335 4208 1472 4275 Sub
1516 4217 1730 4295 poena
1774 4232 1858 4274 .x.
1900 4209 2123 4274 floren.
2164 4220 2278 4274 aut
2304 4208 2700 4274 exclusionis
2727 4205 2812 4272 ab
2846 4206 3289 4272 universitate.

429 4315 682 4381 Datum
726 4320 845 4379 etc.

1035 4515 1168 4577 105.
1231 4524 1595 4582 m‘rm'mo
1641 4524 1778 4572 pso
1819 4523 2004 4572 AULA
2046 4522 2695 4574 noc‘ronANnomm.

603 4660 771 4727 Cras
812 4659 882 4724 in
925 4659 1247 4747 principio
1292 4656 1491 4723 horae
1537 4680 1615 4722 .n.
1661 4656 1757 4722 .N.
1793 4655 1873 4721 de
1898 4655 2013 4738 .N.,
2039 4655 2275 4720 artium
2298 4655 2632 4740 magister,
2672 4649 3033 4717 medicinae
3064 4647 3373 4713 doctor35

430 4759 853 4848 eiusdemque
891 4758 1217 4824 facultatis
1263 4756 1568 4839 decanus,
1612 4755 1859 4822 tenebit
1901 4754 2119 4820 aulam
2164 4776 2283 4840 pro
2326 4751 2795 4840 spectabilibus
2840 4758 2907 4814 et
2949 4755 3285 4835 praestan-

430 4859 605 4926 tibus
651 4859 842 4941 viris,
884 4858 1146 4924 domino
1188 4858 1285 4923 .N.
1333 4868 1397 4922 et
1439 4855 1698 4921 domino
1744 4855 1840 4920 .N.
1855 4902 1874 4938 ‚
1916 4855 2157 4918 artium
2199 4853 2531 4939 magistris
2577 4862 2641 4918 et
2682 4848 3030 4916 licentiatis
3073 4848 3141 4911 in
3184 4868 3293 4911 ea-

436 4958 586 5024 dem
630 4956 994 5024 medicinae
1033 4956 1360 5024 facultate.

1605 5053 1684 5118 In
1727 5051 2002 5118 ecclesia
2043 5051 2253 5115 sancti
2295 5048 2571 5115 Nicolai.
