4038 6358
906 606 1022 672 150
1827 607 1937 657 Des
1985 607 2256 657 Iohannes
2294 604 2447 657 Fabri
2483 604 2547 656 de
2588 607 2815 657 Werdea

889 786 1068 852 illum
1092 785 1427 850 ‘adiuvare
1469 793 1534 850 et
1589 784 1711 850 hoc
1763 785 2146 852 beneficium
2189 785 2519 874 prioribus
2564 789 2811 854 meritis
2857 787 3138 874 benigne
3181 788 3549 876 adiungere
3584 788 3809 855 velis,

890 887 1026 951 Nos
1085 885 1375 950 vicissim
1442 886 1824 967 annitamur,
1880 895 1953 950 ut
2008 887 2392 952 memoriam
2449 890 2624 973 grati
2688 889 2893 952 animi
2949 887 3025 952 T.
3082 888 3231 953 Mffl.
3285 888 3806 978 persolvamus,

892 985 967 1050 T.
1015 984 1100 1049 Μ.
1144 984 1204 1050 b.
1241 1008 1302 1049 v.
1344 985 1406 1049 V
1444 983 1538 1049 Id.
1578 983 1862 1073 Augusti
1913 990 2087 1052 1552.

1979 1084 2237 1171 Rector,
2278 1086 2578 1175 magistri
2620 1094 2685 1151 et
2724 1084 3026 1154 doctores
3070 1085 3254 1154 acad.
3298 1086 3508 1175 Lyps.

832 1262 864 1317 5
2232 1259 2364 1321 143.

1057 1385 1480 1472 Amplissimo
1524 1384 1782 1450 domino
1837 1385 2332 1472 Hieronymo
2387 1384 2952 1470 Chisuettero,
3011 1388 3130 1451 iur.
3186 1394 3310 1454 utr.
3367 1384 3568 1466 doct„
3626 1382 3794 1449 illu-

891 1486 1192 1549 strissimi
1237 1485 1554 1572 principis
1596 1483 1876 1571 Augusti
1920 1484 2187 1551 cancell.
2232 1495 2349 1551 etc.
2403 1484 2664 1552 domino
2709 1495 2773 1550 et
2815 1486 3024 1551 amico
3065 1495 3287 1550 nostro
3331 1483 3600 1550 observ.

1056 1583 1121 1649 S.
1163 1584 1248 1652 D.
1293 1582 1715 1671 Amplissime
1758 1584 1872 1649 D.!
1940 1582 2412 1671 Ablegavimus
2469 1607 2553 1649 ex
2607 1583 2795 1650 nobis
2851 1584 3253 1651 Ioachimum
3296 1583 3791 1667 camerarium

894 1684 983 1750 ad
1023 1684 1112 1748 M.
1157 1685 1371 1749 virum
1413 1682 1497 1747 D.
1539 1681 1777 1769 Georg.
1808 1683 2276 1765 Chumerstad.,
2323 1706 2618 1748 socerum
2660 1685 3103 1771 praestantiae
3144 1692 3312 1766 tuae,
3358 1681 3789 1769 singularem

814 1794 877 1849 10
894 1784 1213 1849 fautorem
1272 1781 1648 1847 academiae
1689 1791 1970 1865 nostrae,
2027 1792 2097 1847 ut
2151 1793 2331 1849 certa
2374 1782 2457 1847 de
2500 1806 2572 1847 re
2609 1793 2900 1848 uteretur
2942 1781 3212 1848 consilio
3254 1781 3449 1865 illius,
3503 1780 3594 1846 de
3638 1802 3789 1866 qua

893 1905 964 1948 re
1018 1883 1141 1947 fuit
1196 1883 1516 1947 sententia
1557 1872 1800 1963 nostra,
1854 1890 1930 1947 ut
1982 1882 2230 1969 aliquid
2289 1880 2376 1948 ad
2432 1881 2938 1947 illustrissimum
2982 1882 3347 1970 principem
3385 1882 3785 1968 Augustum

894 1983 1179 2048 referret.
1270 1980 1464 2061 Quod
1517 1981 1674 2045 item
1731 1981 1787 2044 si
1829 1979 1924 2045 illi
1967 1982 2180 2046 visum
2231 1981 2426 2046 fuerit
2476 1989 2541 2045 et
2583 1981 3000 2049 Camerarius
3054 1982 3223 2047 istuc
3274 1983 3442 2047 forte
3484 1980 3785 2061 venerit,

895 2083 1174 2169 petimus
1227 2080 1510 2145 officiose
1556 2102 1597 2144 a
1641 2088 1754 2143 tua
1796 2081 2221 2166 praestantia,
2275 2089 2347 2144 ut
2403 2080 2582 2145 illum
2641 2079 2853 2145 studio
2899 2081 3315 2146 humanitatis
3372 2094 3525 2146 tuae
3589 2100 3782 2144 com-

894 2180 1202 2269 plectaris
1227 2188 1290 2244 et
1332 2178 1654 2267 perficias,
1696 2187 1786 2261 ut,
1831 2179 1933 2261 iis,
1977 2176 2082 2266 [84
2098 2176 2149 2267 ⁸]
2185 2202 2353 2267 quae
2396 2180 2465 2243 in
2505 2178 2834 2244 mandatis
2865 2202 2906 2244 a
2929 2179 3117 2245 nobis
3144 2181 3418 2268 accepit,
3459 2177 3782 2244 celeriter

814 2291 874 2347 15
893 2290 959 2346 et
998 2289 1173 2345 recte
1216 2280 1520 2366 peractis,
1566 2300 1713 2342 cum
1756 2276 2075 2342 eiusmodi
2114 2300 2430 2365 responso
2473 2278 2559 2343 ad
2602 2300 2722 2344 nos
2766 2288 3150 2363 revertatur,
3194 2302 3320 2367 quo
3362 2279 3556 2345 huius
3602 2287 3777 2342 tem-

893 2380 1072 2467 poris
1114 2376 1527 2442 difficultates
1588 2375 1997 2463 explicentur
2058 2386 2122 2442 et
2174 2385 2437 2442 nostrae
2495 2377 2874 2444 academiae
2933 2386 3141 2443 status
3205 2379 3534 2444 fulciatur.
3624 2377 3775 2441 Nos

895 2478 1184 2542 vicissim
1230 2477 1446 2564 parati
1489 2498 1708 2540 sumus
1753 2498 1875 2564 pro
1918 2486 2145 2542 nostra
2183 2474 2361 2542 virili
2408 2476 2483 2542 T.
2529 2500 2625 2565 pr.
2667 2479 3003 2543 inservire.
3048 2478 3123 2544 T.
3171 2501 3267 2567 pr.
3313 2478 3372 2544 b.
3400 2500 3461 2543 v.
3488 2476 3677 2566 Lips.
3704 2475 3775 2540 V

891 2576 985 2643 Id.
1026 2576 1197 2662 Aug.
1248 2582 1424 2643 1552.
2931 2577 3173 2643 Rector
3214 2587 3336 2644 etc.

1734 2749 1886 2811 144:
1911 2760 2004 2808 AD
2049 2758 2429 2809 AUGUSTUM
2473 2760 2871 2809 PRINCIPEM.

808 2886 877 2941 20
1060 2874 1649 2962 Durchleuchtiger
1689 2875 2187 2964 hochgeporner
2227 2875 2414 2941 furst.
2486 2874 2703 2941 Unser
2754 2899 2964 2963 gancz
3010 2877 3464 2965 vnterthenige
3503 2878 3760 2945 dienste

893 2997 1055 3062 seyn
1109 2974 1191 3040 Ε.
1248 2976 1292 3039 f.
1350 2997 1411 3061 g.
1467 2972 1726 3040 allezeit
1778 2974 2071 3041 bereitet.
2159 2973 2532 3061 Genediger
2583 2976 2751 3041 furst
2791 2975 2927 3041 vnd
2977 2978 3151 3043 herr.
3233 2977 3327 3042 Es
3383 2976 3585 3042 fallen
3636 2977 3757 3043 der

891 3076 1277 3140 vniuersitet
1319 3073 1560 3140 sachen
1597 3074 1720 3157 fur,
1764 3073 2084 3140 dorinnen
2125 3072 2206 3137 Ε.
2246 3074 2291 3138 f.
2333 3095 2394 3161 g.
2436 3076 2556 3139 wir
2597 3074 2951 3162 genediges
2992 3075 3334 3141 beschieds
3381 3075 3755 3163 bedurfflig,

892 3174 1108 3241 haben
1150 3172 1493 3262 derwegen
1537 3175 1656 3240 mit
1698 3171 1868 3239 befel
1908 3196 2026 3239 aus
2067 3196 2332 3239 vnserm
2370 3173 2578 3240 mittel
2618 3174 2745 3241 den
2787 3174 3205 3261 wolgelarten
3245 3176 3464 3242 Ioach.
3499 3176 3751 3244 Camer.

891 3298 974 3340 zu
1023 3273 1103 3338 Ε.
1161 3271 1204 3338 f.
1254 3297 1319 3361 g.
1379 3273 1840 3360 abgefertiget‚
1896 3271 2033 3337 vnd
2087 3271 2292 3339 bitten
2350 3297 2560 3361 gancz
2618 3271 3184 3361 vntertheniglich,
3238 3275 3317 3341 E.
3358 3277 3403 3340 f.
3446 3299 3513 3362 g.
3565 3274 3751 3341 wolle

807 3384 874 3440 25
897 3371 1341 3460 demselbigen
1382 3372 1668 3461 gnedige
1706 3372 1986 3438 vorhore
2029 3371 2165 3437 vnd
2206 3371 2490 3462 glauben
2531 3375 2762 3460 geben,
2799 3374 2933 3440 vnd
2977 3374 3183 3440 durch
3222 3374 3436 3459 ihnen,
3494 3374 3594 3440 als
3636 3375 3750 3440 der

893 3521 1277 3541 .........
1303 3473 1487 3558 ,fiirst
1528 3496 1650 3537 vns
1693 3471 1977 3559 gnedige
2021 3480 2298 3538 antwort
2341 3473 2718 3560 vorfuegen.
2805 3472 2968 3540 Sind
3024 3475 3143 3540 wir
3192 3476 3261 3539 in
3313 3473 3746 3561 vnterthenig-

889 3573 1032 3638 kait
1078 3571 1516 3638 zuuordienen
1559 3570 1841 3658 begirig,
1895 3569 1973 3636 E.
2018 3571 2060 3636 f.
2103 3595 2163 3658 g.
2219 3582 2437 3661 sampt
2488 3571 2660 3639 allen
2709 3572 3178 3660 zugewandten
3215 3571 3349 3639 vnd
3390 3573 3509 3639 der
3548 3574 3746 3660 regie-

890 3694 1061 3758 rung
1122 3670 1349 3736 hiemit
1415 3672 1528 3734 inn
1595 3680 1807 3756 gottes
1873 3669 1988 3735 des
2045 3669 2209 3738 hern
2272 3671 2602 3759 gnedigen
2662 3672 2885 3737 schutz
2934 3670 3069 3738 vnd
3127 3671 3367 3738 schirm
3436 3672 3739 3739 befelend.

889 3770 1029 3836 Aus
1069 3770 1363 3858 Leipzig,
1408 3769 1535 3835 den
1573 3775 1612 3836 9
1655 3779 1769 3857 tag
1807 3769 2112 3856 Augusti,
2154 3793 2322 3836 anno
2366 3781 2484 3838 etc.
2529 3778 2629 3840 52.

808 3880 877 3936 30
1876 3867 1955 3934 Ε.
1995 3870 2043 3934 f.
2085 3892 2150 3956 g.
2193 3870 2576 3936 vniuersitet
2618 3893 2701 3935 zu
2738 3869 3015 3957 Leipzig
3057 3869 3508 3958 vnterthenige

2525 3978 2759 4053 rector,
2802 3968 2971 4055 mgri
3007 3967 3144 4033 vnd
3185 3968 3506 4036 doctores.

2070 4140 2203 4202 145.
2250 4133 2374 4222 [131.
2415 4131 2558 4223 84¹³]

1054 4264 1479 4352 Amplissimo
1521 4264 1780 4334 domino
1825 4266 1940 4333 Lu
1957 4267 2243 4333 dovico
2288 4267 2588 4351 Fachs,
2628 4267 2748 4334 iur.
2792 4277 2918 4333 utr.
2958 4268 3064 4351 D„
3111 4268 3534 4335 illustrissimi
3575 4271 3725 4357 prin·

894 4367 1057 4453 cipis
1099 4364 1402 4430 Mauricii
1463 4364 1761 4432 electoris
1813 4366 2186 4432 consiliario
2229 4367 2606 4455 praecipuo,
2663 4365 2997 4432 ordinario
3042 4376 3107 4432 et
3167 4367 3433 4452 consuli,
3490 4369 3726 4435 domino

807 4476 874 4532 35
892 4473 1113 4530 nostro
1162 4462 1420 4528 observ.

1063 4562 1127 4629 S.
1167 4563 1253 4628 D.
1295 4559 1717 4650 Amplissime
1758 4562 2049 4629 domine!
2134 4563 2294 4630 Post
2339 4564 2697 4630 discessum
2738 4565 3181 4652 praestantiae
3221 4575 3371 4632 tuae
3411 4565 3536 4633 hoc
3575 4569 3728 4634 venit

893 4665 963 4730 in
1003 4670 1285 4729 mentem
1325 4661 1536 4744 nobis,
1594 4661 1770 4750 quod
1810 4662 1912 4727 his
1937 4661 2172 4738 „literis
2213 4662 2300 4729 ad
2353 4666 2822 4750 praestantiam
2873 4674 3053 4730 tuam
3107 4666 3623 4754 perscripsimus,
3672 4678 3727 4733 et

892 4765 1192 4851 petimus,
1243 4770 1316 4826 ut
1348 4760 1466 4826 illa
1506 4760 1675 4825 hanc
1715 4784 1853 4826 rem
1893 4762 2025 4827 sibi
2082 4785 2201 4849 pro
2254 4785 2372 4828 sua
2428 4765 2588 4849 erga
2641 4786 2760 4829 nos
2816 4785 3040 4829 omnes
3098 4755 3551 4832 benevolentia
3605 4766 3723 4833 dili·

894 4863 1074 4949 genti
1113 4883 1309 4927 curae
1356 4882 1499 4926 esse
1540 4859 1730 4926 sinat.
1789 4861 2198 4949 Responsum
2239 4861 2322 4927 de
2363 4863 2753 4949 migratione
2796 4862 2975 4931 aliud
3017 4864 3241 4930 datum
3282 4888 3413 4932 non
3454 4867 3539 4932 iri
3578 4866 3723 4934 arbi·

813 4971 880 5026 40
896 4969 1163 5042 tramur,
1210 4982 1408 5048 quam
1446 4969 1774 5025 ostensum
1816 4961 1936 5026 fuit
1974 4960 2061 5026 ab
2106 4962 2509 5049 amplissimo
2553 4962 2636 5027 D.
2680 4961 3134 5046 Chumerstad‚
3179 4973 3254 5030 ut
3294 4963 3549 5030 audivit
3586 4966 3721 5032 refe·

895 5067 1147 5123 rentem
1199 5068 1313 5125 tua
1368 5067 1609 5147 praest.
1662 5060 1751 5125 D.
1796 5059 2262 5128 Camerarium.
2333 5062 2470 5127 Nos
2517 5070 2736 5127 tamen
2778 5063 3295 5129 existimavimus
3340 5064 3721 5151 profuturum

896 5158 984 5234 (si
1026 5155 1247 5244 aliqui,
1287 5160 1382 5224 ita
1423 5181 1496 5224 re
1537 5167 1827 5245 cogente,
1880 5160 2233 5227 discessuri
2271 5162 2341 5226 in
2394 5163 2761 5249 propinquo
2801 5184 3138 5228 remanere
3178 5161 3450 5241 nollent)
3506 5164 3721 5252 perfici,

896 5278 980 5322 ne
1021 5257 1213 5345 copia
1254 5256 1415 5323 haec
1455 5256 1585 5322 illis
1628 5257 1904 5343 deesset,
1956 5259 2361 5348 Rochlicium
2401 5270 2618 5327 autem
2661 5270 2726 5326 et
2765 5262 3051 5328 nondum
3090 5262 3333 5328 infame
3378 5283 3521 5329 esse
3562 5284 3600 5327 a
3632 5262 3719 5329 lue
