4038 6358
955 542 1076 609 380
1928 543 2032 594 me
2078 543 2518 608 philo-ophiuche
2548 540 2806 593 Facula&

991 730 1029 790 5
1048 723 1075 764 ⁰
1116 744 1336 788 omnes
1363 724 1708 810 magistros
1739 726 2204 792 concernencia
2243 722 2655 812 generaliter,
2696 731 2761 788 et
2801 719 2932 809 legi
2973 719 3212 787 debent
3237 726 3523 806 tempore
3557 740 3757 808 recep-

1111 822 1304 888 tionis
1355 822 1671 890 ordinarii
1711 848 1829 913 per
1871 825 2207 909 decanum,
2249 822 2402 891 folio
2444 824 2667 910 quinto
2710 828 2770 899 (7
2785 829 2864 900 ⁸).

989 930 1028 991 6
1047 925 1074 967 ⁰
1115 924 1592 1008 magistrandos
1634 928 1983 1012 tangentia,
2026 948 2193 1016 quae
2234 923 2473 990 debent
2511 922 2643 1010 legi
2682 944 2802 1009 per
2844 920 3160 987 decanum
3200 930 3490 1007 tempore
3523 917 3755 1006 dispen-

1112 1024 1392 1089 sacionis
1436 1032 1500 1088 et
1540 1024 1838 1091 introitus
1882 1027 1968 1092 ad
2010 1036 2424 1114 temptamen,
2462 1022 2616 1090 folio
2657 1044 2827 1088 nono
2866 1026 3067 1103 (11⁸).

864 1131 897 1187 5
991 1127 1029 1188 7
1048 1123 1075 1162 ⁰
1118 1122 1520 1188 baccalarios
1563 1127 2035 1211 concernentia,
2081 1148 2246 1215 quae
2290 1134 2439 1191 sunt
2480 1125 2573 1189 eis
2614 1122 2890 1210 legenda
2934 1130 3227 1209 tempore
3275 1118 3758 1207 dispensacionis

1112 1220 1436 1288 facultatis
1481 1245 1623 1287 cum
1668 1223 1812 1289 aliis
1854 1225 2086 1310 tribus,
2125 1225 2278 1292 folio
2325 1230 2398 1293 13
2443 1224 2680 1303 (15ὺ).ί

988 1323 1025 1386 8
1046 1321 1071 1361 ⁰
1110 1321 1646 1388 baccalariandos
1687 1327 2034 1410 tangencia
2091 1325 2330 1392 debent
2381 1323 2512 1410 legi
2568 1344 2685 1410 per
2729 1321 3046 1388 decanum
3101 1329 3395 1407 tempore
3450 1316 3756 1405 dispensa-

1115 1422 1319 1487 cionis
1363 1434 1427 1487 et
1463 1424 1937 1511 conspectionis
1978 1446 2424 1513 personarumz

984 1527 1022 1587 9
1043 1524 1070 1564 ⁰
1111 1532 1432 1608 ponuntur
1493 1521 1750 1608 aliquae
1802 1533 2077 1611 statuta,
2136 1546 2302 1613 quae
2357 1543 2634 1590 examen
2692 1542 2944 1586 morum
2992 1519 3366 1607 respiciunt,
3426 1537 3588 1605 quae
3624 1526 3757 1582 tunc

866 1629 930 1686 10
1110 1622 1314 1686 eciam
1377 1643 1494 1707 per
1549 1621 1864 1688 decanum
1920 1634 2070 1690 sunt
2121 1621 2417 1709 legenda.
2503 1619 2757 1687 Ibidem
2811 1618 3130 1687 habentur
3185 1618 3394 1683 eciam
3452 1639 3558 1699 ea,
3614 1636 3757 1703 quae

1106 1719 1381 1806 legenda
1427 1730 1572 1786 sunt
1615 1719 1915 1787 admissis
1967 1733 2117 1810 post
2158 1743 2434 1788 examen
2472 1729 2763 1808 tempore
2815 1719 3366 1807 praesentacionis
3423 1724 3488 1781 et
3535 1715 3755 1780 favoris

1104 1817 1476 1906 incipiendi.
1557 1819 1717 1886 Post
1774 1820 1898 1887 hoc
1940 1830 2270 1909 ponuntur
2327 1829 2569 1887 stamta
2619 1818 2959 1906 quaedam,
3010 1840 3179 1905 quae
3221 1817 3579 1904 respiciunt
3617 1836 3753 1901 pau·

1102 1940 1313 2005 peres,
1354 1918 1639 1984 volentes
1705 1930 1926 2007 petere
1993 1921 2454 2005 dimissionem,
2516 1929 2581 1987 et
2642 1918 2849 1985 eciam
2906 1919 3085 2003 illos,
3145 1918 3258 2004 qui
3331 1926 3557 2004 petunt
3613 1913 3753 1980 dila·

1103 2018 1364 2083 cionem.
1386 2018 1412 2059 ²

852 2126 913 2184 15
1015 2117 1287 2183 Decimo
1354 2116 1672 2184 habentur
1743 2126 2017 2203 statuta,
2094 2144 2259 2208 quae
2319 2145 2540 2189 omnes
2606 2118 3081 2209 promovendos
3127 2123 3553 2198 concernunt,
3609 2135 3749 2202 quae

1102 2215 1337 2281 debent
1391 2216 1521 2303 legi
1572 2216 1675 2283 bis
1730 2241 1849 2306 per
1906 2221 2261 2305 quemlibet
2316 2222 2634 2289 decanum
2687 2219 2987 2288 omnibus
3050 2216 3403 2305 suppositis
3458 2212 3750 2279 facultatis

1102 2317 1352 2382 arcium
1393 2315 1653 2403 publice
1695 2319 1762 2383 in
1807 2318 2075 2386 lectorio
2120 2318 2349 2410 (ΓΠ).3

1226 2533 1275 2599 Ι.
1327 2530 1451 2623 [Bl.
1491 2531 1594 2622 3¹³]
1642 2534 1979 2602 Statuta
2022 2539 2582 2627 respiciencia
2624 2537 2919 2603 decani
2974 2534 3479 2601 electionem.

1380 2725 1430 2784 1.
1475 2736 1566 2783 ΕΤ
1609 2737 1825 2787 PRIMO
1867 2738 1962 2787 DE
2003 2740 2333 2789 TEEPORE
2378 2737 2793 2793 ELECTIONIS
2834 2736 3005 2789 Nov1
3044 2734 3325 2785 mecam.

849 2876 917 2932 20
1099 2867 1320 2932 Primo
1364 2868 1686 2952 statuitur,
1729 2870 1904 2958 quod
1941 2871 2240 2941 facultas.
2264 2874 2510 2939 arcium
2552 2873 2624 2938 in
2664 2894 2832 2938 anno
2875 2871 3037 2937 duos
3081 2868 3274 2935 debet
3314 2867 3551 2933 habere
3584 2867 3736 2933 deca·

932 2989 1070 3049 nos,
1128 2989 1401 3054 quorum
1457 2991 1621 3033 unus
1665 2968 1818 3056 eligi
1861 2969 2056 3037 debet
2109 2971 2382 3039 sabbato
2431 2982 2580 3038 ante
2637 2973 2872 3038 festum
2930 2970 3220 3056 Georgii,
3280 2966 3563 3056 reliquus
3611 2989 3734 3031 vero

932 3066 1203 3133 sabbato
1252 3076 1401 3132 ante
1441 3067 1675 3133 festum
1719 3067 1910 3138 Gaui.

1696 3241 1752 3302 2.
1809 3253 2057 3314 qums
2099 3255 2416 3305 ransom
2452 3256 2686 3305 nansi·
2729 3253 2941 3304 Eum.
2966 3238 2992 3279 ⁴¹

1100 3384 1264 3449 Item
1304 3383 1517 3451 nullus
1561 3386 1631 3451 in
1672 3384 1991 3452 decanum
2044 3387 2372 3456 facultatis
2416 3391 2661 3456 arcium
2718 3387 2870 3475 eligi
2925 3386 3117 3453 debet
3134 3436 3153 3469 ,
3215 3385 3346 3450 nisi
3389 3386 3472 3450 sit
3511 3384 3586 3449 de
3613 3405 3729 3448 con-

842 3490 907 3547 25
929 3481 1073 3550 silio
1126 3483 1451 3550 facultatis
1511 3493 1576 3550 et
1626 3485 1695 3550 in
1747 3485 1975 3552 eadem
2028 3488 2335 3553 facultate
2388 3498 2539 3554 actu
2593 3511 2844 3575 regens.
2926 3487 3016 3552 Et
3066 3488 3259 3552 istum
3318 3486 3387 3549 in
3443 3483 3728 3572 proposito

922 3593 1114 3648 vocat
1158 3583 1434 3650 facultas
1479 3594 1630 3650 actu
1671 3599 2031 3671 regentem,
2073 3589 2183 3672 qui
2227 3611 2416 3653 suum
2457 3588 2616 3675 legit
2656 3587 3054 3654 ordinarium
3095 3595 3159 3651 et
3200 3586 3467 3674 incepit,
3506 3585 3558 3649 si
3579 3603 3727 3670 prae·

925 3705 1071 3747 sens
1110 3683 1249 3767 fm‘t,
1289 3692 1440 3748 ante
1481 3683 1715 3748 festum
1759 3687 2046 3749 omnium
2091 3696 2492 3771 sanctorum3
2539 3690 2595 3753 si
2620 3710 2778 3753 vero
2811 3686 3067 3768 absens,
3109 3697 3258 3750 ante
3281 3685 3514 3751 festum
3533 3682 3726 3747 nativi·

924 3783 1077 3846 tatis
1136 3781 1379 3848 Christi
1434 3785 1501 3847 in
1556 3782 1792 3869 hyeme
1852 3781 2000 3870 (sed
2041 3786 2110 3850 in
2153 3796 2398 3852 aestate
2440 3788 2730 3874 incipere
2769 3786 2965 3852 debet
3007 3797 3156 3853 ante
3194 3787 3431 3851 festum
3464 3781 3725 3850 Iohannis

920 3890 1070 3945 ante
1112 3892 1367 3968 portam
1407 3881 1678 3946 latinam
1738 3880 1816 3967 [6.
1862 3881 2022 3971 Mai]
2038 3934 2057 3969 ,
2118 3889 2175 3950 si
2220 3909 2528 3974 praesens
2570 3887 2794 3970 fuerit,
2855 3887 3090 3953 absens
3132 3908 3290 3952 vero
3343 3896 3493 3951 ante
3531 3883 3725 3948 festum

838 3987 905 4045 30
926 3982 1134 4045 sancti
1174 3980 1481 4047 Iohannis
1523 3980 1902 4070 baptistae),
1953 3992 2019 4047 et
2058 3984 2314 4071 publice
2356 3986 2425 4050 in
2469 3986 2662 4052 scolis
2710 3987 3129 4070 continuavit,
3172 3987 3302 4051 nisi
3346 3986 3581 4051 decano
3605 4003 3721 4050 con·

922 4081 1187 4162 stiterit,
1245 4080 1417 4165 quod
1477 4079 1813 4147 lectorium
1855 4081 2100 4148 habere
2139 4107 2268 4150 non
2311 4087 2556 4172 potuit,
2615 4095 2679 4152 et
2719 4088 2787 4151 in
2829 4086 3057 4153 ordine
3101 4109 3218 4153 suo
3262 4085 3584 4153 ordinarie
3620 4080 3721 4146 dis·

918 4180 1189 4266 putavit,
1233 4190 1296 4245 et
1333 4180 1403 4244 in
1442 4179 1816 4268 quotlibeto,
1861 4183 1917 4248 si
1954 4183 2177 4267 fuerit,
2218 4183 2677 4272 respondebat.

1090 4449 1113 4500 1
1151 4444 1287 4499 Dies
1325 4443 1541 4500 scheint
1574 4446 1721 4504 nach
1755 4446 1855 4501 der
1887 4445 2146 4519 Fassung
2179 4447 2277 4502 des
2308 4447 2485 4504 Titels
2520 4451 2622 4507 wie
2655 4449 2799 4507 nach
2836 4452 2935 4508 der
2967 4450 3250 4507 Blattzahl
3285 4448 3442 4506 nicht
3473 4449 3564 4504 der
3589 4444 3714 4501 Na?

917 4529 1018 4585 der
1053 4529 1256 4600 obigen
1290 4528 1622 4586 Uebersicht
1652 4530 1768 4586 und
1798 4530 2003 4586 meiner
2040 4530 2387 4605 Abtheilung
2415 4533 2528 4590 VII
2573 4535 2638 4606 (s.
2679 4536 2873 4610 unten)
2908 4535 3269 4608 entsprechen
3315 4553 3386 4591 zu
3424 4534 3595 4602 sollen,
3624 4546 3715 4584 son·

917 4613 1052 4669 dern
1088 4612 1350 4669 vielmehr
1381 4613 1538 4682 vm,
1570 4621 1602 4670 9
1649 4613 1783 4684 (vgl.
1817 4613 1908 4669 die
1940 4614 2328 4672 Ueberschrift
2369 4617 2690 4693 desselben).
2761 4620 2843 4674 Ist
2877 4621 2995 4677 dies
3037 4622 3139 4675 mit
3175 4618 3419 4676 Absicht
3456 4614 3713 4692 geschehen

916 4698 1050 4753 oder
1086 4697 1223 4768 liegt
1255 4697 1346 4753 ein
1377 4696 1578 4752 Fehler
1610 4697 1746 4752 vor?

1084 4786 1114 4836 2
1147 4780 1257 4836 Die
1292 4780 1456 4853 obige
1486 4779 1988 4838 Inhaltsiibersieht
2034 4783 2244 4840 stimmt
2282 4785 2342 4840 in
2384 4792 2416 4842 9
2467 4787 2622 4843 nicht
2667 4789 2771 4844 mit
2814 4788 2913 4844 der
2957 4787 3375 4845 vorstehenden.
3437 4787 3557 4857 Vgl.
3586 4785 3710 4840 Anm.

912 4882 983 4920 211
1018 4865 1576 5075 ἮὸΠὲῙὲιιαὲρέἶθι-Ιὲτ.
1596 4949 1766 5005 Hand
1798 4968 1888 5007 am
1922 4951 2122 5008 Rande
2154 4952 2549 5028 hinzugefiigt:
2604 4959 2694 5013 De
2726 4958 2943 5014 scancia
2968 4959 3472 5032 promovendorum
3487 4953 3593 5027 sol.
3621 4957 3646 5007 9
3672 4956 3710 5005 d

909 5050 1015 5104 809.
1049 5034 1131 5172 (⁴¹1¹
1144 5036 1347 5190 Siiater
1380 5117 1679 5192 hmzugefli'
1663 5120 1770 5191 ‘gtt
1820 5126 1873 5175 ct
1903 5121 2030 5189 quie
2066 5122 2143 5176 sit
2173 5129 2302 5176 actu
2333 5139 2540 5193 regma.
