<?xml version="1.0" encoding="UTF-8"?>
<!DOCTYPE html PUBLIC "-//W3C//DTD XHTML 1.0 Transitional//EN"
    "http://www.w3.org/TR/xhtml1/DTD/xhtml1-transitional.dtd">
<html xmlns="http://www.w3.org/1999/xhtml" xml:lang="en" lang="en">
 <head>
  <title>
</title>
<meta http-equiv="Content-Type" content="text/html;charset=utf-8" />
  <meta name='ocr-system' content='tesseract 3.04.00' />
  <meta name='ocr-capabilities' content='ocr_page ocr_carea ocr_par ocr_line ocrx_word'/>
</head>
<body>
  <div class='ocr_page' id='page_1' title='image "./diestatutenbche02leipgoog_0563.png"; bbox 0 0 4038 6358; ppageno 0'>
   <div class='ocr_carea' id='block_1_1' title="bbox 978 1932 2581 2045">
    <p class='ocr_par' dir='ltr' id='par_1_1' title="bbox 978 1932 2581 2045">
     <span class='ocr_line' id='line_1_1' title="bbox 978 1932 2581 2045; baseline 0.001 -32"><span class='ocrx_word' id='word_1_1' title='bbox 978 1950 1061 2014; x_wconf 88' lang='lat' dir='ltr'><strong>A.</strong></span> <span class='ocrx_word' id='word_1_2' title='bbox 1116 1950 1277 2017; x_wconf 77' lang='lat' dir='ltr'><strong>Dm</strong></span> <span class='ocrx_word' id='word_1_3' title='bbox 1321 1950 2029 2021; x_wconf 74' lang='lat' dir='ltr'><strong>THEOLoelscHE</strong></span> <span class='ocrx_word' id='word_1_4' title='bbox 2070 1932 2581 2045; x_wconf 59' lang='lat' dir='ltr'><strong>FAcuLTAT.</strong></span> 
     </span>
    </p>
   </div>
   <div class='ocr_carea' id='block_1_2' title="bbox 1572 2157 1984 2165">
    <p class='ocr_par' dir='ltr' id='par_1_2' title="bbox 1572 2157 1984 2165">
     <span class='ocr_line' id='line_1_2' title="bbox 1572 2157 1984 2165; baseline 0 4193"><span class='ocrx_word' id='word_1_5' title='bbox 1572 2157 1984 2165; x_wconf 95' lang='lat' dir='ltr'><strong> </strong></span> 
     </span>
    </p>
   </div>
   <div class='ocr_carea' id='block_1_3' title="bbox 1237 2300 2338 2362">
    <p class='ocr_par' dir='ltr' id='par_1_3' title="bbox 1237 2300 2338 2362">
     <span class='ocr_line' id='line_1_3' title="bbox 1237 2300 2338 2362; baseline -0.001 -3"><span class='ocrx_word' id='word_1_6' title='bbox 1237 2308 1281 2362; x_wconf 85' lang='lat'><strong>1.</strong></span> <span class='ocrx_word' id='word_1_7' title='bbox 1327 2309 1451 2359; x_wconf 76' lang='lat' dir='ltr'><strong>Dm.</strong></span> <span class='ocrx_word' id='word_1_8' title='bbox 1488 2300 1872 2360; x_wconf 70' lang='lat' dir='ltr'>ALTESTEN</span> <span class='ocrx_word' id='word_1_9' title='bbox 1909 2308 2338 2359; x_wconf 76' lang='grc' dir='ltr'><strong>8ΤΑΤΠΤΕΝ.1</strong></span> 
     </span>
    </p>
   </div>
   <div class='ocr_carea' id='block_1_4' title="bbox 814 2469 2749 2563">
    <p class='ocr_par' dir='ltr' id='par_1_4' title="bbox 814 2469 2749 2563">
     <span class='ocr_line' id='line_1_4' title="bbox 814 2469 2749 2563; baseline 0.001 -28"><span class='ocrx_word' id='word_1_10' title='bbox 814 2469 932 2558; x_wconf 92' lang='lat' dir='ltr'>[Bl.</span> <span class='ocrx_word' id='word_1_11' title='bbox 979 2469 1066 2558; x_wconf 79' lang='lat'><strong>1⁸]</strong></span> <span class='ocrx_word' id='word_1_12' title='bbox 1113 2471 1451 2538; x_wconf 88' lang='lat' dir='ltr'><strong>Statuta</strong></span> <span class='ocrx_word' id='word_1_13' title='bbox 1492 2476 1834 2563; x_wconf 89' lang='lat' dir='ltr'><strong>antiqua</strong></span> <span class='ocrx_word' id='word_1_14' title='bbox 1877 2473 2222 2560; x_wconf 88' lang='lat' dir='ltr'><strong>collegii</strong></span> <span class='ocrx_word' id='word_1_15' title='bbox 2265 2472 2749 2560; x_wconf 73' lang='lat' dir='ltr'><strong>theologici.</strong></span> 
     </span>
    </p>
   </div>
   <div class='ocr_carea' id='block_1_5' title="bbox 347 2632 3286 2805">
    <p class='ocr_par' dir='ltr' id='par_1_5' title="bbox 347 2632 3286 2805">
     <span class='ocr_line' id='line_1_5' title="bbox 347 2632 3201 2723; baseline 0 -22"><span class='ocrx_word' id='word_1_16' title='bbox 347 2642 403 2701; x_wconf 89' lang='lat'><strong>1.</strong></span> <span class='ocrx_word' id='word_1_17' title='bbox 455 2632 582 2721; x_wconf 89' lang='lat' dir='ltr'><strong>[Bl.</strong></span> <span class='ocrx_word' id='word_1_18' title='bbox 626 2633 731 2723; x_wconf 76' lang='lat'><strong>2⁸]</strong></span> <span class='ocrx_word' id='word_1_19' title='bbox 792 2655 1089 2704; x_wconf 69' lang='grc' dir='ltr'><strong>111111111οΑ</strong></span> <span class='ocrx_word' id='word_1_20' title='bbox 1130 2656 1226 2703; x_wconf 81' lang='lat' dir='ltr'><strong>DE</strong></span> <span class='ocrx_word' id='word_1_21' title='bbox 1268 2656 1641 2705; x_wconf 71' lang='lat' dir='ltr'><strong>ARELITATE</strong></span> <span class='ocrx_word' id='word_1_22' title='bbox 1681 2658 2147 2711; x_wconf 69' lang='lat' dir='ltr'><strong>Pensomann</strong></span> <span class='ocrx_word' id='word_1_23' title='bbox 2186 2657 2281 2704; x_wconf 75' lang='lat' dir='ltr'><strong>An</strong></span> <span class='ocrx_word' id='word_1_24' title='bbox 2320 2656 2591 2704; x_wconf 75' lang='lat' dir='ltr'><strong>consum</strong></span> <span class='ocrx_word' id='word_1_25' title='bbox 2630 2656 2721 2703; x_wconf 80' lang='grc' dir='ltr'><strong>ΕΤ</strong></span> <span class='ocrx_word' id='word_1_26' title='bbox 2768 2655 2861 2702; x_wconf 71' lang='lat' dir='ltr'><strong>AD</strong></span> <span class='ocrx_word' id='word_1_27' title='bbox 2908 2655 3201 2703; x_wconf 60' lang='grc'><strong>8111111111-</strong></span> 
     </span>
     <span class='ocr_line' id='line_1_6' title="bbox 1087 2748 3286 2805; baseline -0.001 -3"><span class='ocrx_word' id='word_1_28' title='bbox 1087 2755 1238 2803; x_wconf 70' lang='lat' dir='ltr'><strong>&#39;rus</strong></span> <span class='ocrx_word' id='word_1_29' title='bbox 1281 2756 1893 2805; x_wconf 71' lang='lat' dir='ltr'><strong>Anm&#39;r&#39;rsnnARUM</strong></span> <span class='ocrx_word' id='word_1_30' title='bbox 1918 2749 2005 2804; x_wconf 80' lang='lat' dir='ltr'><strong>‘m</strong></span> <span class='ocrx_word' id='word_1_31' title='bbox 2051 2755 2476 2804; x_wconf 71' lang='lat' dir='ltr'><strong>TnEonoem.</strong></span> <span class='ocrx_word' id='word_1_32' title='bbox 3253 2748 3286 2800; x_wconf 80' lang='lat'>5</span> 
     </span>
    </p>
   </div>
   <div class='ocr_carea' id='block_1_6' title="bbox 341 2882 3288 4265">
    <p class='ocr_par' dir='ltr' id='par_1_6' title="bbox 341 2882 3288 4265">
     <span class='ocr_line' id='line_1_7' title="bbox 519 2882 3204 2973; baseline 0.001 -25"><span class='ocrx_word' id='word_1_33' title='bbox 519 2882 976 2950; x_wconf 87' lang='lat' dir='ltr'><strong>Admittendus</strong></span> <span class='ocrx_word' id='word_1_34' title='bbox 1021 2884 1105 2951; x_wconf 90' lang='lat' dir='ltr'><strong>ad</strong></span> <span class='ocrx_word' id='word_1_35' title='bbox 1149 2885 1493 2973; x_wconf 88' lang='lat' dir='ltr'><strong>legendum</strong></span> <span class='ocrx_word' id='word_1_36' title='bbox 1540 2910 1803 2954; x_wconf 89' lang='lat' dir='ltr'><strong>cursum</strong></span> <span class='ocrx_word' id='word_1_37' title='bbox 1848 2890 1915 2953; x_wconf 91' lang='lat' dir='ltr'><strong>in</strong></span> <span class='ocrx_word' id='word_1_38' title='bbox 1962 2887 2289 2973; x_wconf 83' lang='lat' dir='ltr'>theologia</span> <span class='ocrx_word' id='word_1_39' title='bbox 2327 2886 2430 2951; x_wconf 87' lang='lat' dir='ltr'><strong>vel</strong></span> <span class='ocrx_word' id='word_1_40' title='bbox 2477 2889 2685 2953; x_wconf 89' lang='lat' dir='ltr'><strong>eciam</strong></span> <span class='ocrx_word' id='word_1_41' title='bbox 2731 2886 2818 2952; x_wconf 92' lang='lat' dir='ltr'><strong>ad</strong></span> <span class='ocrx_word' id='word_1_42' title='bbox 2859 2885 3204 2972; x_wconf 86' lang='lat' dir='ltr'><strong>legendum</strong></span> 
     </span>
     <span class='ocr_line' id='line_1_8' title="bbox 345 2985 3205 3073; baseline 0.002 -26"><span class='ocrx_word' id='word_1_43' title='bbox 345 2985 738 3066; x_wconf 80' lang='lat' dir='ltr'><strong>sentencias,</strong></span> <span class='ocrx_word' id='word_1_44' title='bbox 782 2985 838 3047; x_wconf 89' lang='lat' dir='ltr'><strong>si</strong></span> <span class='ocrx_word' id='word_1_45' title='bbox 879 3007 1008 3049; x_wconf 90' lang='lat' dir='ltr'><strong>non</strong></span> <span class='ocrx_word' id='word_1_46' title='bbox 1048 2985 1243 3051; x_wconf 88' lang='lat' dir='ltr'><strong>fuerit</strong></span> <span class='ocrx_word' id='word_1_47' title='bbox 1286 2986 1649 3073; x_wconf 89' lang='lat' dir='ltr'><strong>religiosus,</strong></span> <span class='ocrx_word' id='word_1_48' title='bbox 1707 2999 1859 3054; x_wconf 87' lang='lat' dir='ltr'><strong>tunc</strong></span> <span class='ocrx_word' id='word_1_49' title='bbox 1902 2996 2156 3053; x_wconf 87' lang='lat' dir='ltr'><strong>tenetur</strong></span> <span class='ocrx_word' id='word_1_50' title='bbox 2208 3009 2349 3051; x_wconf 88' lang='lat' dir='ltr'><strong>esse</strong></span> <span class='ocrx_word' id='word_1_51' title='bbox 2390 2985 2615 3052; x_wconf 90' lang='lat' dir='ltr'><strong>doctor</strong></span> <span class='ocrx_word' id='word_1_52' title='bbox 2657 2985 2760 3051; x_wconf 89' lang='lat' dir='ltr'><strong>vel</strong></span> <span class='ocrx_word' id='word_1_53' title='bbox 2812 2987 2971 3051; x_wconf 83' lang='lat' dir='ltr'><strong>iuris</strong></span> <span class='ocrx_word' id='word_1_54' title='bbox 3016 3008 3205 3052; x_wconf 90' lang='lat' dir='ltr'><strong>cano-</strong></span> 
     </span>
     <span class='ocr_line' id='line_1_9' title="bbox 347 3083 3205 3168; baseline 0.001 -22"><span class='ocrx_word' id='word_1_55' title='bbox 347 3084 486 3147; x_wconf 93' lang='lat' dir='ltr'><strong>nici</strong></span> <span class='ocrx_word' id='word_1_56' title='bbox 534 3093 646 3147; x_wconf 89' lang='lat' dir='ltr'><strong>aut</strong></span> <span class='ocrx_word' id='word_1_57' title='bbox 687 3083 1066 3168; x_wconf 81' lang='lat' dir='ltr'><strong>medicinae,</strong></span> <span class='ocrx_word' id='word_1_58' title='bbox 1107 3085 1213 3150; x_wconf 84' lang='lat' dir='ltr'><strong>vel</strong></span> <span class='ocrx_word' id='word_1_59' title='bbox 1255 3085 1635 3153; x_wconf 89' lang='lat' dir='ltr'><strong>licenciatus</strong></span> <span class='ocrx_word' id='word_1_60' title='bbox 1678 3089 1746 3152; x_wconf 94' lang='lat' dir='ltr'><strong>in</strong></span> <span class='ocrx_word' id='word_1_61' title='bbox 1778 3087 1984 3152; x_wconf 89' lang='lat' dir='ltr'><strong>altera</strong></span> <span class='ocrx_word' id='word_1_62' title='bbox 2013 3086 2331 3151; x_wconf 88' lang='lat' dir='ltr'><strong>dictarum</strong></span> <span class='ocrx_word' id='word_1_63' title='bbox 2370 3085 2765 3168; x_wconf 84' lang='lat' dir='ltr'><strong>facultatum,</strong></span> <span class='ocrx_word' id='word_1_64' title='bbox 2808 3084 2913 3149; x_wconf 82' lang='lat' dir='ltr'><strong>vel</strong></span> <span class='ocrx_word' id='word_1_65' title='bbox 2955 3087 3205 3150; x_wconf 87' lang='lat' dir='ltr'><strong>arcium</strong></span> 
     </span>
     <span class='ocr_line' id='line_1_10' title="bbox 343 3183 3207 3273; baseline 0 -25"><span class='ocrx_word' id='word_1_66' title='bbox 343 3183 682 3269; x_wconf 82' lang='lat' dir='ltr'><strong>magister,</strong></span> <span class='ocrx_word' id='word_1_67' title='bbox 725 3183 829 3249; x_wconf 89' lang='lat' dir='ltr'><strong>vel</strong></span> <span class='ocrx_word' id='word_1_68' title='bbox 887 3183 1117 3249; x_wconf 90' lang='lat' dir='ltr'><strong>saltem</strong></span> <span class='ocrx_word' id='word_1_69' title='bbox 1171 3184 1548 3251; x_wconf 87' lang='lat' dir='ltr'><strong>licenciatus</strong></span> <span class='ocrx_word' id='word_1_70' title='bbox 1593 3189 1661 3252; x_wconf 90' lang='lat' dir='ltr'><strong>in</strong></span> <span class='ocrx_word' id='word_1_71' title='bbox 1705 3186 1968 3252; x_wconf 89' lang='lat' dir='ltr'><strong>eisdem.</strong></span> <span class='ocrx_word' id='word_1_72' title='bbox 2051 3186 2183 3252; x_wconf 87' lang='lat' dir='ltr'><strong>Sed</strong></span> <span class='ocrx_word' id='word_1_73' title='bbox 2237 3187 2601 3273; x_wconf 72' lang='lat' dir='ltr'><strong>religiosae,</strong></span> <span class='ocrx_word' id='word_1_74' title='bbox 2659 3186 2865 3249; x_wconf 90' lang='lat' dir='ltr'><strong>eciam</strong></span> <span class='ocrx_word' id='word_1_75' title='bbox 2919 3186 2974 3249; x_wconf 90' lang='lat' dir='ltr'><strong>si</strong></span> <span class='ocrx_word' id='word_1_76' title='bbox 3014 3187 3207 3250; x_wconf 85' lang='lat' dir='ltr'><strong>fuerit</strong></span> 
     </span>
     <span class='ocr_line' id='line_1_11' title="bbox 341 3281 3288 3374; baseline 0 -27"><span class='ocrx_word' id='word_1_77' title='bbox 341 3306 478 3348; x_wconf 85' lang='lat' dir='ltr'><strong>non</strong></span> <span class='ocrx_word' id='word_1_78' title='bbox 518 3281 934 3367; x_wconf 83' lang='lat' dir='ltr'><strong>graduatus,²</strong></span> <span class='ocrx_word' id='word_1_79' title='bbox 975 3294 1188 3370; x_wconf 90' lang='lat' dir='ltr'><strong>potest</strong></span> <span class='ocrx_word' id='word_1_80' title='bbox 1225 3296 1441 3350; x_wconf 90' lang='lat' dir='ltr'><strong>tamen</strong></span> <span class='ocrx_word' id='word_1_81' title='bbox 1485 3286 1569 3351; x_wconf 90' lang='lat' dir='ltr'><strong>ad</strong></span> <span class='ocrx_word' id='word_1_82' title='bbox 1613 3307 1869 3352; x_wconf 88' lang='lat' dir='ltr'><strong>cursum</strong></span> <span class='ocrx_word' id='word_1_83' title='bbox 1916 3288 2323 3374; x_wconf 87' lang='lat' dir='ltr'><strong>praesentari</strong></span> <span class='ocrx_word' id='word_1_84' title='bbox 2368 3284 2717 3351; x_wconf 87' lang='lat' dir='ltr'><strong>secundum</strong></span> <span class='ocrx_word' id='word_1_85' title='bbox 2745 3282 3005 3348; x_wconf 88' lang='lat' dir='ltr'><strong>modum</strong></span> <span class='ocrx_word' id='word_1_86' title='bbox 3034 3284 3204 3348; x_wconf 86' lang='lat' dir='ltr'><strong>infra</strong></span> <span class='ocrx_word' id='word_1_87' title='bbox 3225 3293 3288 3348; x_wconf 90' lang='grc'><strong>10</strong></span> 
     </span>
     <span class='ocr_line' id='line_1_12' title="bbox 344 3381 3205 3471; baseline 0 -24"><span class='ocrx_word' id='word_1_88' title='bbox 344 3382 684 3468; x_wconf 84' lang='lat' dir='ltr'><strong>scriptum.</strong></span> <span class='ocrx_word' id='word_1_89' title='bbox 762 3381 1015 3447; x_wconf 88' lang='lat' dir='ltr'><strong>Doctor</strong></span> <span class='ocrx_word' id='word_1_90' title='bbox 1060 3384 1220 3448; x_wconf 88' lang='lat' dir='ltr'><strong>iuris</strong></span> <span class='ocrx_word' id='word_1_91' title='bbox 1267 3387 1581 3467; x_wconf 89' lang='lat' dir='ltr'><strong>canonici,</strong></span> <span class='ocrx_word' id='word_1_92' title='bbox 1638 3386 1748 3470; x_wconf 90' lang='lat' dir='ltr'><strong>qui</strong></span> <span class='ocrx_word' id='word_1_93' title='bbox 1803 3396 1952 3471; x_wconf 90' lang='lat' dir='ltr'><strong>post</strong></span> <span class='ocrx_word' id='word_1_94' title='bbox 1992 3384 2398 3450; x_wconf 86' lang='lat' dir='ltr'><strong>doctoratum</strong></span> <span class='ocrx_word' id='word_1_95' title='bbox 2440 3386 2646 3449; x_wconf 86' lang='lat' dir='ltr'><strong>tenuit</strong></span> <span class='ocrx_word' id='word_1_96' title='bbox 2700 3382 3077 3447; x_wconf 85' lang='lat' dir='ltr'><strong>cathedram</strong></span> <span class='ocrx_word' id='word_1_97' title='bbox 3118 3381 3205 3447; x_wconf 89' lang='lat' dir='ltr'><strong>ad</strong></span> 
     </span>
     <span class='ocr_line' id='line_1_13' title="bbox 342 3481 3206 3569; baseline 0 -24"><span class='ocrx_word' id='word_1_98' title='bbox 342 3482 566 3545; x_wconf 87' lang='lat' dir='ltr'><strong>minus</strong></span> <span class='ocrx_word' id='word_1_99' title='bbox 609 3502 726 3566; x_wconf 89' lang='lat' dir='ltr'><strong>per</strong></span> <span class='ocrx_word' id='word_1_100' title='bbox 770 3482 1051 3569; x_wconf 91' lang='lat' dir='ltr'><strong>quinque</strong></span> <span class='ocrx_word' id='word_1_101' title='bbox 1094 3504 1318 3566; x_wconf 89' lang='lat' dir='ltr'><strong>annos,</strong></span> <span class='ocrx_word' id='word_1_102' title='bbox 1378 3485 1595 3549; x_wconf 84' lang='lat' dir='ltr'><strong>statim</strong></span> <span class='ocrx_word' id='word_1_103' title='bbox 1649 3484 1732 3549; x_wconf 89' lang='lat' dir='ltr'><strong>ad</strong></span> <span class='ocrx_word' id='word_1_104' title='bbox 1787 3485 2150 3548; x_wconf 88' lang='lat' dir='ltr'><strong>sentencias</strong></span> <span class='ocrx_word' id='word_1_105' title='bbox 2194 3483 2591 3565; x_wconf 86' lang='lat' dir='ltr'><strong>admittatur,</strong></span> <span class='ocrx_word' id='word_1_106' title='bbox 2638 3483 2732 3546; x_wconf 89' lang='lat' dir='ltr'><strong>ita</strong></span> <span class='ocrx_word' id='word_1_107' title='bbox 2773 3491 2988 3546; x_wconf 86' lang='lat' dir='ltr'><strong>tamen</strong></span> <span class='ocrx_word' id='word_1_108' title='bbox 3029 3481 3206 3569; x_wconf 91' lang='lat' dir='ltr'><strong>quod</strong></span> 
     </span>
     <span class='ocr_line' id='line_1_14' title="bbox 345 3580 3205 3668; baseline 0 -23"><span class='ocrx_word' id='word_1_109' title='bbox 345 3580 563 3667; x_wconf 87' lang='lat' dir='ltr'><strong>primo</strong></span> <span class='ocrx_word' id='word_1_110' title='bbox 616 3580 819 3645; x_wconf 85' lang='lat' dir='ltr'><strong>faciat</strong></span> <span class='ocrx_word' id='word_1_111' title='bbox 871 3581 1267 3667; x_wconf 88' lang='lat' dir='ltr'><strong>principium</strong></span> <span class='ocrx_word' id='word_1_112' title='bbox 1321 3583 1388 3647; x_wconf 89' lang='lat' dir='ltr'><strong>in</strong></span> <span class='ocrx_word' id='word_1_113' title='bbox 1446 3585 1819 3665; x_wconf 77' lang='lat' dir='ltr'><strong>sentenciis,</strong></span> <span class='ocrx_word' id='word_1_114' title='bbox 1875 3581 2109 3647; x_wconf 90' lang='lat' dir='ltr'><strong>deinde</strong></span> <span class='ocrx_word' id='word_1_115' title='bbox 2165 3580 2560 3668; x_wconf 78' lang='lat' dir='ltr'><strong>respondeat</strong></span> <span class='ocrx_word' id='word_1_116' title='bbox 2615 3592 2679 3646; x_wconf 93' lang='lat' dir='ltr'><strong>et</strong></span> <span class='ocrx_word' id='word_1_117' title='bbox 2739 3592 3205 3668; x_wconf 88' lang='lat' dir='ltr'><strong>consequenter</strong></span> 
     </span>
     <span class='ocr_line' id='line_1_15' title="bbox 343 3678 3202 3769; baseline -0 -24"><span class='ocrx_word' id='word_1_118' title='bbox 343 3679 521 3745; x_wconf 85' lang='lat' dir='ltr'><strong>infra</strong></span> <span class='ocrx_word' id='word_1_119' title='bbox 560 3678 952 3766; x_wconf 88' lang='lat' dir='ltr'><strong>quindenam</strong></span> <span class='ocrx_word' id='word_1_120' title='bbox 1006 3683 1367 3746; x_wconf 88' lang='lat' dir='ltr'><strong>sentencias</strong></span> <span class='ocrx_word' id='word_1_121' title='bbox 1408 3683 1700 3769; x_wconf 87' lang='lat' dir='ltr'><strong>incipiat.</strong></span> <span class='ocrx_word' id='word_1_122' title='bbox 1782 3681 2031 3746; x_wconf 88' lang='lat' dir='ltr'><strong>Doctor</strong></span> <span class='ocrx_word' id='word_1_123' title='bbox 2073 3704 2227 3748; x_wconf 88' lang='lat' dir='ltr'><strong>vero</strong></span> <span class='ocrx_word' id='word_1_124' title='bbox 2271 3679 2651 3763; x_wconf 88' lang='lat' dir='ltr'><strong>medicinae,</strong></span> <span class='ocrx_word' id='word_1_125' title='bbox 2707 3682 2763 3746; x_wconf 92' lang='lat' dir='ltr'><strong>si</strong></span> <span class='ocrx_word' id='word_1_126' title='bbox 2805 3682 3001 3745; x_wconf 85' lang='lat' dir='ltr'><strong>fuerit</strong></span> <span class='ocrx_word' id='word_1_127' title='bbox 3042 3682 3202 3746; x_wconf 87' lang='lat' dir='ltr'><strong>anti·</strong></span> 
     </span>
     <span class='ocr_line' id='line_1_16' title="bbox 347 3778 3288 3868; baseline 0.001 -24"><span class='ocrx_word' id='word_1_128' title='bbox 347 3801 515 3866; x_wconf 86' lang='lat' dir='ltr'><strong>quus</strong></span> <span class='ocrx_word' id='word_1_129' title='bbox 557 3778 870 3864; x_wconf 81' lang='lat' dir='ltr'><strong>magister</strong></span> <span class='ocrx_word' id='word_1_130' title='bbox 911 3779 981 3843; x_wconf 90' lang='lat' dir='ltr'><strong>in</strong></span> <span class='ocrx_word' id='word_1_131' title='bbox 1023 3778 1275 3844; x_wconf 86' lang='lat' dir='ltr'><strong>artibus</strong></span> <span class='ocrx_word' id='word_1_132' title='bbox 1332 3789 1395 3845; x_wconf 93' lang='lat' dir='ltr'><strong>et</strong></span> <span class='ocrx_word' id='word_1_133' title='bbox 1438 3779 1550 3845; x_wconf 85' lang='lat' dir='ltr'><strong>diu</strong></span> <span class='ocrx_word' id='word_1_134' title='bbox 1601 3780 1930 3846; x_wconf 86' lang='lat' dir='ltr'><strong>laboravit</strong></span> <span class='ocrx_word' id='word_1_135' title='bbox 1983 3782 2053 3844; x_wconf 91' lang='lat' dir='ltr'><strong>in</strong></span> <span class='ocrx_word' id='word_1_136' title='bbox 2107 3779 2372 3860; x_wconf 87' lang='lat' dir='ltr'><strong>eisdem,</strong></span> <span class='ocrx_word' id='word_1_137' title='bbox 2428 3778 2509 3845; x_wconf 91' lang='lat' dir='ltr'><strong>de</strong></span> <span class='ocrx_word' id='word_1_138' title='bbox 2563 3803 2690 3868; x_wconf 89' lang='lat' dir='ltr'><strong>quo</strong></span> <span class='ocrx_word' id='word_1_139' title='bbox 2745 3780 3202 3867; x_wconf 81' lang='lat' dir='ltr'><strong>praesumitur,</strong></span> <span class='ocrx_word' id='word_1_140' title='bbox 3227 3791 3288 3846; x_wconf 81' lang='grc'><strong>15</strong></span> 
     </span>
     <span class='ocr_line' id='line_1_17' title="bbox 347 3876 3206 3966; baseline 0.001 -24"><span class='ocrx_word' id='word_1_141' title='bbox 347 3876 527 3962; x_wconf 85' lang='lat' dir='ltr'><strong>quod</strong></span> <span class='ocrx_word' id='word_1_142' title='bbox 583 3879 768 3965; x_wconf 88' lang='lat' dir='ltr'><strong>prius</strong></span> <span class='ocrx_word' id='word_1_143' title='bbox 813 3887 964 3942; x_wconf 91' lang='lat' dir='ltr'><strong>ante</strong></span> <span class='ocrx_word' id='word_1_144' title='bbox 1006 3877 1410 3946; x_wconf 89' lang='lat' dir='ltr'><strong>doctoratum</strong></span> <span class='ocrx_word' id='word_1_145' title='bbox 1468 3903 1552 3943; x_wconf 91' lang='lat' dir='ltr'><strong>au</strong></span> <span class='ocrx_word' id='word_1_146' title='bbox 1569 3876 1632 3966; x_wconf 84' lang='lat'><strong>[2</strong></span> <span class='ocrx_word' id='word_1_147' title='bbox 1645 3877 1697 3966; x_wconf 82' lang='lat'><strong>¹²]</strong></span> <span class='ocrx_word' id='word_1_148' title='bbox 1715 3879 1879 3945; x_wconf 86' lang='lat' dir='ltr'><strong>divit</strong></span> <span class='ocrx_word' id='word_1_149' title='bbox 1935 3881 2005 3944; x_wconf 91' lang='lat' dir='ltr'><strong>in</strong></span> <span class='ocrx_word' id='word_1_150' title='bbox 2056 3877 2382 3965; x_wconf 85' lang='lat' dir='ltr'><strong>theologia</strong></span> <span class='ocrx_word' id='word_1_151' title='bbox 2416 3877 2539 3943; x_wconf 20' lang='lat' dir='ltr'><strong>*vel</strong></span> <span class='ocrx_word' id='word_1_152' title='bbox 2593 3880 2660 3944; x_wconf 92' lang='lat' dir='ltr'><strong>in</strong></span> <span class='ocrx_word' id='word_1_153' title='bbox 2704 3878 3040 3944; x_wconf 88' lang='lat' dir='ltr'><strong>commodo</strong></span> <span class='ocrx_word' id='word_1_154' title='bbox 3088 3903 3206 3946; x_wconf 91' lang='lat' dir='ltr'><strong>suo</strong></span> 
     </span>
     <span class='ocr_line' id='line_1_18' title="bbox 347 3975 3206 4061; baseline 0.001 -19"><span class='ocrx_word' id='word_1_155' title='bbox 347 3975 599 4042; x_wconf 81' lang='lat' dir='ltr'><strong>studuit</strong></span> <span class='ocrx_word' id='word_1_156' title='bbox 656 3979 725 4041; x_wconf 92' lang='lat' dir='ltr'><strong>in</strong></span> <span class='ocrx_word' id='word_1_157' title='bbox 767 3977 1029 4061; x_wconf 88' lang='lat' dir='ltr'><strong>eadem,</strong></span> <span class='ocrx_word' id='word_1_158' title='bbox 1090 3977 1241 4043; x_wconf 86' lang='lat' dir='ltr'><strong>talis</strong></span> <span class='ocrx_word' id='word_1_159' title='bbox 1301 3977 1618 4061; x_wconf 88' lang='lat' dir='ltr'><strong>similiter,</strong></span> <span class='ocrx_word' id='word_1_160' title='bbox 1680 3982 1847 4044; x_wconf 88' lang='lat' dir='ltr'><strong>sicut</strong></span> <span class='ocrx_word' id='word_1_161' title='bbox 1902 3978 2127 4044; x_wconf 89' lang='lat' dir='ltr'><strong>doctor</strong></span> <span class='ocrx_word' id='word_1_162' title='bbox 2182 3979 2360 4060; x_wconf 86' lang='lat' dir='ltr'><strong>iuris,</strong></span> <span class='ocrx_word' id='word_1_163' title='bbox 2423 3978 2640 4042; x_wconf 85' lang='lat' dir='ltr'><strong>statim</strong></span> <span class='ocrx_word' id='word_1_164' title='bbox 2697 3976 2783 4041; x_wconf 86' lang='lat' dir='ltr'><strong>ad</strong></span> <span class='ocrx_word' id='word_1_165' title='bbox 2841 3983 3206 4045; x_wconf 89' lang='lat' dir='ltr'><strong>sentencias</strong></span> 
     </span>
     <span class='ocr_line' id='line_1_19' title="bbox 348 4066 3205 4166; baseline 0.001 -25"><span class='ocrx_word' id='word_1_166' title='bbox 348 4074 750 4158; x_wconf 81' lang='lat' dir='ltr'><strong>admittatur,</strong></span> <span class='ocrx_word' id='word_1_167' title='bbox 805 4079 899 4142; x_wconf 87' lang='lat' dir='ltr'><strong>ita</strong></span> <span class='ocrx_word' id='word_1_168' title='bbox 955 4076 1130 4161; x_wconf 86' lang='lat' dir='ltr'><strong>quod</strong></span> <span class='ocrx_word' id='word_1_169' title='bbox 1183 4078 1394 4163; x_wconf 88' lang='lat' dir='ltr'><strong>primo</strong></span> <span class='ocrx_word' id='word_1_170' title='bbox 1424 4066 1831 4166; x_wconf 63' lang='lat' dir='ltr'><strong>&#39;principium</strong></span> <span class='ocrx_word' id='word_1_171' title='bbox 1884 4078 2102 4160; x_wconf 85' lang='lat' dir='ltr'><strong>faciat,</strong></span> <span class='ocrx_word' id='word_1_172' title='bbox 2158 4075 2393 4144; x_wconf 85' lang='lat' dir='ltr'><strong>deinde</strong></span> <span class='ocrx_word' id='word_1_173' title='bbox 2447 4075 2840 4163; x_wconf 82' lang='lat' dir='ltr'><strong>respondeat</strong></span> <span class='ocrx_word' id='word_1_174' title='bbox 2880 4087 2945 4141; x_wconf 90' lang='lat' dir='ltr'><strong>et</strong></span> <span class='ocrx_word' id='word_1_175' title='bbox 2987 4102 3205 4143; x_wconf 87' lang='lat' dir='ltr'><strong>conse-</strong></span> 
     </span>
     <span class='ocr_line' id='line_1_20' title="bbox 347 4174 3206 4265; baseline 0.001 -24"><span class='ocrx_word' id='word_1_176' title='bbox 347 4186 620 4260; x_wconf 87' lang='lat' dir='ltr'><strong>quenter</strong></span> <span class='ocrx_word' id='word_1_177' title='bbox 670 4176 845 4241; x_wconf 85' lang='lat' dir='ltr'><strong>infra</strong></span> <span class='ocrx_word' id='word_1_178' title='bbox 899 4175 1293 4261; x_wconf 85' lang='lat' dir='ltr'><strong>quindenam</strong></span> <span class='ocrx_word' id='word_1_179' title='bbox 1350 4179 1715 4243; x_wconf 86' lang='lat' dir='ltr'><strong>sentencias</strong></span> <span class='ocrx_word' id='word_1_180' title='bbox 1769 4178 2045 4265; x_wconf 86' lang='lat' dir='ltr'><strong>incipiat</strong></span> <span class='ocrx_word' id='word_1_181' title='bbox 2101 4186 2167 4240; x_wconf 90' lang='lat' dir='ltr'><strong>et</strong></span> <span class='ocrx_word' id='word_1_182' title='bbox 2216 4176 2541 4242; x_wconf 89' lang='lat' dir='ltr'><strong>continuet</strong></span> <span class='ocrx_word' id='word_1_183' title='bbox 2581 4174 2813 4241; x_wconf 90' lang='lat' dir='ltr'><strong>diebus</strong></span> <span class='ocrx_word' id='word_1_184' title='bbox 2853 4180 3206 4265; x_wconf 89' lang='lat' dir='ltr'><strong>oportunis.</strong></span> 
     </span>
    </p>
   </div>
   <div class='ocr_carea' id='block_1_7' title="bbox 349 4406 3210 5403">
    <p class='ocr_par' dir='ltr' id='par_1_7' title="bbox 349 4406 3210 5319">
     <span class='ocr_line' id='line_1_21' title="bbox 523 4406 3207 4479; baseline 0 -16"><span class='ocrx_word' id='word_1_185' title='bbox 523 4414 544 4463; x_wconf 91' lang='grc'><strong>1</strong></span> <span class='ocrx_word' id='word_1_186' title='bbox 587 4408 857 4463; x_wconf 78' lang='lat' dir='ltr'><strong>Erhalten</strong></span> <span class='ocrx_word' id='word_1_187' title='bbox 891 4409 949 4462; x_wconf 91' lang='lat' dir='ltr'><strong>in</strong></span> <span class='ocrx_word' id='word_1_188' title='bbox 984 4407 1151 4476; x_wconf 81' lang='lat' dir='ltr'><strong>einer,</strong></span> <span class='ocrx_word' id='word_1_189' title='bbox 1183 4408 1521 4479; x_wconf 77' lang='lat' dir='ltr'><strong>keineswegs</strong></span> <span class='ocrx_word' id='word_1_190' title='bbox 1557 4407 1924 4478; x_wconf 82' lang='lat' dir='ltr'><strong>fehlerfreien,</strong></span> <span class='ocrx_word' id='word_1_191' title='bbox 1960 4407 2264 4478; x_wconf 75' lang='lat' dir='ltr'><strong>Abschrist,</strong></span> <span class='ocrx_word' id='word_1_192' title='bbox 2297 4408 2387 4463; x_wconf 89' lang='lat' dir='ltr'><strong>die</strong></span> <span class='ocrx_word' id='word_1_193' title='bbox 2424 4406 2624 4462; x_wconf 67' lang='lat' dir='ltr'><strong>hochst</strong></span> <span class='ocrx_word' id='word_1_194' title='bbox 2644 4407 3099 4465; x_wconf 78' lang='lat' dir='ltr'><strong>wahrscheiulich</strong></span> <span class='ocrx_word' id='word_1_195' title='bbox 3133 4411 3207 4464; x_wconf 87' lang='lat' dir='ltr'><strong>im</strong></span> 
     </span>
     <span class='ocr_line' id='line_1_22' title="bbox 350 4490 3205 4564; baseline 0.001 -18"><span class='ocrx_word' id='word_1_196' title='bbox 350 4490 525 4547; x_wconf 71' lang='lat' dir='ltr'><strong>Jahn-e</strong></span> <span class='ocrx_word' id='word_1_197' title='bbox 565 4497 692 4549; x_wconf 83' lang='lat'>1510</span> <span class='ocrx_word' id='word_1_198' title='bbox 737 4509 1064 4564; x_wconf 85' lang='lat' dir='ltr'><strong>genommen</strong></span> <span class='ocrx_word' id='word_1_199' title='bbox 1097 4492 1185 4547; x_wconf 87' lang='lat' dir='ltr'><strong>ist.</strong></span> <span class='ocrx_word' id='word_1_200' title='bbox 1242 4491 1374 4563; x_wconf 82' lang='lat' dir='ltr'><strong>vgl.</strong></span> <span class='ocrx_word' id='word_1_201' title='bbox 1413 4491 1687 4548; x_wconf 86' lang='lat' dir='ltr'><strong>Urkundl.</strong></span> <span class='ocrx_word' id='word_1_202' title='bbox 1725 4493 1960 4558; x_wconf 81' lang='lat' dir='ltr'><strong>Quellen</strong></span> <span class='ocrx_word' id='word_1_203' title='bbox 2009 4492 2066 4549; x_wconf 84' lang='lat' dir='ltr'><strong>S.</strong></span> <span class='ocrx_word' id='word_1_204' title='bbox 2103 4498 2201 4549; x_wconf 84' lang='lat'><strong>868</strong></span> <span class='ocrx_word' id='word_1_205' title='bbox 2234 4510 2288 4548; x_wconf 90' lang='grc'><strong>11.</strong></span> <span class='ocrx_word' id='word_1_206' title='bbox 2328 4497 2444 4549; x_wconf 82' lang='lat'><strong>870.</strong></span> <span class='ocrx_word' id='word_1_207' title='bbox 2515 4493 2634 4547; x_wconf 91' lang='lat' dir='ltr'><strong>Der</strong></span> <span class='ocrx_word' id='word_1_208' title='bbox 2664 4492 2855 4548; x_wconf 88' lang='lat' dir='ltr'><strong>Inhalt</strong></span> <span class='ocrx_word' id='word_1_209' title='bbox 2885 4494 2986 4549; x_wconf 86' lang='lat' dir='ltr'><strong>der</strong></span> <span class='ocrx_word' id='word_1_210' title='bbox 3019 4494 3205 4550; x_wconf 88' lang='lat' dir='ltr'><strong>Statu—</strong></span> 
     </span>
     <span class='ocr_line' id='line_1_23' title="bbox 350 4574 3210 4648; baseline 0 -17"><span class='ocrx_word' id='word_1_211' title='bbox 350 4580 446 4631; x_wconf 85' lang='lat' dir='ltr'><strong>ten</strong></span> <span class='ocrx_word' id='word_1_212' title='bbox 478 4575 704 4631; x_wconf 80' lang='lat' dir='ltr'><strong>beweist</strong></span> <span class='ocrx_word' id='word_1_213' title='bbox 739 4593 815 4633; x_wconf 82' lang='lat' dir='ltr'><strong>an</strong></span> <span class='ocrx_word' id='word_1_214' title='bbox 846 4576 1129 4631; x_wconf 80' lang='lat' dir='ltr'><strong>melu-eren</strong></span> <span class='ocrx_word' id='word_1_215' title='bbox 1164 4574 1390 4645; x_wconf 87' lang='lat' dir='ltr'><strong>Stellen,</strong></span> <span class='ocrx_word' id='word_1_216' title='bbox 1432 4576 1562 4631; x_wconf 83' lang='lat' dir='ltr'><strong>dass</strong></span> <span class='ocrx_word' id='word_1_217' title='bbox 1614 4577 1695 4632; x_wconf 83' lang='lat' dir='ltr'><strong>sie</strong></span> <span class='ocrx_word' id='word_1_218' title='bbox 1738 4576 1871 4632; x_wconf 86' lang='lat' dir='ltr'><strong>bald</strong></span> <span class='ocrx_word' id='word_1_219' title='bbox 1920 4577 2066 4633; x_wconf 84' lang='lat' dir='ltr'><strong>nach</strong></span> <span class='ocrx_word' id='word_1_220' title='bbox 2101 4578 2199 4632; x_wconf 83' lang='lat' dir='ltr'><strong>der</strong></span> <span class='ocrx_word' id='word_1_221' title='bbox 2230 4575 2702 4648; x_wconf 82' lang='lat' dir='ltr'><strong>Uebersiedelung</strong></span> <span class='ocrx_word' id='word_1_222' title='bbox 2734 4577 2833 4632; x_wconf 86' lang='lat' dir='ltr'><strong>der</strong></span> <span class='ocrx_word' id='word_1_223' title='bbox 2866 4578 3210 4634; x_wconf 70' lang='lat' dir='ltr'><strong>Universitiit</strong></span> 
     </span>
     <span class='ocr_line' id='line_1_24' title="bbox 349 4658 3210 4733; baseline 0.001 -20"><span class='ocrx_word' id='word_1_224' title='bbox 349 4660 495 4716; x_wconf 83' lang='lat' dir='ltr'><strong>nach</strong></span> <span class='ocrx_word' id='word_1_225' title='bbox 532 4659 770 4732; x_wconf 83' lang='lat' dir='ltr'><strong>Leipzig</strong></span> <span class='ocrx_word' id='word_1_226' title='bbox 806 4663 1027 4717; x_wconf 81' lang='lat' dir='ltr'><strong>miissen</strong></span> <span class='ocrx_word' id='word_1_227' title='bbox 1076 4659 1363 4731; x_wconf 79' lang='lat' dir='ltr'><strong>abgefasst</strong></span> <span class='ocrx_word' id='word_1_228' title='bbox 1398 4658 1532 4716; x_wconf 88' lang='lat' dir='ltr'><strong>sein.</strong></span> <span class='ocrx_word' id='word_1_229' title='bbox 1596 4659 1724 4731; x_wconf 85' lang='lat' dir='ltr'><strong>vgl.</strong></span> <span class='ocrx_word' id='word_1_230' title='bbox 1760 4667 1791 4726; x_wconf 69' lang='grc' dir='ltr'><strong>ξ</strong></span> <span class='ocrx_word' id='word_1_231' title='bbox 1827 4666 1907 4716; x_wconf 87' lang='grc'><strong>21.</strong></span> <span class='ocrx_word' id='word_1_232' title='bbox 1978 4659 2144 4715; x_wconf 89' lang='lat' dir='ltr'><strong>Auch</strong></span> <span class='ocrx_word' id='word_1_233' title='bbox 2178 4661 2269 4715; x_wconf 89' lang='lat' dir='ltr'><strong>die</strong></span> <span class='ocrx_word' id='word_1_234' title='bbox 2304 4659 2725 4715; x_wconf 80' lang='lat' dir='ltr'><strong>ausdriickliche</strong></span> <span class='ocrx_word' id='word_1_235' title='bbox 2758 4659 3080 4733; x_wconf 82' lang='lat' dir='ltr'><strong>Beifiigung</strong></span> <span class='ocrx_word' id='word_1_236' title='bbox 3113 4663 3210 4717; x_wconf 85' lang='lat' dir='ltr'><strong>des</strong></span> 
     </span>
     <span class='ocr_line' id='line_1_25' title="bbox 351 4742 3206 4816; baseline -0 -16"><span class='ocrx_word' id='word_1_237' title='bbox 351 4743 576 4800; x_wconf 84' lang='lat' dir='ltr'><strong>Wortes</strong></span> <span class='ocrx_word' id='word_1_238' title='bbox 610 4745 863 4800; x_wconf 78' lang='lat' dir='ltr'><strong>Rubrica</strong></span> <span class='ocrx_word' id='word_1_239' title='bbox 897 4763 967 4799; x_wconf 83' lang='lat' dir='ltr'><strong>zu</strong></span> <span class='ocrx_word' id='word_1_240' title='bbox 998 4745 1106 4799; x_wconf 86' lang='lat' dir='ltr'><strong>den</strong></span> <span class='ocrx_word' id='word_1_241' title='bbox 1139 4742 1593 4800; x_wconf 86' lang='lat' dir='ltr'><strong>Ueberschriften</strong></span> <span class='ocrx_word' id='word_1_242' title='bbox 1627 4744 1725 4798; x_wconf 89' lang='lat' dir='ltr'><strong>der</strong></span> <span class='ocrx_word' id='word_1_243' title='bbox 1763 4744 2048 4800; x_wconf 80' lang='lat' dir='ltr'><strong>einzelnen</strong></span> <span class='ocrx_word' id='word_1_244' title='bbox 2087 4743 2486 4815; x_wconf 84' lang='lat' dir='ltr'><strong>Paragraphen</strong></span> <span class='ocrx_word' id='word_1_245' title='bbox 2527 4744 2697 4812; x_wconf 80' lang='lat' dir='ltr'><strong>weist,</strong></span> <span class='ocrx_word' id='word_1_246' title='bbox 2730 4744 2830 4799; x_wconf 81' lang='lat' dir='ltr'><strong>wie</strong></span> <span class='ocrx_word' id='word_1_247' title='bbox 2863 4742 2953 4799; x_wconf 88' lang='lat' dir='ltr'><strong>ich</strong></span> <span class='ocrx_word' id='word_1_248' title='bbox 2987 4745 3206 4816; x_wconf 84' lang='lat' dir='ltr'><strong>glaube,</strong></span> 
     </span>
     <span class='ocr_line' id='line_1_26' title="bbox 350 4825 3208 4885; baseline 0 -4"><span class='ocrx_word' id='word_1_249' title='bbox 350 4828 407 4882; x_wconf 87' lang='lat' dir='ltr'><strong>in</strong></span> <span class='ocrx_word' id='word_1_250' title='bbox 456 4828 698 4884; x_wconf 84' lang='lat' dir='ltr'><strong>dieselbe</strong></span> <span class='ocrx_word' id='word_1_251' title='bbox 735 4828 872 4884; x_wconf 85' lang='lat' dir='ltr'><strong>Zeit.</strong></span> <span class='ocrx_word' id='word_1_252' title='bbox 941 4828 1121 4885; x_wconf 86' lang='lat' dir='ltr'><strong>Unter</strong></span> <span class='ocrx_word' id='word_1_253' title='bbox 1158 4826 1537 4883; x_wconf 67' lang='lat' dir='ltr'><strong>sammtlichen</strong></span> <span class='ocrx_word' id='word_1_254' title='bbox 1588 4825 2094 4884; x_wconf 81' lang='lat' dir='ltr'><strong>Statutenbiichern</strong></span> <span class='ocrx_word' id='word_1_255' title='bbox 2141 4827 2237 4883; x_wconf 88' lang='lat' dir='ltr'><strong>der</strong></span> <span class='ocrx_word' id='word_1_256' title='bbox 2272 4828 2614 4884; x_wconf 69' lang='lat' dir='ltr'><strong>Universitiit</strong></span> <span class='ocrx_word' id='word_1_257' title='bbox 2658 4827 2803 4883; x_wconf 86' lang='lat' dir='ltr'><strong>habe</strong></span> <span class='ocrx_word' id='word_1_258' title='bbox 2845 4827 2936 4882; x_wconf 85' lang='lat' dir='ltr'><strong>ich</strong></span> <span class='ocrx_word' id='word_1_259' title='bbox 2982 4828 3059 4883; x_wconf 88' lang='lat' dir='ltr'><strong>sie</strong></span> <span class='ocrx_word' id='word_1_260' title='bbox 3100 4845 3208 4882; x_wconf 88' lang='lat' dir='ltr'><strong>nur</strong></span> 
     </span>
     <span class='ocr_line' id='line_1_27' title="bbox 351 4911 3201 4984; baseline 0 -18"><span class='ocrx_word' id='word_1_261' title='bbox 351 4912 409 4966; x_wconf 88' lang='lat' dir='ltr'><strong>in</strong></span> <span class='ocrx_word' id='word_1_262' title='bbox 449 4912 560 4968; x_wconf 85' lang='lat' dir='ltr'><strong>den</strong></span> <span class='ocrx_word' id='word_1_263' title='bbox 608 4912 842 4968; x_wconf 55' lang='lat' dir='ltr'><strong>{meten</strong></span> <span class='ocrx_word' id='word_1_264' title='bbox 889 4912 1150 4967; x_wconf 83' lang='lat' dir='ltr'><strong>Statuten</strong></span> <span class='ocrx_word' id='word_1_265' title='bbox 1198 4914 1297 4967; x_wconf 81' lang='lat' dir='ltr'><strong>der</strong></span> <span class='ocrx_word' id='word_1_266' title='bbox 1343 4911 1829 4982; x_wconf 81' lang='lat' dir='ltr'><strong>philosophischen</strong></span> <span class='ocrx_word' id='word_1_267' title='bbox 1877 4912 2141 4968; x_wconf 68' lang='lat' dir='ltr'><strong>Facultat</strong></span> <span class='ocrx_word' id='word_1_268' title='bbox 2186 4911 2482 4983; x_wconf 80' lang='lat' dir='ltr'><strong>gefnnden.</strong></span> <span class='ocrx_word' id='word_1_269' title='bbox 2546 4912 2676 4984; x_wconf 85' lang='lat' dir='ltr'><strong>Vgl.</strong></span> <span class='ocrx_word' id='word_1_270' title='bbox 2719 4913 2862 4968; x_wconf 88' lang='lat' dir='ltr'><strong>oben</strong></span> <span class='ocrx_word' id='word_1_271' title='bbox 2910 4914 2963 4968; x_wconf 81' lang='lat' dir='ltr'><strong>S.</strong></span> <span class='ocrx_word' id='word_1_272' title='bbox 3004 4918 3118 4982; x_wconf 82' lang='lat'><strong>305,</strong></span> <span class='ocrx_word' id='word_1_273' title='bbox 3152 4918 3201 4968; x_wconf 84' lang='lat'><strong>9.</strong></span> 
     </span>
     <span class='ocr_line' id='line_1_28' title="bbox 352 4995 3205 5070; baseline -0.001 -18"><span class='ocrx_word' id='word_1_274' title='bbox 352 4995 459 5053; x_wconf 86' lang='lat' dir='ltr'><strong>Die</strong></span> <span class='ocrx_word' id='word_1_275' title='bbox 508 4995 865 5070; x_wconf 78' lang='lat' dir='ltr'><strong>Bezifferung</strong></span> <span class='ocrx_word' id='word_1_276' title='bbox 910 4995 1011 5052; x_wconf 86' lang='lat' dir='ltr'><strong>der</strong></span> <span class='ocrx_word' id='word_1_277' title='bbox 1058 4995 1456 5067; x_wconf 72' lang='lat' dir='ltr'><strong>Peragraphen</strong></span> <span class='ocrx_word' id='word_1_278' title='bbox 1505 4995 1580 5050; x_wconf 81' lang='lat' dir='ltr'><strong>ist</strong></span> <span class='ocrx_word' id='word_1_279' title='bbox 1623 5013 1733 5052; x_wconf 79' lang='lat' dir='ltr'><strong>von</strong></span> <span class='ocrx_word' id='word_1_280' title='bbox 1777 4995 1898 5051; x_wconf 84' lang='lat' dir='ltr'><strong>mir.</strong></span> <span class='ocrx_word' id='word_1_281' title='bbox 1968 4996 2097 5052; x_wconf 88' lang='lat' dir='ltr'><strong>Von</strong></span> <span class='ocrx_word' id='word_1_282' title='bbox 2143 4995 2251 5051; x_wconf 86' lang='lat' dir='ltr'><strong>den</strong></span> <span class='ocrx_word' id='word_1_283' title='bbox 2295 4996 2873 5069; x_wconf 77' lang='lat' dir='ltr'><strong>Bandbemerkungen</strong></span> <span class='ocrx_word' id='word_1_284' title='bbox 2922 4995 3067 5051; x_wconf 84' lang='lat' dir='ltr'><strong>habe</strong></span> <span class='ocrx_word' id='word_1_285' title='bbox 3111 4995 3205 5051; x_wconf 88' lang='lat' dir='ltr'><strong>ich</strong></span> 
     </span>
     <span class='ocr_line' id='line_1_29' title="bbox 352 5078 3208 5151; baseline 0.001 -19"><span class='ocrx_word' id='word_1_286' title='bbox 352 5078 680 5151; x_wconf 76' lang='lat' dir='ltr'><strong>dieJenigen,</strong></span> <span class='ocrx_word' id='word_1_287' title='bbox 719 5080 810 5136; x_wconf 86' lang='lat' dir='ltr'><strong>die</strong></span> <span class='ocrx_word' id='word_1_288' title='bbox 842 5080 1027 5136; x_wconf 86' lang='lat' dir='ltr'><strong>nichts</strong></span> <span class='ocrx_word' id='word_1_289' title='bbox 1060 5080 1248 5136; x_wconf 78' lang='lat' dir='ltr'><strong>weiter</strong></span> <span class='ocrx_word' id='word_1_290' title='bbox 1277 5079 1577 5136; x_wconf 84' lang='lat' dir='ltr'><strong>enthielten</strong></span> <span class='ocrx_word' id='word_1_291' title='bbox 1625 5079 1707 5134; x_wconf 85' lang='lat' dir='ltr'><strong>als</strong></span> <span class='ocrx_word' id='word_1_292' title='bbox 1741 5080 1863 5135; x_wconf 89' lang='lat' dir='ltr'><strong>eine</strong></span> <span class='ocrx_word' id='word_1_293' title='bbox 1899 5080 2266 5150; x_wconf 84' lang='lat' dir='ltr'><strong>Hindeutung</strong></span> <span class='ocrx_word' id='word_1_294' title='bbox 2309 5081 2413 5135; x_wconf 86' lang='lat' dir='ltr'><strong>auf</strong></span> <span class='ocrx_word' id='word_1_295' title='bbox 2448 5082 2552 5135; x_wconf 83' lang='lat' dir='ltr'><strong>das</strong></span> <span class='ocrx_word' id='word_1_296' title='bbox 2602 5082 2677 5136; x_wconf 90' lang='lat' dir='ltr'><strong>im</strong></span> <span class='ocrx_word' id='word_1_297' title='bbox 2712 5081 2887 5137; x_wconf 80' lang='lat' dir='ltr'><strong>Texte</strong></span> <span class='ocrx_word' id='word_1_298' title='bbox 2917 5079 3208 5151; x_wconf 81' lang='lat' dir='ltr'><strong>Stehende‚</strong></span> 
     </span>
     <span class='ocr_line' id='line_1_30' title="bbox 354 5162 3207 5237; baseline 0.001 -20"><span class='ocrx_word' id='word_1_299' title='bbox 354 5162 743 5237; x_wconf 72' lang='lat' dir='ltr'><strong>fortgelassent,</strong></span> <span class='ocrx_word' id='word_1_300' title='bbox 796 5163 940 5220; x_wconf 90' lang='lat' dir='ltr'><strong>doch</strong></span> <span class='ocrx_word' id='word_1_301' title='bbox 985 5167 1230 5236; x_wconf 80' lang='lat' dir='ltr'><strong>geniigte</strong></span> <span class='ocrx_word' id='word_1_302' title='bbox 1271 5163 1379 5218; x_wconf 84' lang='lat' dir='ltr'><strong>mir</strong></span> <span class='ocrx_word' id='word_1_303' title='bbox 1411 5163 1585 5219; x_wconf 88' lang='lat' dir='ltr'><strong>schon</strong></span> <span class='ocrx_word' id='word_1_304' title='bbox 1615 5164 1708 5219; x_wconf 90' lang='lat' dir='ltr'><strong>die</strong></span> <span class='ocrx_word' id='word_1_305' title='bbox 1741 5163 1913 5219; x_wconf 83' lang='lat' dir='ltr'><strong>Wahl</strong></span> <span class='ocrx_word' id='word_1_306' title='bbox 1954 5163 2107 5219; x_wconf 89' lang='lat' dir='ltr'><strong>eines</strong></span> <span class='ocrx_word' id='word_1_307' title='bbox 2143 5164 2383 5218; x_wconf 86' lang='lat' dir='ltr'><strong>anderen</strong></span> <span class='ocrx_word' id='word_1_308' title='bbox 2417 5165 2788 5232; x_wconf 84' lang='lat' dir='ltr'><strong>Ausdruckes,</strong></span> <span class='ocrx_word' id='word_1_309' title='bbox 2829 5183 2921 5219; x_wconf 89' lang='lat' dir='ltr'><strong>um</strong></span> <span class='ocrx_word' id='word_1_310' title='bbox 2965 5164 3044 5220; x_wconf 90' lang='lat' dir='ltr'><strong>sie</strong></span> <span class='ocrx_word' id='word_1_311' title='bbox 3086 5165 3207 5219; x_wconf 88' lang='lat' dir='ltr'><strong>hier</strong></span> 
     </span>
     <span class='ocr_line' id='line_1_31' title="bbox 355 5246 2383 5319; baseline -0 -16"><span class='ocrx_word' id='word_1_312' title='bbox 355 5249 772 5304; x_wconf 82' lang='lat' dir='ltr'><strong>aufzunehmen.</strong></span> <span class='ocrx_word' id='word_1_313' title='bbox 839 5249 998 5305; x_wconf 89' lang='lat' dir='ltr'><strong>Viele</strong></span> <span class='ocrx_word' id='word_1_314' title='bbox 1031 5248 1233 5304; x_wconf 83' lang='lat' dir='ltr'><strong>Fehler</strong></span> <span class='ocrx_word' id='word_1_315' title='bbox 1265 5247 1411 5303; x_wconf 79' lang='lat' dir='ltr'><strong>habe</strong></span> <span class='ocrx_word' id='word_1_316' title='bbox 1443 5246 1536 5302; x_wconf 90' lang='lat' dir='ltr'><strong>ich</strong></span> <span class='ocrx_word' id='word_1_317' title='bbox 1571 5246 2031 5319; x_wconf 83' lang='lat' dir='ltr'><strong>stillschweigend</strong></span> <span class='ocrx_word' id='word_1_318' title='bbox 2065 5247 2383 5302; x_wconf 79' lang='lat' dir='ltr'><strong>verbessert.</strong></span> 
     </span>
    </p>

    <p class='ocr_par' dir='ltr' id='par_1_8' title="bbox 521 5331 1458 5403">
     <span class='ocr_line' id='line_1_32' title="bbox 521 5331 1458 5403; baseline -0.003 -13"><span class='ocrx_word' id='word_1_319' title='bbox 521 5339 553 5390; x_wconf 82' lang='lat'>2</span> <span class='ocrx_word' id='word_1_320' title='bbox 590 5331 963 5391; x_wconf 73' lang='lat' dir='ltr'><strong>Geechrieben</strong></span> <span class='ocrx_word' id='word_1_321' title='bbox 997 5332 1145 5390; x_wconf 80' lang='lat' dir='ltr'><strong>steht</strong></span> <span class='ocrx_word' id='word_1_322' title='bbox 1175 5335 1458 5403; x_wconf 69' lang='lat' dir='ltr'><strong>yradam.</strong></span> 
     </span>
    </p>
   </div>
   <div class='ocr_carea' id='block_1_8' title="bbox 2741 5422 2864 5485">
    <p class='ocr_par' dir='ltr' id='par_1_9' title="bbox 2741 5422 2864 5485">
     <span class='ocr_line' id='line_1_33' title="bbox 2741 5422 2864 5485; baseline 0 0"><span class='ocrx_word' id='word_1_323' title='bbox 2741 5422 2864 5485; x_wconf 75' lang='lat'><strong>35·</strong></span> 
     </span>
    </p>
   </div>
  </div>
 </body>
</html>
