4038 6358
1313 634 1414 686 Die
1450 634 1688 686 Statuten
1725 649 1831 686 von
1870 633 2221 687 1439-1511.
3084 636 3202 700 193

414 852 534 916 22.
574 866 781 915 mFRA
825 865 1161 926 QUANTUM
1205 865 1479 914 TEMPUS
1521 866 1893 915 TENEATUR
1934 865 2406 915 PRAEPOSITUS
2449 866 2766 915 STATUTA
2803 866 3134 915 common

1565 966 2003 1015 PERLEGISSE.

518 1081 682 1147 Item
723 1082 1138 1169 praepositus
1180 1082 1354 1146 infra
1394 1082 1672 1168 primum
1714 1105 1999 1147 mensem
2042 1103 2197 1146 suae
2241 1083 2734 1168 praepositurae
2775 1091 3030 1146 tenetur
3070 1103 3202 1147 om·

320 1181 459 1245 nia.
528 1189 775 1246 statuta
827 1178 1212 1268 perlegisse,
1274 1179 1396 1245 sub
1451 1199 1664 1267 poena
1711 1181 1903 1246 unius
1957 1202 2341 1266 sexagenas.
2423 1179 2511 1244 Et
2571 1178 2842 1267 quilibet
2895 1180 2976 1245 de
3033 1203 3203 1245 novo

320 1281 602 1345 intrans
644 1278 985 1365 collegium
1026 1278 1351 1345 tenebitur
1393 1277 1479 1344 ad
1530 1279 1701 1344 idem
1754 1279 1927 1344 infra
1968 1278 2367 1345 consimilem
2404 1280 2768 1362 terminum,
2815 1280 2932 1346 sub
2978 1278 3202 1346 eadem
3254 1289 3287 1344 5

322 1401 586 1465 poena.

538 1550 638 1613 23·
681 1562 777 1609 DE
818 1560 1257 1610 vlsl'rAclom:
1302 1560 1797 1610 COMMODORUM
1842 1562 1975 1609 PER
2015 1562 2502 1611 PRAEPOSITUM
2545 1563 2637 1611 ΕΤ
2673 1563 3040 1612 AEDITUOS.

518 1694 681 1759 Item
728 1695 1142 1781 praepositus
1186 1691 1475 1782 quolibet
1514 1695 1729 1761 medio
1769 1717 1939 1761 anno
1985 1717 2141 1761 suae
2185 1696 2682 1782 praepositurae
2720 1694 2809 1760 ad
2849 1696 3064 1760 minus
3104 1693 3206 1762 bis

330 1792 455 1857 ‘vel
498 1792 763 1880 pluries,
807 1795 862 1857 si
906 1816 1070 1880 opus
1112 1793 1325 1875 fuerit,
1368 1816 1499 1857 una
1541 1813 1687 1857 cum
1727 1793 2005 1859 aedituis
2052 1804 2304 1859 tenetur
2348 1796 2616 1859 visitare
2656 1793 2995 1860 commoda
3039 1817 3207 1860 com·

331 1890 738 1975 bursalium,
796 1902 861 1957 et
901 1894 1128 1973 eciam,
1189 1894 1244 1957 si
1286 1914 1554 1958 necesse
1597 1892 1808 1975 fuerit,
1858 1890 1921 1977 [5
1933 1889 1984 1980 ⁸]
2032 1892 2371 1958 commoda
2409 1893 2898 1979 collegiatorum
2939 1891 3209 1960 visitare
3230 1905 3295 1960 10

332 2000 653 2057 tenentur
718 2002 986 2079 propter
1050 1990 1453 2057 honestatem
1516 1990 1772 2077 collegii
1834 1991 2354 2057 conservandam
2418 2002 2484 2057 et
2542 1992 2903 2079 periculum
2961 1994 3209 2079 ignium

336 2090 895 2177 praecavendum.
980 2090 1069 2155 Et
1112 2089 1196 2155 ad
1240 2091 1735 2178 requisicionem
1781 2091 2220 2178 cuiuscunque
2262 2092 2562 2178 magistri
2603 2091 2685 2156 de
2725 2089 3017 2178 collegio,
3056 2116 3210 2181 quo·

338 2189 787 2276 cienscunque
830 2191 1175 2276 requisitus
1217 2190 1438 2272 fuerit,
1490 2191 1903 2277 praepositus
1942 2188 2012 2253 id
2056 2191 2291 2277 exequi
2331 2201 2627 2256 teneatur
2670 2213 2800 2255 una
2843 2214 2990 2256 cum
3035 2192 3210 2258 aedi·

336 2290 479 2352 tuis
525 2286 654 2353 sibi
698 2289 1168 2376 condeputatis,
1212 2288 1331 2354 sub
1377 2310 1588 2376 poena
1622 2290 1819 2353 trium
1861 2288 2272 2354 florenorum.

432 2478 537 2538 24.
586 2489 681 2536 DE
725 2489 1049 2549 EXBQUHS
1092 2488 1419 2538 COLLEGII
1461 2489 1599 2538 PRO
1644 2488 2182 2537 FUNDATORIBUS
2225 2489 2747 2538 UNIVERSITATIS
2781 2492 2873 2538 ΕΤ
2913 2491 3124 2538 BENE·
3229 2483 3292 2538 ¹5

606 2588 1040 2637 FAOTOROEUS
1082 2588 1410 2637 COLLEGII
1448 2588 1728 2636 MAIORIS
1774 2587 1907 2635 PER
1950 2588 2436 2637 PRAEPOSITUM
2474 2588 2955 2638 DISPONENDIS.

521 2720 685 2785 Item
742 2723 1154 2808 praepositus
1206 2731 1457 2787 tenetur
1509 2720 1610 2786 bis
1664 2722 1733 2785 in
1785 2742 1954 2785 anno
2010 2719 2357 2808 disponere
2407 2723 2716 2809 exequias
2773 2720 2859 2787 ad
2917 2732 3210 2788 sanctum

346 2819 630 2886 Paulum
694 2842 813 2906 pro
880 2819 1332 2886 fundatoribus
1393 2821 1836 2886 universitatis
1899 2830 1964 2884 et
2019 2817 2544 2885 benefactoribus
2607 2819 2864 2907 collegii
2924 2823 3210 2904 maioris,

349 2919 602 2985 scilicet
659 2919 855 2984 semel
916 2920 1092 2983 circa
1146 2920 1377 2983 festum
1435 2921 1943 2985 circumcisionis
2012 2918 2260 2983 domini
2316 2931 2380 2983 et
2436 2918 2632 2984 semel
2700 2921 2769 2984 in
2841 2920 3208 2987 ebdomada

351 3029 506 3084 ante
545 3019 779 3084 festum
820 3017 1204 3105 palmarum,
1264 3018 1617 3083 secundum
1660 3018 2163 3105 disposicionem
2208 3027 2271 3082 et
2309 3017 2793 3083 ordinacionem
2833 3018 3042 3085 bonae
3080 3042 3208 3085 me·
3227 3028 3296 3085 20

350 3121 604 3185 moriae
640 3117 729 3183 M„
770 3117 1103 3204 Henningi
1145 3116 1227 3183 de
1264 3115 1666 3200 Hildensem,
1723 3127 1915 3206 prout
1956 3118 2133 3185 canit
2175 3125 2504 3200 statutum,
2554 3138 2750 3205 super
2789 3117 2981 3185 modo
3025 3141 3209 3209 pera·

353 3217 556 3305 gendi
616 3218 1037 3303 exequiarum
1088 3221 1233 3296 (sic)
1284 3215 1540 3304 collegii
1593 3219 1971 3299 confectum,
2034 3216 2206 3303 quod
2261 3216 2535 3283 habetur
2590 3218 2762 3283 infra
2815 3227 2963 3305 post
3017 3219 3212 3286 finem

358 3317 638 3385 aliorum
679 3326 1079 3383 statutorum.

462 3507 563 3568 25.
607 3517 952 3579 QUOCIENS
991 3516 1362 3566 TENEATUR
1403 3516 1874 3567 Pmposl'rus
1917 3514 2193 3563 LEGERE
2242 3515 2556 3564 STATUTA
2601 3517 2968 3567 mols'rms
3005 3519 3097 3566 ΕΤ

1566 3614 2005 3665 scoLABIBUs.
3226 3611 3291 3668 25

520 3733 704 3814 Item,
757 3753 839 3796 ne
892 3733 1039 3817 quis
1094 3733 1358 3798 racione
1414 3733 1830 3818 ignoranciae
1890 3740 2270 3795 statutorum
2330 3740 2597 3817 propter
2651 3731 3039 3800 oblivionem
3096 3736 3209 3801 ali·

356 3854 551 3921 quam
595 3831 1021 3918 praetendere
1068 3829 1285 3895 valeat
1323 3833 1841 3913 excusacionem,
1891 3829 2136 3917 placuit
2175 3826 2467 3915 collegio,
2522 3831 2695 3916 quod
2747 3833 3012 3899 inantea
3067 3837 3208 3922 qui·

356 3930 515 3996 libet
557 3932 966 4018 praepositus
1024 3930 1124 3995 bis
1174 3933 1239 3995 in
1296 3953 1466 3995 anno
1517 3939 1812 3995 teneatur
1863 3950 2225 3994 convocare
2269 3928 2617 4014 magistros
2665 3940 2729 3994 et
2777 3933 2939 4018 ipsis
2994 3933 3211 4019 legere

358 4040 598 4095 statuta
638 4053 748 4096 eos
793 4024 1275 4112 concernencia,
1333 4029 1579 4094 scilicet
1632 4026 1827 4093 semel
1884 4038 2035 4113 post
2077 4027 2467 4113 principium
2515 4050 2672 4093 suae
2714 4034 3211 4118 praepositurae

356 4130 525 4194 infra
569 4130 851 4216 primum
893 4126 1200 4211 mense‘m,
1242 4138 1306 4193 et
1349 4127 1545 4192 semel
1586 4137 1736 4214 post
1776 4127 2166 4213 principium
2213 4126 2478 4191 secundi
2531 4127 2728 4193 medii
2775 4131 2947 4214 anni,
3003 4133 3207 4196 eciam
3227 4140 3295 4197 30

356 4228 528 4294 infra
589 4249 893 4293 mensem.
974 4226 1157 4293 Idem
1205 4229 1405 4295 faciat
1458 4225 1818 4292 scolaribus
1874 4226 2338 4311 magistrorum
2395 4247 2520 4313 quo
2571 4226 2660 4291 ad
2726 4238 2971 4296 statuta
3032 4231 3210 4317 ipsos

354 4349 843 4394 concernencia.

475 4620 491 4657 x
722 4545 839 4611 ΠΙ.
883 4546 1219 4612 Statuta
1265 4544 1715 4633 sequencia
1755 4541 2220 4628 respiciunt
2259 4542 2855 4608 cervisiarium.

521 4732 623 4794 26.
666 4745 758 4792 ΕΤ
802 4743 1017 4792 PRIMO
1054 4744 1148 4791 DE
1193 4744 1520 4793 TEMPORE
1563 4740 1982 4791 DURACIOMS
2022 4741 2567 4790 OERVISIATURAE
2617 4743 3044 4792 CUIUSLIBET.

528 4872 650 4964 [Bl.
669 4883 708 4943 5
721 4874 774 4962 t²]
798 4875 1092 4958 Quilibet
1118 4876 1534 4942 cervisiarius
1557 4897 1678 4962 pro
1697 4881 1988 4960 tempore
2003 4873 2290 4936 existens
2310 4872 2502 4937 debet
2523 4877 2852 4961 respicere
2867 4877 3210 4942 cervisiam
3227 4885 3293 4942 35

358 4999 479 5064 per
537 4976 837 5065 quartale
894 4978 1048 5041 anni
1106 4978 1175 5041 in
1232 4975 1460 5042 ordine
1516 4997 1652 5057 suo,
1711 4971 1831 5038 sub
1888 4993 2097 5058 poena
2154 4993 2268 5035 sex
2325 4970 2733 5038 florenorum.
2818 4974 2909 5038 Et
2957 4977 3008 5040 si
3065 4977 3209 5063 quis

359 5074 557 5140 talem
599 5074 932 5159 inciderit,
990 5085 1244 5153 tenetur
1286 5096 1562 5164 sequens
1608 5071 1729 5138 sub
1772 5070 1997 5137 eadem
2056 5092 2266 5156 poena
2311 5072 2800 5138 cervisiaturam
2859 5097 3209 5157 assumere,

357 5177 920 5263 quocienscunque
963 5176 1324 5261 contigerit.

511 5391 955 5430 srxrurnnucn
990 5390 1106 5427 nna
1140 5391 1289 5429 men.
1324 5390 1562 5429 mirare.
2800 5382 2872 5443 13
