4038 6358
910 584 1027 653 110
1833 584 1944 636 Des
1977 584 2249 641 Iohanne·
2280 585 2440 638 Fabri
2473 587 2541 638 de
2574 586 2805 641 Werdea

987 770 1083 833 42.
1142 782 1532 833 rimarum
1571 783 1709 833 rao
1756 784 2283 837 mrnmssmmo
2325 786 2904 837 rnomeA'rmm
2946 785 3380 847 QuAammm
3416 784 3692 837 mmm-

2126 886 2552 935 enni-mum.

1070 996 1345 1062 Mandat
1424 997 1722 1063 omnibus
1778 1009 1928 1064 etc.:
1992 1012 2308 1088 quatenus
2361 1024 2506 1068 cras
2567 1002 2731 1069 hora
2784 1027 2863 1071 ..ιι
2920 1004 2989 1067 in
3044 1001 3320 1068 ecclesia
3386 999 3615 1065 sancti
3683 998 3781 1064 ..N

904 1099 1292 1163 conveniant
1347 1096 1432 1162 ad
1488 1096 1878 1163 audiendum
1938 1100 2260 1187 publicari
2318 1123 2395 1165 ac
2451 1102 2852 1197 promulgari
2909 1102 3225 1192 quasdam
3277 1100 3783 1165 sacratissimas

856 1196 1343 1283 Sindulgentias
1384 1219 1501 1283 per
1542 1197 1967 1263 reverendum
2013 1200 2346 1266 dominum
2391 1201 2491 1265 ..N
2475 1250 2522 1284 .,
2579 1201 3139 1287 prothonotarium
3182 1199 3631 1287 apostolicum
3648 1246 3668 1279 ,
3714 1208 3781 1263 et

905 1297 988 1362 ad
1056 1294 1564 1362 interessendum
1628 1300 2059 1383 processioni,
2127 1298 2230 1386 [20
2245 1297 2296 1386 ⁸]
2365 1308 2515 1387 post
2572 1300 3079 1386 publicationem
3142 1298 3602 1365 huiuscemodi
3676 1320 3779 1362 sa-

906 1398 1416 1462 cratissimarum
1453 1394 2000 1481 indulgentiarum
2046 1397 2439 1465 sollemniter
2479 1399 2752 1483 fiendae,
2796 1423 3050 1466 necnon
3091 1399 3177 1464 ad
3200 1397 3565 1463 videndum
3601 1399 3775 1483 erigi

906 1518 1165 1561 crucem
1226 1497 1294 1559 in
1359 1494 1658 1583 praefata
1715 1499 1923 1562 sancti
1977 1499 2076 1564 .N.
2130 1498 2427 1564 ecclesia.
2531 1499 2666 1566 Sub
2740 1523 2951 1588 poena
3022 1508 3301 1589 quatuor
3354 1520 3777 1585 grossorum,

915 1596 1321 1661 universitati
1364 1603 1483 1659 etc.

824 1789 887 1845 10
976 1785 1071 1848 43.
1135 1794 1523 1845 mnarum
1565 1793 1702 1842 PRO
1745 1794 2269 1846 m‘rERESSENDo
2316 1798 2619 1848 sERuom
2661 1798 2810 1847 SIVE
2858 1797 3283 1847 connArlom
3327 1795 3701 1845 CUIUSDAM

2030 1895 2623 1947 Pno'rnono'rffln.

1073 2010 1246 2093 Quia
1295 2008 1686 2075 venerabilis
1740 2009 2039 2077 dominus
2082 2012 2244 2101 ·N·›-,
2278 2036 2503 2080 sacrae
2553 2014 2918 2101 theologiae
2975 2011 3383 2079 baccalarius
3437 2012 3767 2077 formatus

908 2111 1514 2196 commissariusque
1556 2108 1897 2174 reverendi
1939 2114 2168 2199 patris,
2215 2112 2461 2179 domini
2501 2113 2873 2203 Raymundi
2915 2111 3219 2197 Peraudi,
3262 2121 3537 2178 sanctae
3586 2110 3765 2175 sedis

905 2209 1302 2300 apostolicae
1341 2208 1815 2297 prothonotarii
1858 2232 2109 2275 necnon
2152 2212 2463 2278 ecclesiae
2505 2213 2987 2279 Xauctonensis
3030 2211 3296 2295 decani,
3351 2211 3557 2277 hodie
3619 2232 3765 2298 per-

830 2323 889 2377 15
909 2321 1053 2387 acto
1108 2308 1387 2397 prandio
1442 2310 1510 2372 in
1565 2306 1830 2373 lectorio
1852 2308 2351 2377 ordinariarum
2394 2312 2905 2400 disputationum
2953 2310 3209 2398 collegii
3249 2313 3631 2397 praesentis
3674 2310 3764 2374 fa·

904 2422 1121 2477 cturus
1177 2407 1641 2494 habiturusque
1693 2417 1793 2471 est
1853 2430 2212 2474 sermonem
2269 2434 2383 2476 seu
2435 2410 2952 2507 collatiunculam
2995 2410 3082 2476 ad
3126 2409 3401 2492 clerum,
3460 2409 3661 2474 ideo
3670 2409 3762 2474 ..N

903 2520 1112 2576 rector
1153 2508 1450 2573 hortatur
1492 2529 1712 2572 omnes
1759 2517 1823 2570 et
1864 2508 2155 2594 singulos
2195 2513 2562 2597 magistros,
2624 2510 2939 2606 doctores,
2981 2511 3350 2576 licentiatos
3395 2518 3556 2574 etc.:
3608 2530 3759 2596 qua·

902 2620 1087 2675 tenus
1143 2605 1335 2672 hodie
1384 2606 1528 2671 loco
1588 2614 1654 2671 et
1707 2616 1998 2692 tempore
2053 2612 2588 2694 praememoratis
2640 2608 3029 2677 conveniant
3082 2610 3170 2674 ad
3228 2598 3755 2674 interessendum

906 2706 1276 2775 huiusmodi
1315 2707 1595 2771 sermoni
1636 2728 1752 2771 seu
1792 2704 2311 2793 collatiunculae,
2355 2720 2631 2796 protunc
2675 2712 2810 2786 (uti
2852 2711 3322 2797 praemittitur)
3364 2708 3452 2773 ad
3506 2708 3750 2774 clerum

823 2819 892 2875 20
908 2808 1119 2874 fiendo
1164 2805 1269 2872 vel
1310 2805 1582 2871 fiendae.
1664 2805 1912 2871 Datum
1958 2814 2077 2873 etc.

1583 2993 1683 3054 44.
1745 3005 2137 3056 manarum
2176 3006 2312 3055 Pno
2358 3008 2625 3057 BURSAE
2666 3008 3058 3058 Posrrlorm.

1069 3122 1176 3188 Ex
1260 3120 1710 3187 commissione
1801 3122 2194 3211 specialique
2282 3123 2588 3191 mandato
2664 3125 3004 3194 reverendi
3084 3123 3190 3214 [20
3201 3122 3253 3214 b]
3336 3126 3406 3190 in
3484 3123 3746 3191 Christo

905 3226 1109 3314 patris
1153 3234 1216 3288 et
1258 3221 1531 3304 domini,
1583 3220 1829 3286 domini
1872 3222 2153 3306 TiloniS,
2206 3225 2479 3310 insignis
2523 3225 3080 3313 Merseburgensis
3126 3225 3441 3291 ecclesiae
3480 3245 3750 3310 praesu·

904 3326 984 3391 lis
999 3374 1017 3408 ,
1059 3323 1247 3388 huius
1292 3320 1503 3386 almae
1541 3321 1980 3387 universitatis
2027 3322 2397 3389 cancellarii
2435 3325 2611 3389 unici
2652 3334 2717 3390 et
2758 3326 3152 3412 dignissimi,
3202 3326 3294 3390 .N.
3339 3323 3420 3388 de
3464 3323 3567 3390 .N.
3610 3332 3742 3401 etc„

823 3436 889 3492 25
911 3426 1120 3490 dictae
1159 3421 1603 3486 universitatis
1644 3431 1887 3504 rector,
1948 3422 2217 3492 mandat
2273 3424 2571 3489 omnibus
2621 3433 2687 3489 et
2736 3424 3007 3511 singulis
3051 3444 3589 3512 quorumcunque
3630 3420 3747 3486 col-

903 3524 1221 3611 legiorum
1273 3522 1411 3586 sive
1466 3543 1992 3609 quarumcunque
2049 3522 2397 3588 bursarum
2451 3546 2535 3611 ap
2540 3524 2964 3612 probatarum
3009 3522 3514 3590 conventoribus
3559 3531 3745 3607 atque

907 3622 1279 3712 suppositis,
1318 3619 1482 3684 inibi
1523 3621 1775 3685 ratione
1819 3622 2095 3690 stantiae
2138 3623 2225 3687 ad
2263 3623 2407 3690 iura
2451 3622 2807 3689 bursalium
2852 3623 3154 3707 astrictis,
3200 3631 3524 3708 quatenus
3554 3642 3737 3686 unus-

905 3725 1173 3812 quisque
1229 3721 1298 3785 in
1352 3743 1431 3785 eo
1486 3719 1755 3806 collegio
1809 3729 1920 3784 aut
1973 3743 2052 3784 ea
2104 3721 2333 3805 bursa,
2392 3722 2503 3787 ubi
2559 3726 2863 3790 stantiam
2917 3721 3245 3805 habuerit,
3300 3723 3591 3787 crastina
3645 3718 3741 3784 die

906 3824 1174 3889 bursam
1237 3822 1422 3884 iuxta
1490 3819 1964 3900 ordinationem
2015 3824 2515 3907 praememorati
2578 3822 2825 3887 domini
2885 3821 3444 3908 Merseburgensis
3501 3841 3742 3886 necnon

821 3933 890 3990 30
910 3922 1316 3989 dominorum
1372 3928 1784 3984 executorum
1803 3969 1821 4003 ,
1884 3942 2001 4006 per
2057 3921 2545 3985 universitatem
2607 3920 3095 4009 deputatorum,
3165 3945 3407 4011 ponere
3460 3920 3737 4007 incipiat.

906 4021 1041 4090 Sub
1084 4042 1296 4106 poena
1334 4020 1524 4086 unius
1565 4018 1812 4101 floreni,
1857 4020 2266 4086 universitati
2307 4021 2839 4086 irremissibiliter
2879 4021 3316 4107 persolvendi.
3398 4022 3492 4088 Et
3532 4022 3589 4085 si
3632 4018 3736 4083 ali·

907 4121 1079 4211 quod
1136 4120 1544 4206 suppositum
1597 4119 1664 4182 in
1715 4117 1988 4204 collegio
2052 4128 2165 4184 aut
2219 4117 2420 4184 bursa
2474 4141 2592 4206 per
2646 4122 3134 4186 universitatem
3192 4121 3564 4209 approbata
3617 4139 3734 4183 non

907 4221 1185 4304 steterit,
1239 4241 1394 4284 mox
1446 4240 1587 4284 sese
1640 4216 1727 4282 ad
1775 4216 2146 4283 huiusmodi
2198 4215 2411 4282 locum
2461 4221 2771 4307 recipiat,
2831 4242 3042 4307 poena
3086 4219 3206 4286 sub
3249 4222 3612 4308 praemissa
3651 4226 3734 4281 to-

905 4324 1113 4405 ciens,
1174 4320 1467 4408 quotiens
1523 4317 1917 4382 contrarium
1976 4317 2203 4382 fecerit
2222 4367 2239 4400 ,
2298 4316 2825 4384 hebdomadatim
2881 4321 3293 4386 universitati
3337 4314 3733 4385 irremissibi-

819 4432 885 4489 35
904 4421 1052 4487 liter
1093 4416 1542 4508 persolvenda.
1625 4416 1872 4482 Datum
1911 4426 2274 4484 rectoratus
2317 4426 2435 4483 etc.

1065 4626 1166 4686 45.
1231 4634 1621 4686 MANDATUM
1662 4632 1799 4681 PRO
1846 4631 2238 4682 sonu‘rlom:
2280 4634 2576 4684 Duorum
2618 4633 3034 4685 cnossomm
3074 4636 3168 4685 AD
3216 4635 3571 4686 emanas

2120 4733 2528 4782 DANDORUM.

1065 4851 1337 4917 Mandat
1389 4850 1687 4916 omnibus
1745 4859 1808 4915 et
1850 4848 2150 4936 singulis,
2209 4858 2341 4916 tam
2395 4848 2733 4935 graduatis
2779 4853 2977 4937 quam'
3013 4874 3143 4922 non
3184 4852 3523 4939 graduatis
3538 4901 3557 4935 ,
3605 4847 3725 4913 uni·

902 4953 1230 5018 versitatis
1254 4950 1543 5015 eiusdem
1568 4951 1918 5037 suppositis
1940 4949 2222 5014 nationis
2252 4971 2358 5014 .n.:
2408 4959 2725 5036 quatenus
2756 4949 3089 5037 quodlibet
3111 4953 3404 5038 ipsorum
3420 4945 3725 5037 praesenti

820 5051 1255 5118 wexhibitori
1296 5050 1402 5116 vel
1441 5049 1913 5115 exhibitoribus
1961 5045 2059 5135 [21
2079 5046 2134 5135 ⁸]
2182 5048 2344 5114 duos
2388 5071 2656 5134 grossos
2701 5072 2907 5115 novos
2952 5073 3073 5137 pro
3133 5052 3583 5117 reformatione
3624 5065 3722 5110 seu

905 5153 1319 5217 innovatione
1376 5148 1793 5216 candelarum
1845 5149 2057 5214 dictae
2098 5149 2412 5230 nationis,
2474 5148 2560 5212 ad
2601 5148 2911 5214 honorem
2955 5150 3061 5215 dei
3104 5149 3587 5238 deputatarum,
3646 5141 3721 5231 (si

908 5250 1137 5316 saltem
1193 5251 1374 5337 prius
1425 5272 1553 5314 non
1608 5247 1889 5336 dederit)
1948 5247 2119 5313 infra
2173 5246 2488 5331 triduum,
2545 5270 2585 5312 a
2639 5247 2809 5313 datis
2867 5250 3320 5337 praesentibus
3372 5255 3718 5338 computan-
