4038 6358
876 576 991 638 11ss
1801 570 1913 620 Des
1947 568 2217 620 Iohannes
2249 569 2409 621 Fabri
2452 571 2519 621 de
2551 570 2780 622 Werdea

870 756 1115 822 vatoris
1154 749 1807 839 magnificentissimi,
1851 773 2101 817 necnon
2137 747 2479 816 reverendi
2520 751 2589 815 in
2637 749 2896 817 Christo
2939 754 3150 839 patris
3191 762 3257 819 et
3279 751 3549 836 domini,
3590 753 3689 821 do-

869 856 1027 921 mini
1067 853 1321 918 Tilonis
1364 860 1479 916 etc.
1496 899 1515 934 ,
1575 850 1863 915 eiusdem
1918 851 2360 916 universitatis
2416 849 2786 918 cancellarii
2826 853 3001 917 unici
3043 863 3108 917 et
3148 851 3547 939 dignissimi,
3603 855 3689 919 .N.

866 954 948 1021 de
992 955 1087 1020 .Ν.
1130 963 1251 1018 etc.
1307 960 1522 1017 rector
1574 948 1841 1015 mandat
1890 949 2186 1017 omnibus
2229 960 2294 1016 et
2335 949 2603 1037 singulis
2645 952 3085 1016 universitatis
3132 952 3424 1018 eiusdem
3468 975 3688 1040 suppo·

866 1057 1028 1138 sitis,
1088 1062 1277 1118 extra
1319 1048 1592 1136 collegia
1632 1049 1900 1137 locaque
1941 1050 2315 1137 approbata
2351 1048 2704 1133 stantibus,
2757 1050 3159 1117 morantibus
3203 1062 3315 1117 aut
3357 1051 3688 1118 comeden-

811 1167 844 1221 5
863 1154 1066 1237 tibus,
1110 1162 1427 1241 quatenus
1467 1149 1638 1214 infra
1677 1149 1828 1215 hinc
1870 1160 1934 1214 et
1972 1149 2145 1215 diem
2183 1150 2392 1216 sancti
2430 1150 2527 1216 .Ν.
2568 1151 2867 1238 proxime
2911 1159 3253 1215 venturum
3295 1151 3382 1216 ad
3428 1150 3691 1239 collegia

865 1265 932 1320 et
984 1253 1217 1319 bursas
1272 1249 1703 1339 approbatae,
1756 1248 1998 1314 ibidem
2043 1246 2146 1337 [27
2158 1246 2210 1339 b]
2255 1248 2520 1333 stando,
2576 1248 2927 1337 morando,
2996 1248 3389 1316 comedendo
3447 1274 3527 1316 ac
3568 1251 3691 1316 alia

864 1358 1010 1420 iura
1048 1351 1406 1418 bursalium
1446 1347 1764 1431 faciende,
1811 1371 1950 1413 sese
1994 1350 2330 1436 recipiant.
2402 1347 2539 1414 Sub
2579 1371 2789 1436 poena
2826 1350 3016 1415 unius
3057 1372 3425 1436 sexagenae
3470 1374 3684 1433 novae,

864 1453 1270 1521 universitati
1310 1446 1842 1515 irremissibiliter
1882 1448 2351 1535 persolvendae
2390 1449 2655 1531 tociens,
2699 1450 2995 1536 quotiens
3034 1458 3184 1538 post
3221 1452 3686 1538 praescriptum

860 1568 1112 1642 tempus
1174 1560 1361 1617 extra
1417 1548 1783 1614 huiusmodi
1840 1547 1984 1613 loca
2040 1547 2408 1636 approbata
2459 1548 2632 1613 ultra
2685 1570 2975 1613 mensem
3028 1559 3232 1634 stare,
3299 1552 3545 1616 morari
3586 1561 3691 1615 aut

782 1667 847 1722 10
865 1653 1201 1721 comedere
1236 1648 1810 1739 praesumpserint.
1891 1648 2165 1735 Insuper
2205 1649 2432 1736 vigore
2472 1658 3030 1736 praememoratae
3060 1648 3310 1715 ducalis
3339 1673 3418 1717 ac
3451 1651 3687 1737 episco-

861 1755 1029 1844 palis
1074 1749 1544 1818 commissionis
1598 1747 1865 1814 mandat
1909 1747 2210 1814 omnibus
2252 1758 2318 1814 et
2359 1747 2630 1834 singulis
2673 1746 3038 1814 antedictae
3078 1750 3528 1816 universitatis
3570 1761 3687 1817 stu·

862 1853 1183 1936 dentibus,
1223 1860 1538 1938 quatenus
1578 1846 1790 1912 nullus
1833 1849 2125 1935 ipsorum
2164 1847 2472 1936 deinceps
2514 1850 2583 1913 in
2623 1847 2853 1914 habitu
2890 1848 3228 1916 inhonesto
3272 1872 3353 1915 ac
3372 1848 3689 1915 indecenti

863 1956 1186 2040 statuique
1229 1973 1345 2016 suo
1390 1949 1654 2014 minime
1700 1948 2111 2034 congruenti,
2154 1948 2445 2014 vestibus
2490 1946 2793 2013 videlicet
2828 1949 3034 2014 nimia
3071 1949 3392 2015 brevitate
3432 1951 3685 2032 notatis,

860 2055 1118 2122 collerio
1175 2049 1531 2117 cancellato
1582 2047 1688 2113 vel
1741 2050 1810 2113 in
1860 2048 2124 2114 dorsum
2164 2048 2358 2112 nimis
2400 2049 2620 2113 exciso
2638 2096 2656 2130 ,
2713 2049 3030 2134 pectorali
3072 2050 3466 2126 effeminato,
3525 2049 3687 2138 pileo

779 2168 841 2223 15
861 2154 1099 2237 laicali,
1142 2148 1466 2238 caputiolo
1507 2146 1694 2213 brevi
1728 2168 1843 2213 seu
1881 2149 2145 2236 petiam,
2189 2148 2395 2213 ocreis
2434 2146 2712 2234 plicatis,
2753 2147 3084 2232 hasucula‚
3127 2148 3394 2232 birreto,
3439 2149 3685 2235 caligis-

859 2279 982 2342 que
1025 2253 1286 2318 diversa
1322 2247 1776 2316 intersectione
1820 2247 2105 2313 colorum
2145 2247 2441 2312 formatis
2458 2296 2476 2329 ,
2534 2257 2646 2313 aut
2699 2268 3079 2337 quocunque
3139 2249 3270 2314 alio
3310 2248 3540 2317 illicito
3584 2248 3686 2313 ha—

855 2356 1027 2438 bitu,
1068 2363 1203 2418 tam
1245 2353 1313 2417 in
1351 2349 1584 2438 plateis
1628 2368 1822 2435 quam
1863 2348 1932 2411 in
1974 2346 2266 2432 collegiis
2316 2355 2431 2412 aut
2470 2345 2617 2412 aliis
2660 2348 3146 2435 quibuscunque
3188 2347 3471 2437 publicis
3515 2347 3684 2430 locis,

853 2454 1155 2521 incedere
1193 2457 1598 2538 praesumat,
1638 2468 1850 2533 poena
1889 2446 2008 2511 sub
2052 2447 2435 2534 praemissa.
2513 2446 2760 2512 Datum
2804 2457 2919 2513 etc.

945 2629 1043 2691 65.
1095 2635 1391 2686 uom‘rlo
1434 2631 1752 2681 Amcums
1794 2631 2153 2680 surrosrrl
2194 2630 2684 2679 PEREMPTOBOE
2728 2631 2960 2680 cer‘rl
3001 2633 3094 2680 ΕΤ
3139 2631 3595 2682 comunem.

769 2766 839 2824 20
1019 2756 1156 2820 Nos
1202 2753 1299 2817 .N.
1340 2758 1572 2831 rector,
1616 2749 1767 2834 quia
1807 2745 2040 2834 aliquis
2066 2747 2177 2831 .N.,
2218 2756 2481 2812 nostrae
2517 2748 2958 2812 universitatis
3000 2750 3428 2836 suppositum,
3473 2750 3560 2815 ad
3581 2771 3679 2815 ex·

853 2854 1263 2945 purgandum
1304 2871 1375 2914 se
1416 2847 1497 2912 de
1535 2845 1899 2930 homicidio,
1957 2868 2166 2934 nuper
2206 2849 2275 2911 in
2317 2869 2661 2934 personam
2701 2846 3025 2932 quondam
3067 2847 3336 2913 discreti
3376 2848 3474 2915 .Ν.
3521 2871 3681 2914 com-

851 2959 1082 3037 misse,
1137 2952 1217 3017 de
1274 2971 1398 3037 quo
1441 2947 1852 3013 vehementer
1893 2945 2169 3012 habetur
2214 2956 2583 3034 suspectus,
2645 2955 2840 3034 prout
2882 2970 2924 3012 a
2961 2946 3308 3034 fidedignis
3348 2949 3543 3014 nobis
3580 2948 3677 3014 de-

851 3058 1191 3121 nunciatus
1256 3048 1358 3138 [28
1370 3047 1423 3138 ⁸]
1484 3057 1691 3131 extat,
1766 3057 1878 3112 aut
1942 3046 2029 3111 ad
2097 3046 2509 3134 allegandum
2577 3069 2806 3112 causas
2863 3046 3286 3115 rationabiles
3300 3098 3319 3131 ,
3401 3051 3457 3114 si
3527 3071 3677 3136 quas

850 3156 1151 3238 haberet,
1210 3175 1323 3218 cur
1379 3149 1464 3217 ad
1507 3149 1869 3237 praemissa
1909 3169 2041 3213 non
2077 3156 2433 3232 teneretur,
2488 3148 2556 3213 in
2599 3157 2842 3213 certum
2886 3150 3262 3232 terminum,
3317 3159 3473 3215 tunc
3524 3149 3677 3214 futu·

765 3270 833 3327 25
853 3282 994 3325 rum
1044 3257 1174 3321 iam
1215 3276 1370 3318 vero
1418 3249 1659 3316 dudum
1703 3246 2043 3331 effluxum,
2091 3248 2481 3314 sufficienter
2524 3258 2589 3313 et
2626 3250 2936 3314 canonice
2980 3250 3351 3314 citavimus:
3396 3250 3509 3337 qui
3550 3249 3677 3336 qui-

851 3360 998 3425 dem
1046 3356 1115 3420 in
1167 3353 1438 3418 termino
1497 3349 1821 3415 citationis
1871 3347 2241 3413 huiusmodi
2296 3370 2672 3436 comparere
2726 3372 2948 3415 coram
2988 3348 3178 3414 nobis
3222 3350 3676 3413 contumaciter

846 3456 1158 3544 neglexit:
1205 3473 1407 3542 quare
1448 3448 1722 3514 eundem
1767 3449 1846 3517 ,Ν
1849 3497 1865 3512 .
1910 3471 1992 3512 ex
2037 3447 2591 3535 superabundanti
2651 3449 3037 3532 requirimus
3078 3457 3142 3514 et
3185 3470 3552 3530 monemus,
3613 3455 3676 3510 ut

848 3556 1059 3622 adhuc
1126 3553 1298 3618 infra
1361 3572 1596 3615 novem
1663 3547 1800 3613 dies
1866 3557 2016 3636 post
2064 3549 2508 3613 executionem
2563 3552 2999 3634 praesentium
3055 3548 3355 3636 proxime
3413 3548 3673 3628 futuros,

849 3677 1116 3745 quorum
1158 3651 1418 3740 quidem
1459 3671 1692 3714 novem
1734 3647 1988 3713 dierum
2035 3649 2095 3712 ei
2138 3656 2268 3712 tres
2312 3669 2432 3734 pro
2475 3649 2707 3734 primo,
2747 3657 2880 3713 tres
2922 3670 3044 3735 pro
3071 3649 3172 3731 2⁰,
3215 3647 3503 3735 reliquos
3524 3667 3671 3711 vero

763 3766 831 3822 30
850 3755 1108 3820 ultimos
1165 3762 1297 3817 tres
1351 3772 1469 3838 pro
1513 3749 1948 3836 peremptorio
1996 3748 2403 3832 assignamus
2445 3750 2748 3831 termino,
2805 3769 3023 3814 coram
3062 3747 3250 3813 nobis
3293 3756 3356 3813 et
3398 3767 3670 3813 assesso·

845 3854 1023 3920 ribus
1072 3853 1313 3918 nostris
1370 3853 1438 3915 in
1500 3849 1642 3915 loco
1693 3858 1957 3913 nostrae
2013 3846 2240 3912 solitae
2296 3846 2687 3913 residentiae
2742 3846 3028 3933 legitime
3068 3859 3479 3935 compareat,
3540 3866 3669 3911 sese

848 3954 928 4020 de
978 3962 1312 4039 praetacto
1354 3947 1701 4014 homicidio
1747 3955 2227 4034 expurgaturus
2267 3945 2371 4011 vel
2422 3970 2651 4012 causas
2696 3956 2922 4012 contra
2962 3949 3328 4035 praemissa
3369 3946 3667 4033 allegatu-

843 4077 972 4119 rus.
1053 4052 1359 4138 Alioquin
1403 4049 1575 4114 dicto
1616 4047 1984 4113 monitionis
2027 4047 2304 4111 termino
2349 4046 2586 4112 effluxo
2630 4045 2718 4111 ad
2758 4048 2894 4112 eius
2938 4046 3374 4113 exclusionem
3417 4057 3533 4112 etc.

1052 4225 1148 4287 66.
1216 4233 1635 4297 ΜΑΝὈΔΤΠΜ,
1677 4232 1768 4279 ΝΕ
1808 4230 2085 4290 ALIQUIS
2122 4231 2539 4280 HASTILUDIA
2577 4231 3031 4280 EXERCENTES
3070 4232 3205 4280 VEL
3251 4231 3453 4280 CIRCA

759 4332 825 4389 35
1610 4331 2056 4380 PANCRATrUu
2096 4330 2508 4381 PUGNANTES
2549 4330 2903 4378 lMPEmA'r.

1006 4452 1177 4535 Quia
1213 4450 1524 4516 nobilium
1568 4457 1938 4529 conventus,
1980 4467 2359 4536 camporum
2395 4468 2683 4533 pugnam
2705 4445 2810 4512 die
2837 4446 3059 4512 Lunae
3078 4450 3382 4535 proxima
3408 4469 3662 4536 sequen·

837 4554 1137 4641 tibusque
1188 4550 1414 4617 diebus
1469 4552 1653 4615 iuxta
1689 4548 2098 4635 pancratium
2135 4550 2203 4612 in
2241 4548 2381 4611 foro
2425 4555 2861 4611 constructum
2905 4546 3163 4634 publice
3204 4546 3658 4613 demonstratu-

839 4678 952 4721 rus
990 4653 1408 4735 lusurusque,
1464 4647 1743 4712 diversis
1796 4649 1995 4711 armis
2047 4657 2111 4711 et
2158 4645 2581 4712 defendiculis
2621 4648 2790 4710 inter
2830 4646 3253 4733 pugnandum
3294 4647 3658 4714 ludendum-

843 4777 966 4843 que
994 4761 1229 4834 utetur,
1275 4747 1508 4835 quibus
1549 4748 1792 4812 incauti
1821 4755 2238 4835 spectatoreS‚
2281 4745 2650 4811 huiusmodi
2682 4748 3021 4831 pancratio
3052 4751 3658 4837 appropinquantes,

754 4865 821 4920 40
841 4864 955 4920 aut
1024 4854 1217 4918 etiam
1283 4851 1444 4938 ipsis
1510 4843 1614 4935 [28
1629 4843 1684 4934 b]
1745 4845 2074 4934 pugilibus
2129 4845 2320 4911 facile
2371 4848 2561 4924 (sicut
2623 4847 3062 4911 verisimiliter
3128 4847 3481 4913 timendum
3545 4851 3655 4924 est)

841 4953 1013 5019 laedi
1055 4961 1362 5039 poterunt
1406 4959 1472 5013 et
1516 4945 1784 5029 offendi,
1837 4954 2185 5035 eapropter
2224 4945 2320 5012 ,Ν
2364 4955 2484 5011 etc.
2526 4955 2739 5011 rector
2790 4945 3057 5011 mandat
3098 4947 3394 5013 omnibus
3438 4958 3501 5012 et
3543 4947 3652 5011 sin-

839 5053 1008 5139 gulis
1052 5051 1492 5115 universitatis
1537 5046 1826 5113 eiusdem
1871 5047 2245 5133 suppositis,
2287 5055 2601 5132 quatenus
2630 5044 2869 5110 nullum
2914 5048 3206 5133 ipsorum
3247 5045 3653 5136 praescriptis

841 5150 1072 5217 diebus
1125 5150 1485 5238 praefatum
1540 5148 1950 5234 pancratium
2006 5144 2144 5210 ludi
2198 5144 2563 5211 huiusmodi
2618 5145 2956 5231 spectandi
3011 5168 3209 5211 causa
3262 5146 3515 5234 ingredi
3561 5142 3653 5209 vel

834 5251 960 5338 ipsi
1018 5250 1209 5313 nimis
1271 5249 1801 5335 appropinquare
1848 5247 2070 5332 sicque
2110 5245 2440 5332 pugilibus
2482 5247 2646 5333 ipsis
2689 5244 3150 5332 impedimento
3192 5268 3335 5312 esse
3374 5256 3488 5312 aut
3527 5263 3653 5310 sese
