4038 6358
1547 624 1670 714 ¹vom
1709 611 1874 661 Jahn-o
1919 611 2056 663 2557.
3102 610 3218 675 169

261 786 474 867 eima,
529 812 584 853 a
639 790 949 860 domino
969 793 1236 859 Valerio
1263 792 1519 875 Pfister,
1560 792 1796 857 artium
1841 801 1907 858 et
1942 792 2104 859 iuris
2146 792 2481 880 utriusque
2526 792 2807 877 doctore,
2848 801 3004 859 nato
3044 790 3219 857 Scle-

261 886 404 951 sita
457 883 526 974 [Ι
555 886 625 976 b]
688 893 1007 959 civitatis
1047 892 1479 979 LignicensiS,
1529 890 1654 957 hoc
1706 902 1998 979 tempore
2040 894 2293 959 seniore
2332 894 2611 959 nationis
2654 893 3010 980 polonicae‚
3071 912 3218 956 con-

261 989 512 1051 voc‘ati
589 1001 788 1056 sunt
845 1014 1067 1059 omnes
1123 1001 1187 1057 et
1241 990 1478 1078 singuli
1530 993 1830 1077 magistri
1889 1000 1953 1057 et
2009 991 2305 1058 doctores
2362 994 2647 1058 nationis
2708 1001 2771 1057 et
2823 994 2895 1056 in
2950 989 3219 1055 aedibus

265 1086 594 1172 praefati
653 1089 978 1158 doctoris
1021 1091 1295 1157 senioris
1340 1102 1808 1173 convenerunt,
1868 1099 2063 1177 atque
2097 1091 2341 1157 ibidem
2381 1091 2601 1158 divino
2643 1091 2991 1179 implorato
3032 1090 3219 1155 auxi·

269 1186 366 1249 lio
417 1188 979 1274 consultamut,
1035 1190 1268 1279 quibus
1307 1190 1518 1256 modis
1561 1201 1629 1256 et
1667 1192 1792 1257 viis
1841 1191 2037 1256 fiscus
2078 1192 2378 1274 nationiS‚
2433 1214 2550 1279 per
2592 1191 2839 1278 aliquot
2885 1213 3056 1255 nunc
3105 1210 3215 1253 an·
3268 1196 3303 1251 5

275 1308 406 1351 nos
462 1301 836 1356 cessante
877 1290 1175 1376 diligenti
1221 1291 1694 1357 contributione
1747 1300 1812 1355 et
1865 1292 2117 1356 seniore
2168 1291 2440 1357 subinde
2481 1300 2744 1373 mutato,
2798 1290 2972 1377 quod
3026 1310 3221 1375 saepe

279 1408 370 1449 ex
417 1410 636 1451 nova
703 1392 1130 1477 promotione
1178 1392 1364 1456 iuxta
1411 1390 1792 1455 facultatum
1834 1390 2126 1456 ordinem
2178 1391 2475 1457 accidere
2528 1392 2785 1458 solitum
2831 1399 2958 1473 est,
3008 1387 3221 1473 negle-

275 1496 438 1550 ctus
493 1496 576 1551 et
629 1489 798 1554 iam
841 1490 979 1558 fere
1018 1488 1392 1575 exhaustus,
1443 1492 1621 1555 vires
1666 1512 2053 1576 recuperare
2106 1500 2171 1555 et
2224 1491 2539 1578 paulatim
2581 1512 2952 1557 accrescere
2994 1487 3223 1575 possit,

283 1608 376 1648 ne
427 1595 510 1649 et
561 1590 792 1653 natio
837 1612 998 1677 prae
1042 1591 1274 1655 ceteris
1328 1589 1412 1656 ob
1455 1591 1744 1677 inopiam
1800 1598 2263 1673 contemnatur,
2319 1613 2440 1655 nec
2479 1612 2796 1677 pauperes
2841 1589 2924 1654 de
2964 1588 3225 1652 natione

281 1708 416 1771 spe
493 1708 594 1751 ac
665 1687 979 1756 subsidio
1037 1690 1440 1754 necessitatis
1501 1687 1963 1753 destituantur:
2048 1688 2351 1775 proinde,
2412 1689 2587 1775 quod
2626 1690 2886 1771 bonum,
2940 1688 3219 1753 faustum
3242 1691 3304 1747 10
3322 1700 3335 1713 ⁸

283 1784 684 1871 foelixque
741 1789 847 1871 sit,
893 1788 1070 1874 leges
1117 1784 1180 1875 [2
1191 1784 1244 1875 ⁸]
1284 1789 1353 1854 in
1393 1797 1726 1876 posterum
1769 1809 2027 1874 semper
2069 1787 2413 1855 duraturas
2453 1791 2641 1856 iuxta
2684 1791 2904 1875 capita
2947 1806 3213 1871 sequen-

289 1886 396 1951 tia
442 1888 814 1953 concordi
859 1888 1171 1974 suffragio
1211 1889 1389 1952 natio
1429 1888 1684 1953 statuit:

483 1986 761 2052 Primo
824 1988 1042 2052 senior
1084 1988 1194 2074 qui
1257 2009 1430 2053 nunc
1487 1996 1588 2051 est
1629 1998 1692 2051 et
1735 2010 1956 2053 omnes
2000 1990 2113 2075 qui
2154 1989 2459 2075 deinceps
2502 1998 2689 2054 erunt
2730 1988 3019 2054 seniores
3061 2006 3223 2049 sem-

299 2108 427 2173 per
467 2086 552 2151 in
599 2086 850 2165 offitio,
891 2086 1046 2153 dum
1083 2086 1192 2152 hic
1230 2096 1451 2173 agunt,
1493 2107 1878 2173 permanere
1916 2086 2173 2171 debent,
2214 2090 2468 2155 etiamsi
2510 2090 2655 2176 quis
2698 2088 2865 2154 alius
2908 2083 3223 2152 excellen-

297 2185 512 2251 tioris
561 2185 924 2252 facultatis
966 2185 1193 2253 doctor
1236 2196 1712 2275 promoveatur.
1787 2187 1889 2252 Eo
1947 2196 2163 2252 autem
2216 2187 2367 2252 hinc
2411 2187 2715 2253 aliorsum
2766 2210 2837 2252 se
2880 2180 3223 2253 habitandi
3244 2188 3305 2245 15

304 2290 549 2351 animo
628 2287 1016 2353 conferente
1062 2286 1167 2351 vel
1229 2309 1266 2351 e
1309 2287 1480 2351 vivis
1538 2284 1645 2350 dei
1686 2284 2017 2352 voluntate
2078 2286 2462 2370 excedente,
2526 2298 2678 2351 tunc
2739 2285 2995 2351 demum
3054 2283 3224 2347 hanc

309 2384 760 2472 dignitatem
799 2387 1072 2451 senioris
1114 2387 1392 2473 recipiat
1429 2384 1794 2471 theologiae
1835 2386 2064 2453 doctor
2109 2382 2251 2451 loco
2295 2388 2562 2473 primus,
2620 2387 2677 2450 si
2719 2384 2939 2469 adest3
2999 2387 3055 2449 si
3093 2403 3223 2446 non

315 2486 552 2569 adest,
620 2497 794 2551 tunc
847 2486 1084 2550 iurium
1144 2484 1372 2551 doctor
1415 2484 1700 2571 primus3
1757 2484 1814 2548 si
1855 2508 1978 2549 nec
2017 2485 2074 2550 is
2118 2483 2319 2568 adsit,
2376 2496 2529 2550 tunc
2583 2484 2943 2551 medicinae
2995 2483 3221 2549 doctor

317 2586 600 2671 primus
625 2609 646 2649 t
722 2586 779 2650 si
819 2607 976 2651 vero
1028 2586 1086 2649 is
1130 2606 1384 2672 quoque
1437 2581 1650 2649 nullus
1711 2586 1823 2666 sit,
1883 2594 2037 2651 tune
2088 2585 2351 2650 tandem
2406 2586 2642 2649 artium
2688 2584 2917 2650 doctor
2971 2584 3220 2670 primus

321 2683 514 2767 10005
581 2685 698 2749 ita
757 2694 978 2749 tamen
1031 2692 1106 2749 ut
1161 2681 1249 2748 ad
1289 2680 1355 2769 [2
1365 2680 1420 2769 b]
1460 2682 1790 2748 nationem
1846 2685 2229 2769 pertineant.
2317 2684 2406 2759 Et
2460 2686 2569 2770 qui
2629 2685 2725 2749 sic
2776 2684 3047 2750 offitium
3098 2682 3307 2747 hoczo

329 2783 552 2849 semel
617 2793 1062 2871 consequutus
1115 2782 1315 2847 fuerit
1326 2831 1344 2864 ,
1397 2781 1675 2850 fideliter
1719 2803 1796 2847 eo
1833 2781 1938 2846 vel
1992 2782 2079 2849 ad
2120 2782 2315 2849 finem
2355 2784 2531 2849 vitae
2570 2784 2674 2849 vel
2718 2805 2921 2869 usque
2963 2781 3050 2847 ad
3092 2781 3219 2846 dis·

331 2906 618 2949 cessum
687 2906 877 2949 suum
933 2881 1376 2969 perfungatur,
1441 2880 1620 2947 nulla
1672 2880 2026 2946 mutatione
2078 2882 2620 2970 interrumpente,
2682 2892 2753 2948 ut
2816 2891 2966 2947 ante
3026 2883 3223 2947 etiam

337 2985 586 3070 patuit.

515 3081 836 3149 Secundo
880 3080 1075 3148 debet
1131 3081 1348 3145 senior
1387 3078 1661 3166 singulis
1713 3080 1898 3145 annis
1957 3103 2179 3146 mense
2230 3080 2391 3146 Maii
2445 3081 2552 3147 die
2590 3082 2767 3148 Iovis
2822 3082 3222 3148 ascensionis

345 3181 612 3248 domini
656 3205 878 3249 omnes
921 3182 1274 3268 magistros
1318 3189 1384 3246 et
1420 3178 1718 3246 doctores
1759 3181 2042 3245 nationis
2086 3181 2208 3247 sub
2264 3191 2487 3248 tenore
2542 3205 2663 3270 per
2714 3182 3025 3248 famulum
3080 3185 3218 3247 uni-
3238 3191 3305 3248 25

345 3284 702 3348 versitatis
747 3301 1128 3363 convocare,
1179 3288 1250 3344 ut
1299 3281 1368 3345 in
1410 3281 1762 3367 vaporario
1806 3281 2043 3345 maiori
2082 3280 2341 3367 collegii
2382 3281 2614 3347 beatae
2655 3283 2932 3369 virginis
2970 3282 3223 3347 Mariae

351 3384 538 3448 circa
579 3383 816 3448 horam
860 3380 1311 3446 duodecimam
1353 3379 1456 3446 vel
1515 3380 1792 3468 primam
1839 3381 2131 3445 eiusdem
2186 3380 2317 3446 diei
2377 3383 2768 3448 conveniant
2822 3382 2909 3447 ad
2960 3382 3220 3447 audien-

353 3481 512 3546 dum
575 3491 952 3569 computum
1003 3480 1282 3546 nationis
1337 3490 1405 3546 et
1459 3480 1545 3544 ad
1601 3480 2043 3567 reponendam
2099 3481 2441 3567 pecuniam
2495 3481 2829 3547 collectam
2881 3483 2947 3546 in
2996 3481 3223 3546 fiscum

359 3591 560 3668 atque
604 3581 694 3647 ad
738 3579 1230 3647 consultandum
1275 3601 1473 3667 super
1516 3579 1660 3644 aliis
1702 3580 1897 3645 rebus
1942 3580 2351 3646 commodum
2394 3582 2675 3646 nationis
2708 3578 2769 3669 [3
2784 3579 2835 3669 ⁸]
2878 3582 3222 3668 spectanti-

359 3679 504 3764 bus,
553 3680 681 3746 sub
723 3703 938 3768 poena
979 3701 1108 3744 non
1157 3678 1644 3745 contradicendi
1685 3680 1791 3745 vel
1835 3676 2133 3745 alterius¹
2180 3682 2365 3745 iuxta
2407 3683 2769 3768 exigentia²
2809 3683 2921 3745 rei.
3232 3684 3305 3744 30

532 3781 786 3865 Tertio,
839 3789 1233 3866 congregata
1291 3779 1386 3844 sic
1427 3780 1688 3847 natione
1730 3780 2016 3845 iuniores
2062 3779 2188 3845 duo
2227 3780 2523 3866 magistri
2574 3779 2853 3847 reddant
2906 3781 3224 3845 rationem

365 3883 658 3947 omnium
700 3881 896 3945 totius
935 3879 1090 3943 anni
1133 3888 1547 3965 acceptorum
1587 3891 1652 3944 et
1695 3881 2141 3967 expositorum
2191 3881 2589 3966 offerantque
2644 3882 2908 3966 scripto,
2960 3877 3119 3966 quid
3160 3886 3227 3942 et

371 3991 686 4066 quantum
727 3979 914 4044 iuxta
955 3973 1260 4044 conclusa
1301 3979 1636 4064 sequentia
1678 3979 1958 4045 solutum
2002 3979 2217 4045 fuerit.

535 4078 802 4145 Debent
860 4087 1074 4143 autem
1131 4075 1228 4140 illi
1285 4075 1372 4141 ad
1416 4076 1539 4141 hoc
1595 4077 1886 4164 deputati
1949 4079 2250 4164 magistri
2296 4077 2486 4143 simul
2532 4077 2724 4144 ambo
2784 4100 3032 4144 summa
3090 4099 3220 4164 qua

379 4188 657 4265 possunt
709 4177 1046 4265 diligentia
1101 4183 1168 4240 et
1215 4175 1348 4242 fide
1405 4176 1666 4262 exigere
1714 4186 1778 4242 et
1831 4177 2141 4264 colligere
2194 4187 2451 4262 quottas
2507 4179 2885 4244 constitutas
2940 4188 3005 4242 et
3056 4176 3217 4242 nihil
3236 4185 3305 4242 35

378 4280 682 4367 cuiquam
743 4280 1092 4344 remittere.
1178 4274 1252 4342 Si
1294 4299 1452 4342 vero
1496 4298 1656 4364 quos
1695 4279 2060 4364 repererint
2100 4277 2395 4342 conferre
2437 4277 2727 4344 nolentes
2770 4287 2835 4342 et
2876 4279 3013 4342 sine
3053 4277 3227 4342 iusta

380 4400 581 4447 causa
623 4388 1014 4460 recusantes,
1069 4376 1320 4441 nationi
1361 4375 1679 4458 indicent,
1728 4387 1800 4441 ut
1842 4387 2069 4442 contra
2112 4398 2243 4459 eos,
2287 4378 2524 4442 rectori
2566 4375 2837 4458 delatos,
2891 4378 3032 4441 iure
3074 4398 3223 4462 pro-

386 4479 656 4546 cedatur
713 4479 836 4562 vel‚
901 4479 958 4542 si
1013 4476 1210 4541 fuerit
1264 4471 1326 4563 [3
1339 4472 1392 4562 b]
1451 4476 1696 4541 nationi
1751 4477 1846 4541 ita
1903 4477 2143 4558 visum,
2209 4498 2252 4541 a
2307 4478 2567 4544 natione
2626 4474 3057 4541 secludantur.
3139 4475 3229 4538 Et

385 4579 577 4645 talem
602 4580 712 4645 isti
739 4578 1112 4646 collectores
1137 4574 1266 4642 duo
1289 4576 1588 4662 magistri
1616 4597 1796 4673 suum
1827 4575 2225 4661 praestando
2248 4576 2520 4642 offitium
2537 4575 2886 4641 observent
2912 4572 3224 4654 ordinem,

391 4688 460 4742 ut
492 4701 747 4768 semper
787 4679 1072 4744 anterior
1100 4677 1365 4742 nomina
1389 4675 1770 4740 solventium
1797 4683 1862 4738 et
1903 4674 2257 4741 solutorum
2281 4677 2633 4761 consignet,
2682 4675 3004 4762 posterior
3045 4671 3222 4760 apud
3241 4682 3307 4736 40

393 4801 458 4842 se
497 4802 702 4867 usque
742 4777 830 4844 ad
873 4789 1128 4864 tempus
1169 4775 1444 4841 rationis
1485 4785 1776 4840 reservet
1814 4773 2045 4850 soluta,
2086 4785 2152 4840 et
2192 4785 2329 4840 tum
2372 4776 2647 4840 offerant
2687 4775 2958 4862 quisque
2999 4795 3119 4836 sua
3160 4782 3225 4837 et

395 4881 768 4965 consignata
815 4888 880 4945 et
929 4887 1284 4958 reservata,
1342 4897 1510 4962 quae
1553 4884 1616 4938 et
1657 4876 1727 4938 in
1767 4897 2004 4939 novum
2050 4873 2389 4940 emendum
2427 4875 2709 4939 nationis
2753 4872 2989 4938 librum
3027 4893 3223 4937 mem-

391 4975 811 5044 branaceum³
851 4998 1046 5043 manu
1087 4976 1390 5061 magistri
1435 4975 1906 5059 consignatoris
1949 4973 2339 5039 scribantur.
2424 4973 2717 5039 Tandem
2771 4973 2933 5038 haec
2991 4970 3222 5060 solutio

395 5086 739 5162 numerata,
779 5077 1084 5143 adiuncta
1125 5095 1416 5140 summae
1457 5073 1525 5138 in
1565 5071 1724 5138 fisco
1767 5071 2054 5158 quolibet
2092 5095 2263 5138 anno
2304 5085 2603 5161 repertae
2652 5074 2721 5138 in
2767 5071 3008 5140 librum
3037 5094 3225 5161 prae-

538 5300 582 5352 1.
621 5299 654 5350 2
690 5294 766 5352 So
800 5292 1358 5364 stehtgeoehrieben.
1420 5297 1452 5346 3
1487 5290 1846 5348 Eheu-unser
1879 5291 2055 5348 Buch.
