4038 6358
1087 601 1280 653 Zweite
1313 600 1840 663 Sumtenredactiom
1876 616 1981 653 von
2019 601 2368 655 uas—1465.
3026 608 3147 674 333

909 823 1009 885 43.
1053 834 1148 882 na
1189 834 1390 883 nono
1433 832 1874 883 mscnmnnm
1917 834 2549 885 mccamnunnos.

1461 952 1584 1016 νει.
1625 969 1672 1005 a.
1709 954 1785 1005 st.
1822 954 1901 1015 24,
1939 955 1984 1006 4.

457 1070 634 1137 Item
694 1067 1134 1135 inscribantur
1192 1065 1677 1133 baccalariandi
1739 1067 2091 1133 secundum
2146 1066 2471 1151 ordinem,
2529 1089 2719 1155 quem
2776 1066 3019 1135 habent
3079 1071 3147 1135 in

275 1168 652 1237 matricula
691 1167 1154 1235 universitatis.

505 1344 614 1405 44.
678 1352 872 1414 quon
915 1350 1187 1401 nunnus
1228 1351 1463 1399 nnus-r
1506 1350 1856 1401 monemus
1900 1349 2211 1411 uncum
2254 1348 2525 1397 saman
2567 1350 2949 1399 mmmmm
3193 1344 3227 1399 5

1431 1452 1526 1499 AD
1567 1450 1996 1499 mmmmm.
2013 1434 2033 1474 ¹

466 1569 634 1635 Item
697 1565 910 1632 nullus
965 1566 1425 1651 magistrorum
1479 1564 1788 1653 aliquem,
1853 1565 2194 1652 potissime
2248 1564 2557 1633 inabilem
2568 1614 2588 1649 ‚
2649 1587 2765 1652 spe
2825 1564 2989 1633 lucri
3043 1565 3147 1636 vel

277 1668 546 1733 favoris
590 1664 696 1731 vel
741 1666 1014 1731 alicuius
1055 1664 1376 1730 commodi
1429 1664 1804 1752 temporalis
1848 1663 1934 1728 ad
1985 1662 2356 1728 intrandum
2398 1685 2670 1729 examen
2710 1663 2814 1729 vel
2866 1674 3142 1753 tempta·
3261 1694 3270 1701 ·

287 1789 454 1831 men
495 1766 568 1831 in
609 1762 718 1853 [60
728 1762 790 1851 ⁸]
825 1763 1098 1847 artibus,
1150 1772 1217 1831 et
1255 1761 1427 1853 quod
1469 1764 1590 1831 sub
1631 1786 1706 1830 eo
1749 1762 2134 1829 determinet
2174 1763 2278 1829 vel
2316 1763 2619 1851 incipiat,
2675 1763 2761 1828 ad
2801 1764 3144 1831 iurandum

281 1865 408 1930 vel
461 1863 595 1930 fide
649 1865 1032 1951 interposita
1074 1863 1236 1929 alias
1289 1862 1790 1950 promittendum
1845 1886 1962 1951 per
2017 1885 2087 1929 se
2141 1862 2245 1927 vel
2303 1884 2420 1949 per
2470 1862 2687 1945 alium,
2747 1863 2990 1929 directe
3042 1864 3232 1932 vello

287 1964 644 2047 indirecte,
702 1964 976 2030 scienter
1028 1962 1313 2045 inducat,
1373 1960 1492 2027 sub
1548 1983 1758 2049 poena
1812 1963 2256 2048 suspensionis
2314 1962 2397 2026 ab
2457 1960 2711 2027 actibus
2769 1961 3145 2048 scolasticis,

290 2064 358 2129 si
423 2062 508 2128 de
569 2063 694 2130 hoc
755 2064 1085 2131 convictus
1146 2062 1252 2128 vel
1313 2062 1641 2128 confessus
1700 2061 1894 2126 fuerit
1950 2060 2056 2127 vel
2120 2060 2285 2127 alias
2350 2062 2741 2145 constiterit,
2806 2062 2891 2127 ad
2948 2086 3145 2130 unum

295 2185 565 2229 annum.

379 2320 484 2381 45.
527 2329 623 2377 ΒΕ
666 2328 1067 2377 ῙΠΒΔΠΕΝΤΟ
1107 2327 1678 2392 ΕΧΔΜΙΝΔΤΟΒΗΠ,
1717 2328 1808 2375 ΕΤ
1855 2327 2036 2387 QUOS
2078 2327 2432 2377 FACULTAS
2472 2330 2793 2379 REPUTAT
2834 2330 3093 2382 DIGNOS

1271 2428 1409 2479 PRO
1451 2426 1898 2489 acqunmnno
1941 2426 2197 2477 GRADU.
3169 2426 3233 2487 15

1459 2545 1581 2607 vgl.
1615 2558 1665 2595 a.
1699 2544 1773 2597 St.
1811 2545 1892 2608 2⁵1,
1933 2545 2006 2597 lb,

478 2662 665 2749 „Ego
704 2661 798 2727 N.
855 2661 1019 2744 iuro,
1074 2657 1244 2746 quod
1301 2681 1473 2724 nunc
1523 2667 1588 2723 et
1624 2658 1693 2722 in
1735 2668 1928 2725 antea
1969 2668 2035 2725 et
2094 2658 2647 2746 quotienscunque
2705 2662 2773 2725 in
2830 2660 3143 2731 decanum

315 2771 432 2827 aut
471 2761 979 2827 examinatorem
1019 2758 1602 2846 promovendorum
1658 2766 1794 2823 tam
1849 2758 1936 2823 ad
1975 2758 2424 2843 magisterium
2467 2781 2661 2845 quam
2712 2760 2799 2825 ad
2850 2762 3149 2833 baccala-

317 2862 554 2927 riatum
582 2859 818 2926 electus
849 2860 1052 2942 fuero,
1097 2858 1435 2946 admittere
1462 2856 1658 2922 velim
1700 2856 2111 2944 simpliciter²
2151 2856 2384 2945 dignos
2425 2868 2490 2922 et
2525 2860 2768 2925 reicere
2808 2862 3145 2951 indignos;

319 2961 416 3026 sic
467 2981 571 3025 me
624 2958 782 3025 deus
838 2958 1100 3024 adiuvet
1153 2968 1216 3023 et
1279 2967 1502 3023 sancta
1560 2956 1663 3021 dei
1721 2954 2139 3044 ewangeliaf‘
2216 2956 2306 3022 Et
2360 2954 2506 3025 illos
2561 2968 2822 3045 reputat
2873 2961 3146 3030 facultas
3164 2976 3233 3033 20

321 3057 631 3147 gradibus
672 3057 923 3145 dignos,
977 3056 1211 3144 quibus
1261 3079 1392 3123 non
1449 3054 1656 3123 solum
1707 3054 2045 3121 literarum
2106 3057 2387 3121 sciencia
2437 3078 2665 3123 verum
2721 3060 2926 3125 eciam
2978 3068 3153 3130 vitae

322 3161 612 3225 meritum
656 3157 1064 3246 suffragatur.
1145 3156 1222 3222 In
1281 3156 1578 3222 scienciis
1639 3166 1854 3223 autem
1910 3152 2030 3221 hos
2089 3164 2347 3243 reputat
2404 3154 2637 3244 dignos
2696 3156 3153 3249 baccalariatu,

325 3260 434 3346 qui
467 3259 629 3324 bene
671 3280 745 3324 se
785 3257 1026 3323 habent
1073 3257 1144 3321 in
1200 3258 1643 3344 grammatica,
1697 3258 1765 3321 in
1823 3257 2048 3343 parvis
2108 3255 2468 3345 loycalibus
2522 3264 2587 3322 et
2625 3259 2695 3322 in
2735 3263 2941 3326 veteri
2994 3273 3152 3348 arte,

327 3369 390 3424 et
436 3359 505 3424 in
548 3356 692 3422 aliis
735 3364 1204 3444 competenter3
1261 3355 1633 3442 magisterio
1677 3364 1890 3420 autem
1933 3353 2166 3442 dignos
2208 3363 2496 3443 reputat,
2556 3359 2665 3444 qui
2716 3356 2882 3424 bene
2932 3384 3002 3426 se
3043 3362 3154 3428 ha-

328 3458 479 3524 bent
513 3459 579 3522 in
603 3457 809 3522 veteri
838 3465 996 3539 arte,
1037 3459 1106 3520 in
1143 3477 1313 3521 nova
1353 3454 1562 3542 loyca,
1606 3455 1675 3519 in
1717 3453 2130 3542 philosophia
2155 3453 2457 3538 naturali,
2500 3465 2564 3521 et
2597 3457 2665 3523 in
2708 3456 2858 3524 aliis
2902 3472 3237 3550 compe-25

329 3565 545 3622 tenter.
621 3555 709 3621 Et
771 3554 891 3620 sub
947 3553 1174 3620 eodem
1228 3555 1606 3636 iuramento,
1664 3575 1782 3640 per
1835 3552 2151 3618 decanum
2208 3553 2278 3619 in
2331 3557 2603 3642 propria
2658 3557 2867 3622 forma
2920 3582 3153 3650 propo-

334 3657 552 3740 nendo,
622 3653 890 3743 quilibet
959 3654 1472 3720 examinatorum
1535 3660 1840 3739 tempore·
1891 3675 2047 3718 suae
2109 3651 2451 3720 eleccionis
2508 3655 2577 3720 in
2646 3658 3154 3726 examinatorem

338 3755 566 3822 decano
605 3755 984 3844 promittere
1025 3753 1372 3819 teneatur.³

625 3925 730 3989 46.
773 3939 872 3987 na
911 3937 1110 3986 nono
1149 3936 1588 3986 Amnr'rnum
1625 3936 2073 3986 nummos
2116 3938 2249 3986 ran
2290 3938 2845 3990 ammonas.

1483 4055 1602 4118 Vgl.
1642 4069 1692 4106 a.
1731 4055 1810 4108 St.
1846 4053 1928 4118 2⁷,
1964 4053 2010 4105 2.

495 4171 651 4238 Item
691 4170 1164 4236 examinatores
1203 4168 1545 4236 admittant
1583 4169 1988 4234 examinatos
2031 4166 2135 4236 vel
2171 4172 2555 4256 temptatos⁴
2593 4171 2945 4241 secuudum
2984 4173 3154 4242 hunc

349 4270 654 4338 modum⁶z
737 4268 1024 4351 Quilibet
1066 4269 1578 4335 examinatorum
1617 4267 1858 4334 habeat
1897 4275 1994 4333 tot
2031 4267 2179 4354 pisa
2218 4277 2283 4334 et
2319 4277 2418 4334 tot
2468 4267 2745 4358 lapillos,
2801 4282 2959 4358 quot
3012 4283 3159 4340 sunt

353 4367 784 4458 promovendi3
844 4377 909 4434 et
961 4377 1279 4455 ponentur
1335 4367 1565 4433 mitrae
1619 4365 2203 4483 promovendorum
2258 4367 2601 4434 secundum
2655 4370 3005 4437 ordinem
2986 4396 3156 4461 1pso·

355 4493 482 4536 rum
524 4467 606 4534 ad
643 4489 952 4550 mensam,
993 4465 1251 4534 traditis
1285 4475 1501 4532 tamen
1542 4467 1725 4554 prius
1761 4467 1831 4532 in
1871 4468 2194 4556 principio
2237 4468 2553 4536 examinis
2579 4469 2685 4535 vel
2721 4474 3157 4558 temptaminis

361 4567 596 4634 cuilibet
636 4567 1066 4634 examinatori
1107 4565 1469 4634 nominibus
1523 4565 1920 4654 singulorum
1973 4565 2549 4634 examinandorum
2595 4568 2700 4636 vel
2756 4571 3157 4660 temptando·
3172 4583 3240 4640 3⁵

3170 4067 3239 4126 30

513 4842 532 4895 1
573 4833 678 4890 Die
709 4833 928 4891 Bubrik
957 4833 1033 4888 ist
1063 4837 1176 4890 erst
1209 4833 1395 4902 apator
1423 4828 1526 4884 mit
1557 4827 1860 4886 schwarzer
1893 4828 2062 4888 'I'inte
2093 4829 2521 4907 nachgetragen.

511 4924 540 4976 2
571 4918 732 4976 Auch
765 4919 887 4976 hier
922 4918 997 4974 ist
1031 4916 1357 4988 nssaenplieieor
1387 4913 1819 4986 nachgetragen.
1877 4913 2005 4986 Vgl.
2038 4915 2179 4973 oben
2211 4917 2374 4975 Anm.
2412 4936 2485 4975 zu
2518 4924 2568 4977 6.

517 5008 544 5059 3
577 5003 870 5060 Beschluss
903 5019 1030 5059 vom
1064 5006 1146 5058 30.
1183 4999 1408 5072 August
1446 5003 1590 5056 1436.

513 5095 546 5146 4
577 5087 726 5146 Statt
756 5089 858 5144 der
887 5087 1084 5143 Worte
1115 5085 1204 5140 vol
1235 5091 1520 5156 *captatae
1557 5082 1633 5137 ist
1665 5084 1852 5152 spater
1881 5081 2240 5154 geschrieben
2265 5101 2379 5155 pro
2411 5089 2594 5158 yradu
2628 5087 3037 5148 bac-calorem

515 5177 542 5228 5
577 5171 858 5228 Hieneben
890 5169 1038 5226 steht
1069 5185 1158 5225 am
1191 5169 1414 5224 Raude:
1469 5168 1723 5222 videlicet
1762 5169 1916 5237 quod
1949 5169 2260 5238 praemioea
2294 5167 2597 5226 collacione
2627 5173 2698 5226 de
2730 5174 3159 5230 cimmo-inb

372 5252 2563 5325 avondieionibmmquoadmomqumnquoadocimciaapmonamn
2600 5257 3116 5319 animemur-imm.
