4038 6358
951 648 1075 712 354
1949 649 2052 700 Die
2091 650 2530 716 philosophtsche
2562 650 2821 704 Facultsst.

947 830 1151 895 nariis
1213 830 1676 916 magistrorum
1731 851 2043 917 praesens
2100 830 2225 896 fuit
2271 829 2603 914 tamdiu,
2663 831 2870 899 donec
2932 832 3230 899 adminus
3273 834 3554 923 quinque
3591 841 3764 927 mgi-

949 930 1068 994 stri
1114 928 1496 1014 arguebant,
1541 929 1598 993 si
1640 927 1870 994 saltem
1911 938 2011 997 tot
2048 928 2144 994 ibi
2184 929 2444 996 fuerunt
2480 931 2783 1017 magistri
2823 942 3187 1019 arguentes.

1216 1101 1276 1166 8.
1319 1113 1414 1161 nn
1458 1113 1753 1179 AETATE,
1798 1113 2348 1163 men-rmum
2390 1114 2483 1162 ΕΤ
2526 1114 2834 1165 neamus
2876 1116 3527 1168 Paouomnonuu.

2079 1216 2203 1279 vgl.
2234 1216 2530 1280 Hauptstat.
2564 1217 2648 1270 40.

859 1340 893 1395 5
1040 1410 1047 1417 Ξ
1112 1331 1276 1396 Item
1318 1330 1530 1396 nullus
1576 1330 1953 1395 admittatur
1995 1329 2083 1395 ad
2135 1322 2532 1418 temptamen
2586 1354 2707 1420 pro
2762 1332 2974 1420 gradu
3030 1335 3416 1420 magisterii,
3474 1335 3594 1402 nisi
3638 1340 3759 1404 atti-

941 1431 1113 1516 gerit
1167 1453 1405 1495 annum
1459 1430 1839 1495 vicesimum
1895 1431 2175 1517 primum
2233 1438 2298 1495 et
2350 1428 2432 1495 de
2487 1429 2803 1517 legittimo
2844 1428 3148 1519 matri[38
3165 1429 3439 1519 ⁸]monio
3481 1444 3655 1500 natus
3689 1439 3761 1502 sit

942 1538 1007 1593 et
1057 1527 1221 1597 alias
1272 1527 1561 1595 moribus
1614 1528 2151 1595 commendabilis
2195 1531 2466 1613 existat,
2524 1531 2619 1595 sic
2663 1530 2837 1620 quod
2888 1533 2957 1597 in
2997 1531 3173 1598 nullo
3216 1555 3490 1599 excessu
3527 1534 3758 1601 notabili

943 1637 1008 1694 et
1048 1631 1302 1696 n‘otorio
1348 1627 1787 1715 deprehensus
1840 1629 2068 1712 fuerit,
2119 1626 2293 1713 quod
2337 1627 2420 1693 de
2466 1628 2752 1715 quolibet
2798 1652 3109 1715 seorsum,
3168 1631 3418 1698 scilicet
3461 1632 3543 1697 de
3581 1642 3757 1700 aetate

939 1740 1004 1794 et
1059 1729 1494 1817 legittimitate
1510 1778 1528 1812 ,
1588 1738 1739 1794 ante
1793 1727 2254 1794 admissionem
2310 1727 2397 1792 ad
2454 1735 2854 1817 temptamen
2908 1752 3027 1818 per
3079 1729 3395 1798 decanum
3454 1730 3756 1820 diligenter

858 1838 922 1895 10
941 1830 1325 1917 inquiratur.
1413 1828 1591 1909 Quos
1653 1829 1858 1893 eciam
1917 1837 1982 1893 et
2040 1826 2390 1914 quemlibet
2446 1829 2514 1893 in
2572 1827 2810 1917 aliquo,
2872 1839 2944 1895 ut
3007 1832 3466 1917 praemittitur,
3525 1855 3754 1899 excessu

935 1927 1207 1995 notabili
1248 1929 1501 1996 notorio
1560 1926 1952 2015 culpabilem
2009 1925 2281 2015 quilibet
2322 1928 2786 2014 magistrorum
2831 1930 3042 1995 sciens
3087 1928 3520 1996 denuncclare
3571 1942 3629 1997 et
3659 1933 3753 1998 im·

933 2029 1159 2116 pedire
1201 2036 1415 2116 potest
1458 2038 1522 2093 et
1560 2036 1832 2093 tenetur.
1898 2027 2037 2093 Nec
2079 2027 2287 2095 eciam
2327 2025 2479 2093 talis
2520 2027 2594 2095 iu
2632 2038 2965 2113 posterum
3006 2027 3411 2113 admittatur,
3455 2031 3576 2095 nisi
3617 2031 3751 2098 adeo

932 2127 1346 2196 laudabiliter
1388 2136 1452 2192 et
1488 2128 1773 2203 virtuose
1826 2148 1896 2192 se
1949 2127 2218 2209 rexerit,
2275 2124 2450 2213 quod
2506 2148 2590 2191 ex
2642 2135 2975 2193 transacta
3014 2129 3308 2194 virtuosa
3349 2130 3488 2195 eius
3525 2131 3651 2195 vita
3686 2130 3753 2196 de

932 2228 1348 2316 subsequenti
1402 2228 1539 2295 eius
1586 2226 2089 2293 conversacione
2143 2224 2460 2291 laudabili
2502 2237 2975 2312 praesumatur.
3058 2227 3149 2295 Et
3201 2227 3399 2294 talem
3448 2250 3751 2295 excessum

774 2352 787 2369 ⁸
852 2339 913 2394 15
931 2328 1208 2395 facultas
1266 2329 1516 2393 arcium
1577 2334 1839 2414 reputat
1898 2320 2249 2392 notabilem
2310 2334 2375 2390 et
2434 2326 2772 2410 notorium,
2837 2327 2918 2393 de
2981 2349 3107 2415 quo
3168 2349 3287 2415 per
3345 2336 3653 2394 rectorem
3701 2341 3753 2395 et

929 2451 1295 2495 assessores
1334 2429 1473 2493 eius
1513 2428 1957 2491 incarceratus
1996 2425 2218 2507 fuerit,
2263 2424 2368 2490 vel
2425 2425 2480 2489 si
2523 2423 2822 2512 publicus
2866 2426 3348 2492 meretricarius
3393 2427 3610 2512 fuerit,
3651 2430 3750 2493 sci·

930 2528 1084 2594 licet
1124 2526 1300 2616 quod
1339 2527 1409 2592 in
1453 2524 1643 2592 domo
1681 2523 2115 2593 habitacionis
2159 2546 2314 2589 suae
2360 2522 2697 2589 mulierem
2753 2534 3122 2613 suspectam
3177 2524 3442 2613 publice
3492 2530 3750 2611 tenuerit,

925 2627 1032 2695 vel
1087 2627 1176 2695 ad
1233 2623 1570 2693 comodum
1629 2624 1868 2690 bursae
1925 2645 2081 2689 suae
2136 2623 2333 2697 talem
2380 2623 2822 2691 introduxerit
2873 2634 2938 2689 et
2992 2624 3075 2690 de
3129 2625 3254 2692 hoc
3308 2627 3633 2693 convictus
3666 2626 3750 2692 vel

927 2727 1255 2793 confessus
1299 2724 1406 2792 vel
1459 2746 1579 2813 per
1622 2733 2080 2790 conventorem
2122 2733 2389 2810 propter
2436 2722 2608 2787 hunc
2664 2732 2730 2789 et
2785 2722 3136 2812 quemlibet
3191 2723 3392 2790 alium
3448 2749 3748 2792 excessum

841 2835 911 2893 20
929 2825 1013 2892 de
1053 2825 1258 2893 bursa
1300 2848 1420 2891 sua
1457 2823 1768 2912 expulsus
1820 2823 2035 2906 fuerit,
2092 2820 2197 2888 vel
2254 2824 2324 2886 in
2378 2821 2741 2909 prostibulo
2798 2821 2904 2889 vel
2955 2833 3152 2890 extra
3204 2824 3467 2912 publice
3518 2849 3585 2892 se
3630 2848 3748 2914 per-

925 2927 1215 3009 cusserit,
1268 2924 1374 2991 vel
1427 2918 1519 2990 ibi
1560 2923 1940 2990 vulneratus
1980 2944 2067 2987 ex
2104 2920 2300 3009 culpa
2355 2942 2473 2986 sua
2516 2921 2713 2987 fuerit
2755 2931 2983 3010 captus
3024 2923 3131 2989 vel
3173 2923 3627 3012 deprehensus,
3663 2924 3746 2992 vel

924 3027 1035 3112 qui
1078 3024 1165 3090 ad
1204 3023 1470 3091 taxilles
1511 3024 1580 3089 in
1621 3022 1913 3089 tabernis
1951 3019 2212 3109 publice
2266 3019 2516 3104 luserit,
2565 3019 2672 3086 vel
2728 3020 3150 3089 hastiludium
3199 3024 3269 3089 in
3326 3024 3472 3092 foro
3519 3023 3746 3115 publice

922 3125 1315 3208 exercuerit,
1364 3122 1474 3190 vel
1532 3123 1642 3211 qui
1696 3121 1918 3190 verbis
1968 3121 2303 3190 iniuriosis
2358 3119 2639 3209 aliquem
2688 3122 3150 3209 magistrorum
3206 3122 3470 3211 publice
3520 3124 3746 3192 laeserit

919 3224 1026 3290 vel
1066 3225 1285 3312 ipsum
1323 3224 1634 3290 iniuriose
1674 3221 2100 3311 percusserit,
2146 3219 2252 3286 vel
2304 3219 2546 3286 furtum
2587 3219 2692 3286 vel
2752 3220 2917 3289 alios
2975 3245 3304 3308 excessus,
3366 3246 3528 3311 quos
3582 3226 3742 3289 comi·

837 3332 904 3390 25
921 3332 1100 3390 tatur
1139 3324 1411 3391 infamia
1460 3322 1566 3388 vel
1617 3321 2016 3405 scandalum,
2073 3320 2468 3388 commiserit
2506 3318 2613 3385 vel
2655 3324 3151 3418 perpetraverit.
3234 3321 3527 3405 Quorum
3563 3322 3743 3389 nullus

920 3425 1146 3509 eciam,
1202 3426 1259 3489 si
1301 3422 1382 3489 de
1426 3421 1645 3511 aliquo
1686 3421 2169 3510 praedictorum
2213 3441 2598 3486 excessuum
2641 3428 2983 3509 suspectus
3023 3421 3128 3488 vel
3168 3423 3518 3490 infamatus
3557 3423 3742 3507 fuerit,

918 3526 1046 3591 nisi
1088 3546 1159 3589 se
1202 3523 1284 3589 de
1321 3522 1442 3589 tali
1482 3545 1601 3610 per
1645 3544 1829 3588 suum
1871 3521 2307 3585 iuramentum
2346 3521 2834 3607 expurgaverit,
2881 3519 2966 3587 ad
3007 3531 3423 3610 temptamen,
3480 3534 3548 3589 ut
3581 3545 3741 3611 prae-

916 3625 1185 3690 missum
1227 3632 1344 3708 est,
1389 3621 1605 3709 aliquo
1646 3620 1837 3688 modo
1879 3619 2278 3686 admittatur.

1035 3795 1093 3858 9.
1138 3784 1262 3877 [Bl.
1306 3794 1385 3859 38
1399 3786 1452 3877 b]
1498 3804 1640 3867 Quo
1685 3804 1885 3853 mono
1926 3801 2447 3854 raouovssnnus
2492 3803 2564 3851 m
2605 3803 2902 3853 surmus
2944 3804 3271 3856 TENETUR
3316 3767 3531 3856 sum
3569 3807 3636 3856 m

829 3899 900 3958 ³0
1915 3902 2157 3952 suasus
2199 3903 2335 3951 vm,
2382 3902 2766 3952 coamens.

2045 4005 2168 4072 vgl.
2207 4006 2501 4069 Hauptstat.
2536 4005 2620 4058 41.

1076 4123 1238 4189 Item
1280 4122 1495 4188 nullus
1538 4120 1916 4187 admittatur
1972 4117 2058 4184 ad
2108 4128 2506 4206 temptamen
2558 4118 3170 4206 magistrandorum,
3223 4121 3354 4186 nisi
3408 4121 3494 4188 ad
3543 4124 3731 4189 minus

913 4246 1033 4311 per
1077 4245 1315 4288 annum
1356 4224 1680 4308 integrum
1724 4221 1793 4285 in
1832 4218 2036 4284 bursa
2077 4218 2182 4284 vel
2223 4218 2495 4307 collegio
2539 4220 2806 4303 steterit,
2861 4219 2989 4284 nisi
3029 4218 3200 4285 filius
3242 4221 3525 4289 civitatis
3562 4223 3733 4288 fuerit

911 4321 1018 4388 vel
1058 4321 1222 4388 alias
1265 4321 1430 4388 adeo
1469 4319 1856 4388 habundans
1896 4318 2004 4384 vel
2045 4317 2351 4385 notabilis
2390 4319 2606 4402 fuerit,
2648 4315 2823 4406 quod
2866 4317 3125 4386 domum
3165 4321 3500 4408 propriam
3539 4333 3733 4389 tenere

826 4430 894 4488 35
915 4431 979 4488 et
1020 4444 1344 4510 expensas
1389 4420 1692 4510 proprias
1734 4440 1866 4484 una
1905 4440 2051 4485 cum
2094 4419 2407 4507 magistro
2434 4418 2540 4485 vel
2577 4419 2999 4485 informatore
3041 4420 3300 4506 poterit,
3337 4421 3443 4489 vel
3481 4444 3733 4510 pauper-

836 4523 841 4528 ’
910 4532 1044 4588 tate
1102 4530 1414 4609 gravatus
1471 4517 1814 4585 serviendo
1874 4517 2035 4584 alibi
2089 4540 2412 4605 expensas
2468 4518 2536 4583 in
2589 4527 2724 4584 toto
2776 4517 2882 4584 vel
2938 4540 3065 4633 pro
3121 4517 3469 4588 medietate
3519 4523 3734 4611 poterit

904 4622 1147 4688 habere
1200 4622 1424 4709 gratis.
1506 4618 1612 4684 De
1653 4640 1782 4706 quo
1823 4616 2018 4683 fidem
2064 4615 2361 4684 facultati
2410 4611 2533 4684 sub
2578 4639 2698 4683 sua
2739 4618 3145 4686 consciencia
3197 4642 3317 4707 per
3360 4620 3522 4689 duos
3572 4623 3730 4689 viros

904 4722 1212 4811 ydoneos,
1252 4722 1363 4809 qui
1405 4718 1676 4788 credant
1714 4719 1808 4784 ita
1844 4718 2003 4802 fore,
2041 4717 2259 4784 facere
2297 4716 2646 4804 obligatur.

1062 4889 1067 4896 '
1113 4896 1208 4958 10.
1248 4907 1344 4956 na
1384 4904 1617 4956 romu
1657 4899 2202 4952 nonusmnemu
2241 4899 2780 4952 uxAmA'roass
2817 4900 2911 4949 m·
2951 4899 3047 4951 nn
3083 4901 3525 4958 sssmrnncu

818 4998 887 5055 4ο
1938 4999 2372 5051 rAcuL‘rA'rm
2409 4999 2688 5050 menen.

2029 5104 2150 5169 Vgl.
2188 5104 2484 5168 Hauptstat.
2523 5102 2606 5155 48.

1063 5222 1229 5294 Item
1263 5221 1478 5289 nullus
1522 5220 1787 5289 accione
1825 5219 1931 5287 vel
1971 5218 2245 5302 ulcione,
2301 5240 2421 5304 per
2464 5240 2534 5284 se
2574 5215 2682 5284 vel
2727 5239 2846 5305 per
2883 5215 3100 5305 alium,
3151 5217 3398 5288 directe
3434 5220 3537 5289 vel
3574 5220 3718 5287 indi-

900 5332 1094 5408 recte,
1131 5322 1333 5390 verbo
1360 5322 1468 5390 vel
1506 5321 1678 5390 facto
1703 5319 1809 5387 vel
1850 5341 2235 5410 quocunque
2276 5317 2405 5386 alio
2445 5315 2639 5386 modo
2676 5315 2950 5404 impetat
2982 5318 3088 5387 vel
3128 5318 3426 5388 molestet
3464 5320 3717 5410 aliquem
