4038 6358
883 668 1008 736 358
1874 667 1978 719 Die
2013 665 2451 732 philosophialis
2482 664 2733 718 multat.

1742 888 1794 948 1.
1839 898 1934 947 DE
1975 896 2276 948 pneuma
2316 896 2849 948 Pnono'nomm.

1032 1013 1142 1080 Ad
1186 1011 1579 1081 servandum
1616 1013 1878 1080 divinae
1917 1014 2215 1081 caritatis
2270 1022 2690 1103 praeceptum
2730 1022 2796 1081 et
2831 1022 2906 1081 ut
2943 1013 3265 1102 magistri,
3311 1011 3590 1080 aliorum
3629 1011 3724 1079 di-

875 1123 1159 1182 rectores
1172 1161 1192 1196 ,
1243 1113 1313 1178 in
1369 1115 1543 1180 omni
1601 1115 2088 1181 conversatione
2149 1122 2215 1180 et
2269 1115 2409 1179 vita
2458 1115 2589 1179 sint
2628 1113 3037 1202 exemplares
3080 1121 3144 1180 et
3194 1113 3264 1178 in
3324 1113 3602 1178 caritate
3643 1134 3722 1177 ac

869 1214 1040 1281 bono
1084 1212 1420 1281 amiciciae
1459 1216 1800 1295 unanimes
1832 1222 1898 1278 et
1934 1213 2307 1299 concordes,
2349 1212 2644 1279 similiter
2685 1222 2759 1279 ut
2795 1212 2879 1278 de
2907 1229 3120 1280 cetero
3158 1215 3229 1278 in
3261 1211 3577 1279 'facultate
3619 1234 3719 1279 ab

790 1326 823 1381 5
879 1315 1050 1380 cium
1100 1310 1401 1377 meliores
1466 1320 1996 1398 promoveantur,
2059 1312 2629 1380 subordinaciones
2690 1320 2753 1378 et
2806 1312 3265 1401 displicenciae
3279 1359 3298 1395 ‚
3340 1312 3723 1377 caritativae

871 1411 1128 1479 unionis
1171 1418 1236 1475 et
1277 1412 1611 1477 amiciciae
1652 1410 2019 1478 turbativae
2032 1461 2051 1495 ,
2095 1412 2229 1479 odii
2271 1421 2336 1478 et
2375 1413 2668 1479 rancoris
2705 1413 3120 1498 generativae
3131 1460 3151 1495 ,
3192 1433 3395 1497 quae,
3436 1418 3513 1476 ut
3550 1431 3720 1476 com-

869 1512 1165 1594 muniter,
1209 1510 1384 1575 circa
1405 1520 1469 1575 et
1508 1518 1772 1599 propter
1813 1510 2289 1599 promovendos
2328 1512 2495 1576 inter
2536 1511 2882 1598 magistros
2921 1510 3069 1577 fieri
3110 1520 3599 1593 consueverunt,
3642 1509 3723 1576 de

870 1611 1085 1679 medio
1153 1609 1491 1694 tollantur,
1566 1610 1841 1698 pecunia
1898 1631 1939 1674 a
1992 1609 2450 1697 promovendis
2505 1620 2796 1697 tempore
2847 1610 3274 1697 promotionis
3342 1609 3719 1698 colligenda,

878 1733 1041 1800 quae
1067 1708 1504 1775 verisimiliter
1525 1710 1713 1774 istius
1734 1707 2293 1775 subordinacionis
2318 1718 2382 1774 et
2422 1707 2834 1775 dissentionis
2875 1710 3132 1776 occasio
3170 1710 3310 1777 fore
3342 1710 3718 1793 dinoscitur,

799 1823 862 1879 10
879 1813 1049 1878 inter
1087 1810 1434 1895 magistros
1460 1806 1782 1873 facultatis
1805 1808 2156 1874 secundum
2195 1807 2457 1876 modum
2497 1807 2985 1897 infrascriptum
3025 1808 3323 1875 decetero
3370 1809 3718 1891 dividatur,

874 1909 1178 1976 videlicet
1219 1906 1411 1995 quod,
1453 1905 1703 1972 duabus
1725 1907 2021 1994 partibus
2063 1909 2234 1974 inter
2275 1909 2628 1995 magistros
2671 1907 2755 1972 de
2797 1907 3064 1975 consilio
3102 1907 3434 1974 facultafis
3467 1911 3714 1976 arcium

876 2010 1225 2075 existentes
1268 2005 1621 2095 aequaliter
1663 2005 1891 2072 divisis
1908 2056 1926 2090 ,
1988 2009 2194 2073 tercia
2229 2029 2388 2095 pars
2442 2008 2612 2073 inter
2659 2016 2914 2097 ⁸ceteros
2954 2009 3301 2095 magistros
3344 2017 3539 2074 extra
3577 2030 3720 2075 con·

875 2108 1091 2174 silium
1109 2105 1482 2193 praedictae
1503 2104 1827 2171 facultatis
1848 2106 2198 2173 existentes
2220 2115 2287 2172 et
2328 2113 2478 2173 actu
2519 2116 2818 2195 regentes
2870 2106 3057 2173 iuxta
3113 2115 3358 2174 statuta
3396 2107 3718 2177 facultatis

877 2205 1316 2275 distribuatur.

796 2351 859 2408 15
1040 2339 1204 2405 Item
1225 2336 1497 2427 quilibet
1514 2334 1993 2425 promovendus
2014 2348 2080 2403 et
2120 2337 2558 2404 determinans
2600 2346 2893 2426 tempore
2936 2339 3359 2425 promotionis
3401 2361 3562 2406 suae
3600 2361 3713 2428 pro

873 2439 1086 2528 gradu
1125 2437 1599 2504 baccalariatus
1639 2436 1702 2500 in
1747 2436 1995 2502 artibus
2042 2436 2130 2503 ad
2167 2436 2572 2521 kathedram,
2614 2436 2842 2503 saltem
2878 2437 3125 2504 habens
3142 2486 3162 2521 ,
3203 2437 3296 2504 ad
3334 2439 3555 2505 minus
3593 2449 3717 2504 tres

871 2540 1184 2621 florenos,
1224 2534 1705 2623 magistrandus
1757 2556 1915 2601 vero
1957 2537 2239 2625 quinque
2281 2534 2440 2603 dare
2481 2535 2826 2623 obligatur.
2908 2537 2997 2603 Et
3037 2539 3096 2603 si
3138 2536 3583 2603 determinans
3617 2536 3714 2603 vel

871 2638 1186 2726 incipiens
1207 2637 1379 2702 ultra
1405 2658 1721 2703 summam
1737 2634 2137 2722 praedictam
2160 2638 2516 2724 promotori
2543 2658 2681 2718 suo,
2721 2656 3159 2725 quemcunque
3182 2636 3472 2724 elegerit,
3515 2638 3716 2702 cuius·

876 2760 1124 2828 cunque
1164 2738 1444 2803 nationis
1487 2746 1598 2801 aut
1638 2734 1961 2801 facultatis
2000 2736 2213 2818 fuerit,
2254 2734 2500 2821 aliquid
2539 2734 2698 2801 dare
2718 2757 2838 2824 pro
2865 2758 2984 2801 sua
3017 2736 3353 2803 honestate
3382 2736 3471 2801 ad
3500 2735 3715 2802 kathe-

791 2849 861 2907 20
879 2839 1067 2906 dram
1104 2846 1217 2903 aut
1257 2846 1406 2903 ante
1443 2834 1549 2901 vel
1591 2844 1739 2922 post
1775 2834 2078 2918 voluerit,
2119 2834 2243 2899 erit
2285 2833 2411 2899 sibi
2455 2834 2725 2901 salvum.

1121 2958 1339 3017 Dioscu-
1410 2956 1629 3015 Absatz
1685 2973 1800 3014 von
1854 2951 1944 3016 Et
2003 2951 2061 3015 si
2121 2951 2558 3017 determinans
2626 2974 2709 3015 an
2778 2955 2858 3014 ist
2917 2957 3361 3034 anaqam-ichen
3427 2958 3561 3016 und
3625 2976 3713 3017 mn

955 3059 1173 3119 Raude
1249 3058 1440 3133 dasw-
1515 3055 1712 3115 hinter
1792 3048 2274 3136 magistrandus
2331 3072 2489 3118 vero
2564 3056 2667 3113 des
2755 3057 3273 3133 voraufqehenden
3331 3056 3543 3116 Satur
3618 3076 3708 3133 qe·

961 3157 1298 3219 schrieben:
1370 3174 1484 3218 suo
1527 3150 1887 3239 promotori-
1899 3200 1919 3234 ,
1978 3154 2105 3213 und
2160 3154 2327 3214 darm
2390 3153 2485 3214 die
2542 3153 2722 3214 Notiz
2773 3154 3092 3234 beiqesthn
3148 3151 3502 3240 magistros
3563 3173 3704 3218 suae

958 3252 1237 3319 nationis
1321 3251 1628 3339 deputato
1706 3248 2060 3315 secundum
2136 3249 2430 3315 ordinem
2504 3251 2666 3316 senii
2745 3252 3203 3337 magistrorum
3301 3251 3384 3317 de
3445 3250 3704 3319 consilio

797 3363 871 3421 25
964 3351 1308 3420 facultatis.

1043 3484 1134 3551 Et
1169 3491 1502 3572 promotor
1545 3504 1700 3548 suus
1738 3480 1899 3547 illud
1937 3501 2059 3569 pro
2103 3481 2236 3547 suis
2275 3480 2609 3548 laboribus
2649 3481 2890 3578 poterit
2931 3482 3227 3549 retinere.

1125 3620 1292 3681 Auclt
1334 3619 1460 3679 dies
1502 3618 1726 3678 scheint
1760 3618 1909 3677 noch
1949 3619 2044 3693 als
2087 3617 2533 3695 atawah-ichen
2569 3619 2764 3696 qeltm
2802 3637 2876 3677 zu
2915 3620 3117 3692 collon,
3159 3619 3317 3679 dena
3365 3639 3465 3680 am
3502 3620 3707 3681 Ranae

959 3722 1109 3781 steht
1124 3741 1142 3778 .-
1198 3723 1265 3781 et
1301 3723 1630 3804 promotor
1670 3712 1936 3782 habebit
1975 3735 2174 3780 unum
2215 3712 2527 3780 florenum
2570 3734 2690 3800 pro
2730 3710 2973 3779 labore.

1042 3847 1159 3916 Ille
1198 3870 1376 3931 vero,
1421 3848 1534 3936 qui
1572 3845 1829 3914 solvens
1868 3868 1996 3911 non
2015 3843 2229 3928 fuerit,
2271 3867 2468 3933 super
2509 3845 2635 3913 hoc
2676 3855 3111 3935 promotorem
3152 3867 3339 3912 suum
3381 3848 3491 3914 vel
3532 3847 3703 3913 deca-

798 3959 867 4016 30
884 3971 1039 4015 num
1086 3946 1407 4012 facultatis
1467 3948 1711 4012 arcium
1764 3939 1884 4012 sub
1939 3968 2058 4010 sua
2112 3945 2513 4017 consciencia
2578 3956 2643 4011 et
2699 3947 2864 4034 per¹
2919 3943 3080 4012 duos
3146 3954 3346 4013 testes
3413 3946 3710 4035 ydoneos,

883 4049 995 4137 qui
1033 4045 1299 4112 credant
1335 4047 1431 4112 ita
1468 4046 1608 4113 fore
1622 4094 1641 4128 ,
1684 4046 1821 4111 sine
1867 4043 2013 4110 dolo
2056 4053 2120 4109 et
2159 4042 2389 4110 fraude
2428 4045 2821 4111 sufficienter
2859 4044 3247 4111 informabit.
3331 4045 3423 4111 Et
3461 4048 3521 4111 si
3559 4045 3710 4112 adeo

882 4169 1130 4235 pauper
1185 4145 1379 4212 fuerit
1393 4193 1412 4228 ,
1470 4142 1647 4233 quod
1682 4142 1883 4210 nichil
1936 4143 2191 4209 omnino
2247 4142 2404 4208 dare
2461 4144 2729 4231 poterit,
2784 4145 2991 4229 gratis
3032 4152 3302 4233 propter
3343 4145 3538 4211 deum
3572 4168 3706 4233 pro·

880 4253 1239 4311 moveatur.
1303 4243 1587 4309 Tenetur
1605 4243 1812 4308 eciam
1857 4251 2187 4328 promotor
2230 4242 2455 4308 talium
2498 4242 2742 4308 decano
2783 4241 3107 4308 facultatis
3150 4244 3400 4309 arcium
3444 4243 3566 4310 sub
3606 4266 3713 4310 sua

880 4344 1259 4433 promittere
1301 4342 1734 4423 consciencia,
1779 4338 1982 4428 quod,
2028 4342 2201 4406 omni
2243 4340 2393 4408 dolo
2436 4351 2500 4407 et
2539 4342 2770 4407 fraude
2814 4343 3096 4425 semotis,
3116 4367 3119 4371 “
3140 4344 3317 4408 circa
3357 4344 3709 4432 praemissa

801 4443 1137 4512 35fidelem
1177 4441 1334 4508 velit
1363 4463 1554 4530 opem
1594 4450 1659 4506 et
1698 4461 1964 4528 operam
2006 4439 2333 4507 adhibere.
2375 4439 2508 4523 Qui
2549 4441 2778 4508 floreni
2823 4442 2919 4507 sic
2961 4441 3211 4507 collecti
3241 4464 3360 4530 per
3402 4442 3708 4509 decanum

880 4543 1207 4611 facultatis
1248 4542 1512 4624 arcium,
1556 4540 1661 4605 cui
1704 4537 1972 4627 quilibet
2012 4537 2292 4626 aliquem
2314 4562 2702 4628 promovens
2739 4541 2809 4605 in
2831 4539 2936 4605 die
2963 4542 3382 4628 promotionis
3419 4564 3712 4630 praesen-

882 4654 1023 4711 tare
1052 4664 1368 4708 summam
1408 4661 1786 4726 expressam
1824 4636 1943 4704 sub
1985 4639 2343 4705 iuramento
2383 4662 2500 4706 suo
2525 4642 2610 4707 sit
2630 4641 2655 4683 ²
2698 4640 3022 4723 astrictus,
3064 4640 3418 4706 secundum
3460 4640 3713 4708 modum

883 4752 950 4812 et
986 4743 1260 4807 formam
1315 4738 1667 4826 superioris
1724 4738 1947 4803 statuti
2003 4740 2173 4803 inter
2228 4739 2605 4826 magistros,
2663 4747 2735 4808 ut
2771 4738 2866 4805 ibi
2909 4761 3289 4828 expressum
3327 4749 3463 4823 est,
3505 4741 3575 4806 in
3617 4739 3711 4805 die

881 4839 1146 4928 Aegidii
1180 4841 1250 4904 in
1293 4847 1539 4905 aestate
1583 4845 1647 4902 et
1688 4835 1992 4923 Gregorii
2033 4838 2101 4902 in
2140 4836 2372 4924 hyeme
2413 4833 2499 4925 (1.
2526 4841 2687 4920 Sept.
2715 4861 2772 4902 ιι.
2798 4844 2891 4905 12.
2914 4836 3127 4926 Mara)
3169 4847 3463 4926 tempore
3506 4838 3709 4905 distri·

803 4952 871 5009 40
889 4941 1172 5009 butionis
1213 4939 1558 5005 lectionum
1597 4935 2031 5003 dividantur.³

976 5177 1000 5227 1
1029 5186 1136 5242 per
1169 5166 1323 5225 fehlt.

975 5259 1007 5310 2
1038 5254 1114 5310 eit
1145 5250 1299 5309 fehlt.

974 5343 1005 5394 3
1043 5339 1152 5394 Am
1185 5336 1380 5392 Bande
1393 5375 1408 5400 ‚
1442 5334 1600 5394 nicht
1629 5354 1776 5410 ganz
1808 5336 2199 5394 versffindlich:
2224 5344 2599 5409 promotorem
2669 5338 2850 5395 altera
2884 5336 3225 5394 dividuam.
