4038 6358
746 595 823 659 1¹0
1626 594 1729 645 Die
1760 595 2123 647 Reformation
2161 609 2283 645 vom
2316 595 2481 647 Jahn-e
2525 598 2665 644 1⁴46.

780 786 785 791 ’
902 773 1242 863 Exemplis
1282 783 1346 840 et
1391 777 1740 843 autoritate
1783 777 2148 864 priscorum
2187 786 2444 865 patrum
2487 775 2862 857 didicimus,
2914 798 3043 841 non
3081 774 3400 842 iniustum
3451 771 3626 837 fore

739 896 945 961 neque
986 875 1493 962 reprehensibile
1528 875 1974 959 iudicandum,
2023 878 2079 942 si
2118 875 2466 943 secuudum
2508 878 2891 943 varietatem
2925 883 3288 963 temporum
3332 881 3624 939 statuta

739 973 1122 1061 quandoque
1162 978 1498 1043 variantur
1523 976 1806 1041 humana
1829 975 2086 1055 (diserti
2126 998 2359 1063 nempe
2399 999 2562 1064 opus
2607 984 2708 1042 est
2744 983 2994 1040 mutare
3031 972 3391 1063 consilium,
3445 991 3624 1037 cum

741 1073 987 1162 aliquid
1025 1077 1390 1163 sapienciae
1429 1075 1808 1157 meditatur,
1849 1077 2016 1141 sicut
2062 1085 2450 1163 praepotens
2487 1100 2608 1142 rex
2621 1125 2639 1159 ,
2682 1074 3143 1142 archiconviva
3173 1072 3282 1139 ille
3328 1070 3624 1157 magni-

691 1184 724 1240 5
743 1174 924 1259 ficus,
962 1174 1165 1243 ferale
1205 1177 1384 1243 necis
1426 1174 1704 1242 edictum
1747 1196 2064 1242 revocans
2105 1177 2174 1240 in
2215 1174 2485 1242 salutem
2517 1174 3005 1243 Israhelitarum
3045 1173 3321 1240 feliciter
3361 1169 3622 1237 varia-

740 1271 894 1361 vit):
938 1275 1032 1341 ita
1069 1284 1135 1340 et
1158 1274 1331 1340 alma
1368 1285 1576 1341 mater
1622 1274 1897 1341 ecclesia
1923 1275 2299 1362 plerumque
2332 1274 2642 1341 nonnulla
2682 1273 3165 1341 racionabiliter
3210 1270 3492 1339 ordinat
3543 1278 3624 1333 et

741 1373 1049 1459 consulte,
1089 1396 1253 1462 quae
1295 1375 1606 1443 suadente
1645 1375 2078 1441 subiectorum
2101 1374 2376 1440 utilitate
2408 1374 2819 1467 postmodum
2845 1373 3208 1441 consulcius
3253 1394 3332 1437 ac
3368 1369 3618 1437 racio-

740 1474 1023 1540 nabilius
1076 1484 1342 1540 revocat
1397 1476 1465 1539 in
1522 1474 1832 1541 meliusve
1877 1483 2240 1541 commutat.
2334 1472 2506 1540 Sane
2546 1476 2787 1541 nostris
2842 1471 3106 1538 auribus
3157 1471 3456 1539 insonuit
3524 1491 3624 1535 ao

739 1597 872 1640 non
910 1596 1085 1659 vaga
1123 1584 1188 1639 et
1226 1575 1473 1639 incerta
1515 1574 1629 1639 sed
1666 1576 1883 1640 veraci
1924 1572 2237 1639 relatione
2277 1575 2575 1658 innotuit,
2620 1573 2940 1661 quomodo
2984 1571 3172 1637 varia
3204 1579 3269 1637 et
3314 1569 3620 1636 diversa

664 1683 727 1739 10
743 1674 910 1738 inter
949 1693 1087 1756 vos,
1133 1684 1265 1738 tam
1308 1696 1391 1740 ex
1431 1684 1617 1761 parte
1659 1674 2121 1755 universitatis,
2166 1673 2544 1738 facultatum
2573 1695 2652 1738 ac
2681 1674 3013 1739 nationum
3044 1693 3235 1758 quam
3277 1669 3614 1757 collegio-

738 1796 902 1855 rum,
944 1781 1185 1839 statuta
1210 1772 1510 1839 ordinata
1551 1783 1716 1856 sunt,
1761 1794 1925 1860 quae
1954 1774 2192 1860 partim
2236 1772 2405 1837 male
2438 1782 2697 1838 servata
2724 1773 2962 1860 partim
2996 1780 3257 1838 servata
3282 1773 3351 1836 in
3383 1770 3613 1837 detri-

738 1880 1021 1937 mentum
1061 1874 1502 1939 universitatis
1546 1873 1879 1961 praefatae
1921 1894 2054 1937 non
2089 1871 2433 1954 modicum,
2475 1873 2602 1937 nisi
2641 1873 2711 1936 in
2746 1871 2973 1937 melius
3012 1879 3611 1950 commutarentur,

741 1970 969 2037 cedere
1012 1981 1364 2038 noscuntur
1380 2021 1398 2055 ,
1439 1972 1736 2059 quodque
1776 1972 2214 2036 necessarium
2264 1973 2347 2036 sit
2386 1980 2654 2058 propter
2684 1979 3086 2057 emergentes
3130 1993 3319 2037 casus
3363 1970 3614 2056 aliqua

740 2070 821 2136 de
862 2093 1032 2138 novo
1077 2071 1355 2138 condere
1397 2080 1463 2137 et
1504 2071 1826 2159 supplere.
1911 2069 2362 2158 Supplicatum
2404 2070 2595 2137 nobis
2641 2072 2857 2136 extitit
2900 2094 2942 2137 a
2978 2070 3219 2153 multis,
3263 2080 3608 2158 quatenus

663 2180 723 2236 15
746 2170 832 2235 ad
881 2170 1043 2236 haec
1097 2170 1391 2259 diligenti
1443 2170 1873 2238 sollicitudine
1922 2169 2421 2236 intenderemus.
2519 2170 2763 2235 Verum
2820 2172 2942 2236 etsi
2993 2168 3276 2236 eiusdem
3321 2179 3608 2236 vestrae

736 2271 1178 2336 universitatis
1221 2271 1578 2358 profectum
1631 2280 1695 2334 et
1734 2278 2147 2355 augmentum
2190 2272 2344 2335 totis
2396 2269 2646 2335 viribus
2690 2268 3133 2337 desideramus
3191 2293 3270 2336 ac
3311 2280 3608 2359 propter

737 2369 860 2435 hoc
904 2392 1138 2458 operas
1165 2378 1423 2434 nostras
1455 2367 1540 2433 ad
1563 2367 1633 2432 id
1669 2367 2096 2454 impendimus
2133 2368 2479 2452 fructuose,
2523 2368 2973 2436 nichilominus
3003 2380 3220 2436 tamen
3254 2369 3380 2435 hac
3408 2371 3600 2451 vice,

735 2469 954 2535 multis
999 2469 1220 2535 arduis
1276 2466 1818 2556 perplexitatibus
1870 2467 2175 2552 involuti,
2238 2468 2322 2533 ad
2366 2468 2784 2535 scrutandum
2844 2480 2908 2535 et
2964 2467 3441 2558 providendum
3506 2466 3603 2532 de

736 2570 1112 2657 praemissis
1143 2567 1524 2654 diligencius
1559 2565 1984 2653 personaliter
2026 2566 2357 2632 intendere
2399 2591 2530 2634 non
2562 2578 2954 2655 poteramus.
3040 2570 3137 2635 Ne
3179 2579 3396 2635 tamen
3439 2577 3598 2632 tan-

656 2677 724 2734 20
742 2677 876 2733 tum
907 2667 1147 2735 bonum
1177 2666 1633 2753 negligeretur,
1659 2664 2064 2732 venerabiles
2091 2676 2156 2732 et
2183 2668 2684 2755 circumspectos
2727 2671 2924 2752 viros,
2954 2668 3248 2735 dominos
3281 2667 3599 2734 Conra-

741 2765 915 2832 dum
950 2767 1254 2849 Thiine,
1298 2767 1544 2831 arcium
1586 2764 1950 2831 liberalium
1991 2768 2396 2853 magistrum,
2441 2767 2820 2835 canonicum
2861 2767 3172 2833 ecclesiae
3196 2767 3596 2832 Missnensis

742 2877 805 2932 et
836 2878 1150 2932 rectorem
1195 2867 1633 2931 universitatis
1673 2875 1950 2948 vestrae,
1990 2864 2307 2931 Petrum
2339 2865 2757 2949 Cliczken,
2800 2867 3245 2954 praepositum
3268 2864 3598 2931 ecclesiae

740 2965 1411 3053 Brandenburgensis,
1452 2974 1516 3031 et
1544 2965 2124 3031 Theodericum
2149 2965 2594 3048 Bukstorff,
2639 2965 3035 3031 ordinarium
3062 2965 3387 3032 facultatis
3427 2967 3594 3030 iuri·

741 3066 945 3148 dicae,
989 3073 1053 3130 et
1089 3067 1421 3152 utriusque
1458 3066 1618 3129 iuris
1663 3065 1959 3130 doctores
1975 3061 2091 3152 (P),
2135 3066 2312 3129 viros
2340 3062 2575 3129 electos
2616 3075 2750 3129 tam
2792 3064 3091 3133 doctrina
3130 3065 3348 3152 legum
3390 3084 3598 3151 quam

656 3175 721 3232 25
743 3166 1191 3254 experigentia
1231 3188 1468 3249 rerum,
1514 3188 1674 3252 quos
1709 3165 1920 3231 studio
1964 3188 2085 3253 pro
2129 3162 2464 3254 republica
2502 3158 2825 3232 indefesso
2866 3174 2931 3231 et
2963 3164 3279 3232 laudabili
3321 3165 3595 3260 ingenio

741 3266 1054 3355 pollentes
1100 3264 1184 3330 ad
1224 3264 1592 3330 huiusmodi
1633 3267 1841 3352 magis
1885 3276 2074 3352 aptos
2119 3265 2521 3351 agnovimus,
2563 3264 2649 3330 ad
2676 3264 2837 3330 haec
2878 3265 3333 3354 deputavimus
3375 3267 3595 3350 inqui-

745 3367 976 3431 sitores
1024 3374 1088 3430 et
1128 3364 1586 3430 reformatores
1630 3364 1966 3451 speciales.
2053 3363 2182 3445 Qui
2223 3363 2469 3428 sollerti
2531 3362 2867 3449 diligentia
2921 3375 2985 3429 et
3026 3364 3320 3452 diligenti
3363 3363 3593 3430 soller-

743 3467 865 3549 cia,
911 3464 1121 3531 modis
1165 3472 1230 3529 et
1269 3464 1493 3529 formis
1534 3462 1620 3528 ad
1664 3453 1787 3529 hoc
1834 3465 2031 3550 aptis,
2076 3461 2157 3526 de
2202 3463 2460 3527 statutis
2502 3463 2837 3549 praefatis,
2883 3463 3241 3530 defectibus
3285 3464 3591 3550 singulis-

747 3589 869 3654 que
929 3564 1438 3632 circumstanciis
1492 3572 1749 3628 vestrae
1801 3562 2245 3628 universitatis
2299 3563 2568 3627 scrutati
2611 3571 2676 3628 et
2718 3563 3133 3651 contemplati
3175 3574 3323 3629 sunt
3381 3562 3588 3629 multo

666 3675 736 3731 30
755 3666 1018 3748 intuitu,
1068 3688 1146 3730 ac
1194 3685 1358 3751 quae
1398 3685 1516 3750 per
1562 3662 1957 3727 scrutunium
2011 3683 2232 3727 eorum
2292 3661 2768 3746 reformationi,
2808 3663 3262 3747 emendationi,
3306 3686 3590 3729 commu-

745 3765 974 3830 tationi
1027 3773 1141 3830 aut
1183 3762 1628 3850 supplemento
1672 3761 1873 3848 digna
1910 3760 2364 3827 iudicaverunt
2376 3813 2394 3846 ‚
2467 3761 2655 3828 nobis
2695 3761 3049 3828 luculenter
3092 3772 3157 3828 et
3193 3761 3590 3828 articulatim

747 3863 1195 3930 exhibuerunt.
1280 3863 1466 3944 Quae
1509 3862 1725 3928 omnia
1764 3871 1830 3928 et
1871 3859 2127 3946 singula
2166 3859 2466 3944 vidimus,
2510 3861 3012 3928 auscultavimus
3055 3874 3120 3929 et
3163 3861 3590 3950 probavimus

748 3963 1090 4051 diligenter
1144 3962 1416 4048 aliisque
1458 3962 1683 4049 peritis
1735 3969 1799 4026 et
1843 3960 2143 4026 discretis
2195 3961 2358 4026 viris
2419 3961 2845 4028 auscultanda
2886 3973 2949 4028 et
3003 3962 3345 4050 probanda
3382 3960 3587 4027 tradi·

747 4061 979 4129 dimus.
1065 4062 1355 4144 Quorum
1409 4061 1874 4127 communicato
1928 4059 2117 4125 nobis
2174 4060 2442 4127 consilio
2500 4060 2582 4126 de
2634 4062 2933 4130 omnibus
2990 4072 3055 4128 et
3109 4061 3412 4148 singulis,
3466 4083 3590 4148 per

662 4173 731 4230 35
752 4161 1010 4228 eosdem
1054 4170 1294 4227 statuta
1332 4159 1478 4225 fieri
1519 4181 1599 4224 ac
1640 4161 1708 4225 in
1752 4160 2011 4247 scriptis
2055 4159 2265 4247 redigi
2306 4161 2882 4249 praesentibusque
2920 4163 3216 4228 interseri
3250 4159 3586 4226 mandavi·

750 4285 891 4327 mus
930 4261 1000 4326 in
1038 4261 1314 4326 formam
1358 4259 1814 4347 subscriptam.

822 4460 1268 4511 aaronmcm
1314 4458 1651 4508 rumonus
1692 4459 2066 4508 rnssncmm
2118 4460 2252 4507 PER
2294 4460 2578 4508 PETRUM
2617 4462 2971 4529 assium,
3021 4462 3502 4511 PRAEPOSITUM

826 4560 1601 4625 BRANDENBURGENSEM,
1646 4557 2150 4607 TnEoDEmcnn
2193 4560 2727 4610 Buxxmsronrr
2766 4563 2856 4610 m·
2900 4562 3176 4611 como
3223 4561 3503 4610 mmmm

1730 4658 1917 4706 mo
1960 4646 2041 4708 46
2085 4660 2158 4706 xl
2200 4660 2526 4707 maan.
2563 4645 2580 4684 ¹

665 4789 731 4845 40
912 4777 989 4841 In
1031 4776 1256 4863 primis
1296 4797 1439 4840 cum
1464 4772 1736 4839 facultas
1770 4771 2135 4859 theologica
2174 4773 2317 4840 aliis
2350 4777 2514 4841 sicut
2553 4771 2743 4860 (sit‘?)
2772 4777 3227 4862 praestantior,
3266 4777 3415 4842 ideo
3457 4797 3582 4840 me·

746 4878 873 4942 rito
906 4874 989 4942 ab
1022 4897 1101 4940 ea
1142 4885 1470 4961 tamquam
1502 4896 1543 4938 a
1572 4871 1855 4959 digniori
1888 4885 1987 4937 est
2017 4873 2481 4941 inchoandum:
2526 4873 2768 4940 idcirco
2803 4873 3120 4976 volumus,
3152 4876 3488 4942 statuimus
3523 4884 3588 4941 et

896 5115 910 5163 1
954 5106 1119 5162 Diese
1147 5106 1529 5164 Ueberschrift
1548 5105 1708 5160 stand
1734 5104 2007 5160 natiirlich
2031 5105 2277 5161 nichtim
2302 5107 2569 5179 Original.
2637 5108 2757 5162 Das
2783 5105 2920 5179 geht
2943 5124 3068 5162 zum
3089 5107 3409 5165 Ueberfluss
3443 5105 3587 5162 auch

754 5190 898 5248 noch
932 5192 1137 5245 dai-aus
1174 5190 1385 5259 hervor,
1419 5191 1548 5245 dass
1588 5205 1677 5244 am
1707 5187 1964 5245 Schlusse
1995 5191 2095 5246 der
2126 5191 2607 5264 voraufgehenden
2628 5190 2952 5264 Einleitung
2987 5191 3086 5247 der
3120 5191 3411 5248 Schreiber
3442 5190 3588 5247 nach

748 5277 1113 5348 subscriptam
1136 5274 1319 5348 gleich
1342 5273 1722 5345 fortgefahren
1745 5274 1846 5330 hat
1868 5293 1937 5331 zu
1965 5273 2277 5331 schreiben:
2309 5278 2379 5332 In
2404 5277 2612 5348 panuh
2645 5282 2740 5334 do.
2809 5275 2918 5332 Am
2942 5276 3139 5333 Raude
3164 5276 3313 5333 steht
3333 5275 3586 5334 daneben
