4038 6358
1468 585 1570 639 Dis
1606 585 1847 640 Statatea
1884 605 1989 640 von
2031 589 2174 644 1⁵65.
3128 588 3254 656 219

561 767 665 834 Sit
700 790 859 834 vero
914 766 1219 856 discipuli
1259 768 1557 855 inquilini
1605 792 1841 836 nomen
1887 772 1958 836 in
2007 773 2280 837 rectoris
2332 771 2522 837 huius
2578 770 2953 837 academiae
3007 771 3247 838 librum

368 867 779 954 inscriptum
821 877 887 933 et
926 867 1030 933 vel
1083 867 1390 953 privatim
1440 871 1583 955 ipse
1636 879 2128 956 praeceptorem
2179 870 2420 937 habeat
2472 871 2576 936 vel
2630 868 2888 958 publice
2942 870 3246 938 docentes

371 968 639 1033 audiat.
726 966 856 1048 Qui
898 967 1073 1033 ultra
1122 989 1409 1033 mensem
1461 990 1590 1033 non
1643 969 1974 1055 professus
2028 969 2204 1057 apud
2251 979 2572 1037 rectorem
2621 991 2856 1036 nomen
2907 993 3092 1036 suum
3143 971 3251 1037 hic

370 1066 791 1133 habitaverit
817 1066 923 1134 vel
967 1066 1237 1132 alterum
1277 1089 1410 1132 non
1453 1068 1815 1155 professum
1861 1067 2040 1154 apud
2083 1092 2152 1134 se
2194 1069 2495 1135 habitare
2533 1092 2766 1156 passus
2808 1069 3019 1151 fuerit,
3058 1075 3247 1136 unius

376 1166 625 1232 floreni
669 1188 944 1253 poenam
991 1165 1222 1231 solvito
1264 1177 1377 1232 aut
1420 1189 1455 1231 e
1496 1166 1767 1254 collegio
1812 1167 2192 1233 excluditor.
3295 1178 3330 1235 5

556 1266 995 1331 Facinorosos
1038 1287 1121 1329 ne
1162 1266 1309 1352 quis
1351 1265 1639 1332 consulto
1683 1277 2011 1353 tamquam
2054 1268 2124 1332 in
2163 1267 2418 1354 asylum
2475 1266 2560 1331 ad
2619 1288 2688 1331 se
2740 1268 3029 1353 recipiat.
3118 1268 3247 1350 Qui

370 1364 639 1447 fecerit,
685 1364 954 1450 collegio
1000 1365 1281 1451 quinque
1320 1364 1589 1431 florinos
1633 1368 1883 1453 quoties
1926 1366 1996 1432 id
2037 1366 2264 1432 fecerit
2310 1365 2684 1454 persolvite.

553 1464 663 1530 De
701 1466 941 1551 pueris,
994 1462 1228 1549 quibus
1272 1463 1471 1549 aliqui
1510 1463 1771 1529 famulis
1821 1467 1913 1530 uti
1969 1464 2207 1548 solent,
2262 1465 2479 1531 multis
2533 1475 2597 1531 et
2637 1463 2765 1552 [40]
2810 1466 3124 1552 gravibus
3167 1467 3248 1534 de

378 1564 643 1628 caussis
699 1563 945 1651 placuit
1002 1562 1381 1645 decernere,
1436 1585 1537 1650 net
1576 1566 1719 1651 quis
1777 1563 2007 1647 ullum,
2067 1567 2247 1630 cuius
2303 1587 2537 1630 nomen
2591 1588 2722 1630 non
2772 1566 2857 1629 sit
2909 1588 2950 1629 a
2998 1574 3250 1632 rectore

378 1661 770 1728 academiae
820 1665 888 1727 in
930 1684 1268 1726 numerum
1327 1662 1861 1729 scholasticorum
1918 1663 2193 1730 relatum
2210 1714 2227 1748 ,
2299 1663 2422 1729 sibi
2477 1662 2808 1750 adiungat.
2889 1662 2979 1728 Et
3030 1676 3331 1752 quem-10

381 1783 647 1846 cunque
690 1761 926 1850 aliquis
970 1762 1317 1849 receperit,
1363 1763 1421 1826 ei
1465 1771 1537 1826 ut
1577 1765 1950 1829 necessaria
1993 1765 2080 1830 ad
2123 1766 2364 1829 victum
2414 1773 2782 1850 suppetant,
2826 1762 3140 1850 perficiat.

558 1860 848 1948 Opifices
913 1863 1349 1948 cuiuscunque
1424 1863 1681 1947 generis
1744 1886 1933 1929 nemo
1998 1865 2064 1928 in
2136 1886 2250 1928 suo
2315 1860 2607 1927 conclavi
2676 1884 2789 1926 seu
2850 1860 3248 1928 habitatione

292 2043 305 2052 ·
379 1961 608 2046 operis
647 1958 929 2026 faciendi
973 1982 1207 2025 caussa
1248 1960 1505 2026 habeto.
1578 1961 1710 2043 Qui
1753 1962 1924 2028 ultra
1966 1962 2238 2028 biduum
2283 1960 2560 2048 aliquem
2606 1959 2935 2043 habuerit,
2978 1962 3034 2025 is
3078 1962 3246 2027 arbi-

380 2060 517 2124 trio
558 2059 919 2147 praepositi
961 2058 1229 2125 multam
1272 2059 1523 2127 solvito.

1654 2224 1878 2297 Caput
1912 2224 1987 2281 11.
3272 2236 3331 2291 15

1228 2377 1323 2423 DE
1368 2376 1870 2452 CONDUCTIQNE
1907 2377 2417 2426 HABITATIONIS.

552 2492 645 2557 Ut
689 2493 1099 2579 praepositus
1144 2500 1256 2557 aut
1297 2501 1557 2558 curator
1609 2494 1814 2558 invito
1869 2490 2145 2577 collegio
2205 2493 2530 2558 neminem
2583 2492 2671 2562 ad
2725 2493 2918 2558 aedes
2984 2493 3242 2579 collegii

384 2592 762 2673 admittunt,
819 2592 913 2657 ita
953 2611 1210 2678 quoque
1253 2592 1503 2656 iniussu
1543 2591 1897 2657 eorundem
1939 2614 2130 2656 nemo
2172 2591 2479 2658 conclave
2524 2602 2636 2658 aut
2677 2593 2888 2658 locum
2927 2615 3245 2680 usurpare

386 2701 605 2778 potest
613 2741 633 2774 ,
702 2691 886 2756 clave
947 2689 1033 2755 ab
1094 2689 1222 2755 illis
1284 2713 1414 2756 non
1473 2690 1719 2757 tradita
1776 2702 1887 2756 aut
1955 2690 2357 2756 diuturniore
2423 2714 2544 2758 usu
2606 2713 2735 2757 non
2795 2693 3113 2778 permisso
3182 2701 3246 2757 et

384 2792 648 2856 nomine
689 2793 871 2876 prius
921 2788 1098 2876 apud
1143 2799 1503 2856 curatorem
1545 2813 1676 2856 non
1732 2791 2115 2878 perscripto.
2200 2788 2430 2856 Nullus
2481 2791 2682 2876 igitur
2728 2790 3053 2856 adsciscat
3095 2813 3242 2856 con·
3260 2800 3329 2855 20

386 2889 793 2955 tuber-nalem
833 2891 1123 2975 ignotum
1162 2889 1537 2975 praeposito
1580 2901 1693 2955 aut
1731 2891 2047 2955 curatori:
2090 2888 2428 2974 locumque
2452 2890 2837 2956 conductum
2873 2913 2992 2977 per
3016 2913 3245 2955 manus

385 3011 576 3054 nemo
628 2988 851 3053 tradat
910 2988 1116 3054 alteri.
1200 2987 1512 3074 Quisquis
1570 2988 1800 3055 horum
1845 2987 2095 3077 aliquid
2152 2989 2567 3071 commiserit,
2622 2989 3047 3055 habitationis
3096 2989 3248 3056 huie

382 3091 485 3153 ius
527 3086 775 3152 nullum
818 3096 977 3153 esto.

556 3187 815 3252 Placuit
856 3197 1072 3252 autem
1112 3186 1237 3251 hoc
1288 3186 1483 3252 modo
1538 3186 1851 3273 distingui
1910 3189 2277 3254 semestria:
2358 3189 2677 3253 aestivum
2733 3188 2994 3273 quidem
3044 3189 3248 3275 incipi

386 3312 427 3352 a
469 3286 794 3353 dominico
852 3286 959 3351 die
1013 3285 1275 3351 finiente
1329 3284 1655 3350 nundinas
1709 3285 2074 3372 paschales,
2118 3287 2314 3372 vulgo
2360 3286 2638 3353 Cantate
2677 3296 3067 3374 nuncupate,
3114 3285 3242 3375 [41]
3262 3297 3332 3353 2⁵

386 3385 733 3451 hibernum
761 3408 916 3451 vero
958 3385 1043 3450 ab
1090 3407 1165 3451 eo
1210 3384 1549 3467 dominico,
1594 3386 1706 3472 qui
1747 3385 1889 3449 finit
1928 3386 2332 3452 autumnales
2377 3387 2717 3452 nundinas.
2777 3386 3041 3453 Circum
3081 3409 3248 3475 quae

388 3486 519 3551 duo
562 3494 876 3571 tempora,
931 3486 1042 3573 qui
1092 3483 1559 3550 habitationem
1614 3506 1797 3549 suam
1853 3506 1996 3549 esse
2042 3484 2282 3550 diutius
2324 3484 2516 3567 volet,
2572 3495 2722 3550 ante
2772 3495 3049 3572 quatuor
3089 3485 3244 3550 heb-

391 3583 706 3649 domadas
764 3583 1048 3666 dierum,
1105 3583 1174 3649 id
1238 3592 1336 3648 est
1387 3604 1672 3648 mensem
1740 3605 1970 3664 unum,
2041 3585 2371 3649 conducet.
2454 3584 2717 3671 Alioqui
2783 3583 2894 3649 alii
2965 3583 3248 3649 locatam

388 3706 535 3748 esse
588 3685 901 3769 conqueri
951 3705 1079 3748 non
1135 3684 1388 3768 poterit.
1476 3680 1591 3749 Sin
1646 3703 1800 3747 vero
1855 3681 2064 3747 denuo
2121 3682 2508 3748 conductam
2563 3683 2901 3770 possidere
2952 3682 3247 3764 noluerit,

387 3782 721 3847 mercedes
764 3783 1067 3849 instantis
1123 3781 1450 3847 semestris
1493 3780 1597 3845 vel
1653 3782 1943 3866 integras
1997 3781 2325 3867 persolvet
2375 3781 2482 3847 vel
2537 3781 2733 3848 alium
2781 3782 3052 3867 collegio
3103 3780 3244 3847 ido·
3261 3790 3332 3846 30

388 3904 580 3946 neum
621 3881 1101 3963 conductorem,
1145 3881 1201 3945 si
1246 3881 1659 3966 praepositus
1701 3889 1813 3944 aut
1861 3889 2121 3945 curator
2163 3883 2521 3967 permittat,
2564 3881 2869 3946 inveniet.

1638 4076 1864 4147 Caput
1900 4076 2000 4134 ΠΙ.

1456 4227 1623 4278 USUS
1665 4229 2176 4279 HABITATIONIS.

554 4345 753 4427 Quod
796 4345 1211 4435 praepositus
1253 4353 1317 4408 et
1360 4355 1692 4410 curatores
1747 4344 2024 4427 aedium,
2082 4368 2244 4431 quos
2285 4344 2530 4411 aediles
2572 4368 2901 4429 vocamus,
2957 4348 3245 4427 fecerint,

386 4447 695 4511 iusserint
733 4445 803 4509 in
857 4441 1220 4525 sarciendO,
1280 4442 1579 4528 tegendO,
1637 4444 1707 4508 id
1764 4454 1977 4537 ratum
2017 4443 2217 4509 habet
2254 4443 2540 4531 reliquus
2587 4466 2928 4510 consessus
2971 4444 3243 4530 collegii.
3261 4453 3327 4509 35

388 4544 647 4610 Nemini
686 4545 887 4629 igitur
928 4551 1144 4609 sumtu
1184 4542 1415 4625 aliene,
1457 4542 1774 4608 diminuta
1805 4544 2137 4629 pensione,
2186 4542 2534 4608 aedificare
2572 4542 2744 4625 licet,
2787 4545 3030 4609 nemini
3069 4543 3244 4629 quic·

388 4666 581 4729 quam
636 4641 936 4708 addendo
995 4641 1396 4707 demendove
1449 4643 1791 4707 immutare
1847 4643 2014 4707 citra
2075 4645 2463 4729 permissum
2524 4641 2797 4728 collegii.
2882 4642 3012 4724 Qui
3070 4641 3245 4707 aedi-

388 4742 643 4808 ficando
685 4743 1029 4828 quicquam
1071 4739 1382 4807 damnum
1425 4740 1694 4823 dederit,
1737 4741 1806 4806 id
1850 4740 2232 4827 praestabit,
2293 4741 2423 4821 Qui
2468 4741 2709 4806 utiliter
2747 4742 3030 4806 iniussus
3072 4740 3246 4806 aedi-

388 4842 715 4923 ficaverit,
774 4840 1007 4928 perdat
1062 4841 1427 4927 impensam
1483 4842 1841 4927 pecuniam.
1927 4840 2078 4920 Quo
2129 4848 2343 4905 autem
2396 4841 2668 4926 quisque
2723 4839 2937 4921 modo,
2991 4862 3248 4927 quaque

390 4942 601 5007 forma
641 4962 828 5006 suum
869 4940 1087 5006 locum
1130 4941 1406 5027 accepit,
1449 4939 1676 5005 abiens
1722 4940 2024 5005 restituat
2065 4961 2211 5004 eum
2255 4937 2544 5024 collegio.
3261 4948 3329 5004 40

554 5040 783 5106 Secari
824 5048 889 5103 et
929 5038 1093 5104 findi
1133 5038 1334 5126 ligna,
1393 5048 1458 5104 et
1499 5040 1557 5104 si
1601 5037 1757 5129 quid
1802 5037 1993 5103 huius
2044 5034 2173 5124 [42]
2222 5036 2431 5103 simile
2488 5046 2613 5117 est,
2669 5036 2740 5101 in
2801 5036 3246 5123 superioribus

391 5139 545 5205 locis
589 5138 854 5205 aedium
893 5138 1036 5203 fieri
1078 5138 1519 5226 prohibemus,
1572 5138 1656 5203 ob
1698 5140 2027 5223 ingentem
2068 5135 2283 5202 labem
2326 5135 2880 5221 contignafiom‘nn
2922 5146 2988 5202 et
3029 5135 3248 5202 solidi-

390 5240 540 5304 tatis
576 5236 882 5303 aedificii.
947 5237 1432 5305 coherceantur
1470 5239 1670 5323 igitur
1712 5237 1898 5323 pueri
1942 5246 2004 5301 et
2046 5237 2178 5323 ipsi
2221 5234 2349 5301 sibi
2390 5244 2754 5322 temperent
2796 5235 3058 5302 domini.
3117 5235 3249 5301 De-
