4038 6358
787 606 907 676 618
1819 621 1919 673 Die
1956 621 2327 675 medicinische
2352 624 2604 677 Faenum.

783 809 902 869 QUI
954 810 1047 859 AD
1101 811 1474 865 CONSILIUM
1521 818 1951 872 FACULTATIS
2007 822 2269 873 ADSUm
2307 821 2611 887 VOLUNT,
2654 821 2743 872 118
2784 822 3173 885 SEQUENTIA
3214 823 3608 874 mummi.

1716 940 1943 1005 Caput
1976 943 2093 993 XX.
2139 936 2282 1009 (Vgl.
2320 945 2366 992 i.
2407 942 2542 993 Stat.
2580 942 2687 1003 39.)

944 1061 1380 1132 Iuramentum
1422 1068 1491 1133 in
1539 1070 1764 1137 ordine
1804 1096 2004 1161 supra
2044 1075 2367 1161 signatum
2407 1074 2659 1161 legatur
2700 1073 2947 1140 eisdem
2989 1072 3073 1140 de
3110 1071 3312 1140 verbo
3337 1073 3426 1139 ad
3464 1097 3603 1140 ver-

787 1156 961 1242 bum,
1010 1173 1075 1227 et
1115 1162 1240 1230 hoc
1276 1165 1402 1231 illis
1443 1168 1684 1235 sufficit
1725 1194 1852 1259 quo
1896 1173 1982 1237 ad
2027 1172 2355 1240 doctorem
2398 1172 2760 1239 medicinae
2798 1175 2867 1238 in
2908 1182 3133 1240 nostra
3190 1175 3612 1239 universitate

697 1263 731 1319 5
788 1269 1187 1345 promotum3
1230 1266 1287 1329 si
1326 1287 1482 1332 vero
1527 1267 1684 1335 alibi
1725 1280 2061 1357 promotus
2100 1274 2314 1355 fuerit,
2359 1272 2639 1339 addatur
2678 1271 2859 1356 illud,
2903 1271 3077 1361 quod
3122 1273 3441 1358 sequitur:

949 1391 1177 1460 Nullus
1217 1395 1460 1481 doctor,
1504 1400 1680 1466 alibi
1701 1414 2033 1490 promotus
2079 1414 2143 1470 et
2184 1405 2289 1470 hic
2332 1405 2715 1493 adsumptus
2756 1405 2844 1471 ad
2874 1405 3250 1471 facultatem
3270 1404 3611 1488 medicam,

783 1493 988 1579 recipi
1031 1492 1221 1560 debet
1262 1496 1350 1563 ad
1392 1499 1729 1568 consilium
1771 1503 2100 1570 facultatis
2143 1503 2464 1588 eiusdem,
2519 1506 2645 1570 nisi
2702 1506 2772 1571 in
2809 1504 2935 1570 hac
2976 1505 3401 1593 universitate
3437 1503 3612 1570 bien-

780 1592 958 1656 nium
998 1604 1148 1680 post
1188 1598 1287 1661 sui
1330 1594 1842 1688 adsumptionem
1885 1603 2158 1691 legendo
2202 1604 2489 1691 aliquam
2531 1604 2870 1670 lectionem
2925 1604 2997 1669 in
3052 1602 3391 1669 medicinis
3448 1626 3611 1670 com-

784 1690 1087 1777 pleverit3
1132 1704 1196 1759 et
1235 1705 1524 1784 tempore
1567 1723 1725 1766 suae
1767 1705 2230 1792 assumptionis
2271 1702 2359 1771 ad
2400 1702 2738 1772 consilium
2795 1700 2980 1769 dabit
3031 1704 3100 1768 in
3143 1725 3302 1769 auro
3340 1713 3614 1790 quatuor

701 1798 764 1855 10
781 1789 1060 1859 florenos
1099 1816 1402 1863 renenses
1442 1820 1561 1889 pro
1604 1800 1783 1868 fisco.

1696 2001 2185 2070 Communia
2225 2005 2697 2072 facultatis.

1950 2187 2047 2236 DE
2089 2187 2437 2239 LEPRosls.

1601 2326 1606 2331 ·
1699 2306 1910 2371 Caput
1941 2308 2085 2360 XXI.
2160 2306 2306 2373 (Vgl.
2346 2312 2393 2359 ἱ.
2436 2309 2563 2361 Stat.
2599 2305 2714 2371 40.)

945 2430 1335 2499 Conclusum
1378 2444 1444 2500 et
1483 2445 1792 2504 statutum
1835 2449 1934 2504 est
1976 2438 2380 2505 concorditer
2421 2462 2540 2527 per
2585 2437 2883 2504 doctores
2926 2436 3009 2503 de
3052 2435 3320 2505 consilio
3348 2436 3611 2503 faculta-

701 2536 761 2591 15
783 2527 868 2593 tis
909 2530 1216 2615 medicae,
1259 2534 1430 2620 quod
1474 2532 1778 2624 deinceps
1819 2537 2032 2604 nullus
2075 2538 2413 2604 doctorum
2453 2538 2692 2605 audeat
2748 2560 2831 2602 ex
2891 2560 3006 2603 suo
3064 2539 3333 2625 proprio
3400 2539 3613 2624 capite

777 2636 840 2691 et
882 2628 1147 2696 consilio
1190 2632 1364 2698 solus
1402 2656 1472 2699 se
1512 2637 1940 2703 intromittere
1984 2638 2064 2704 de
2108 2641 2409 2704 examine
2447 2647 2511 2703 et
2552 2636 2792 2703 iudicio
2835 2636 3077 2724 leprosi
3119 2647 3232 2703 aut
3294 2636 3378 2702 de
3422 2636 3603 2724 lepra

777 2730 1077 2813 suspecti,
1122 2732 1249 2829 uisi
1287 2731 1370 2797 de
1409 2734 1635 2800 favore
1678 2736 1906 2802 decani
1949 2748 2013 2803 et
2051 2740 2248 2804 totius
2290 2737 2614 2803 facultatis
2639 2739 2958 2823 signet-um
2987 2736 3278 2801 eiusdem
3311 2736 3597 2802 obtinue-

778 2828 883 2908 rit,
928 2826 1046 2893 sub
1087 2850 1301 2917 poena
1339 2837 1782 2921 suspensionis
1823 2860 1865 2903 a
1909 2836 2178 2904 consilio
2220 2836 2545 2902 facultatis
2603 2847 2667 2901 et
2711 2837 2994 2901 omnium
3036 2834 3604 2902 emolumentorum

781 2926 867 2990 ad
906 2936 1040 2993 tres
1078 2951 1304 3013 annos,
1349 2934 1405 2997 si
1447 2935 1515 2997 in
1555 2933 1820 3000 consilio
1859 2937 2069 3002 fuerit.
2159 2937 2230 3002 Si
2273 2945 2483 3002 autem
2531 2944 2748 3018 extra,
2803 2944 2868 2999 et
2918 2934 3005 3000 ad
3059 2933 3433 3000 facultatem
3475 2945 3612 3000 tan-

694 3032 762 3089 20
780 3032 917 3090 tum
960 3037 1330 3115 assumptus
1372 3041 1487 3114 est,
1532 3056 1660 3099 non
1703 3044 1919 3100 autem
1962 3038 2031 3101 in
2074 3034 2341 3102 consilio
2381 3034 2743 3116 facultatis,
2785 3033 3002 3103 fienda
3059 3034 3147 3100 ad
3201 3044 3334 3099 tres
3391 3056 3611 3117 annos,

775 3122 919 3194 loco
961 3127 1102 3194 eius
1144 3149 1411 3217 poenae,
1456 3131 1648 3199 debet
1690 3132 1953 3201 differri.

1996 3338 2371 3388 ANATomA.

1968 3457 2013 3508 C
2026 3471 2101 3521 ap
2115 3472 2150 3507 u
2163 3465 2184 3506 t
2241 3457 2414 3508 XXII.

951 3580 1244 3670 Cumque
1285 3608 1414 3651 non
1455 3585 1800 3652 mediocris
1835 3586 2080 3654 fructus
2124 3609 2241 3674 per
2285 3587 2752 3673 inspectionem
2788 3583 3051 3650 humani
3088 3587 3404 3673 corporis,
3452 3609 3613 3675 quae

693 3689 762 3747 25
784 3704 901 3769 per
942 3685 1290 3749 sectionem
1317 3685 1403 3750 fit
1441 3677 1837 3770 (ἀνατομὶαν
1877 3686 2261 3776 appellant),
2305 3685 2389 3751 ad
2433 3682 2786 3772 discipulos
2828 3683 3070 3767 redeat,
3114 3683 3335 3774 itaque
3372 3686 3615 3773 placuit

781 3785 1200 3866 constituere,
1278 3794 1348 3850 ut
1398 3785 1668 3872 singulis
1724 3789 1911 3852 annis
1966 3787 2054 3852 ad
2111 3786 2591 3874 praescriptum
2632 3782 3031 3849 medicorum
3069 3805 3308 3871 corpus
3351 3784 3616 3874 aliquod

777 3879 1152 3966 dissecetur,
1197 3884 1293 3949 ita
1332 3892 1547 3950 tamen
1590 3896 1661 3951 ut
1699 3895 1918 3974 partes
1961 3887 2256 3974 corporis
2294 3883 2563 3950 humani
2607 3893 2670 3949 et
2698 3875 2985 3967 ἁρμονία
3016 3882 3304 3949 eiusdem
3337 3884 3615 3974 discipu·

775 3979 855 4046 lis
898 3993 1202 4049 accurate
1244 3983 1681 4052 ostendantur.

1732 4150 1851 4240 [BL
1894 4158 1930 4218 7
1945 4150 1997 4240 ⁸]
2045 4165 2656 4234 Pmmcoronu.

698 4296 768 4354 30
1953 4289 1996 4338 C
2012 4302 2045 4337 a
2060 4304 2093 4352 p
2105 4297 2172 4338 ut
2205 4288 2404 4338 XXIII.

943 4422 1305 4504 Caeterum,
1345 4442 1491 4486 cum
1547 4420 2047 4509 pharmacorum
2107 4418 2558 4507 consyderatio
2603 4417 2708 4482 vel
2774 4417 3132 4506 praecipua
3188 4416 3275 4482 ad
3330 4416 3615 4483 medicos

777 4523 1120 4610 pertineat,
1166 4520 1463 4587 doctores
1505 4520 1831 4586 facultatis
1873 4518 2167 4585 medicae
2210 4517 2479 4605 singulis
2524 4519 2712 4582 annis
2771 4515 3307 4604 pharmacopolia
3360 4526 3425 4582 et
3481 4516 3613 4583 offi-

778 4623 957 4688 cinas
997 4621 1349 4707 inspiciant
1385 4631 1449 4687 et
1490 4631 1733 4704 curent,
1778 4630 1850 4685 ut
1891 4618 2208 4707 probatae
2250 4618 2610 4683 medicinae
2650 4626 3056 4704 usurpentur.

941 4754 1124 4836 Item,
1168 4755 1224 4819 si
1263 4754 1429 4819 forte
1472 4754 1945 4840 compositurus
1991 4754 2076 4816 sit
2117 4750 2626 4839 pharmacopola
2667 4748 3052 4816 medicinam
3088 4748 3437 4815 multarum
3464 4772 3609 4837 par·

695 4863 762 4920 35
783 4855 946 4920 tium
987 4863 1052 4919 et
1090 4854 1160 4920 in
1194 4875 1386 4941 quam
1429 4852 1646 4941 plures
1689 4874 1795 4917 res
1832 4849 2303 4938 ingrediuntur,
2349 4873 2515 4938 quae
2555 4870 2832 4935 magnae
2874 4848 3373 4935 compositiones
3410 4850 3611 4916 nomi·

777 4963 1034 5036 uantur,
1074 4951 1391 5019 iubebunt
1428 4950 1974 5041 pharmacopolas
2018 4960 2240 5038 partes
2283 4949 2628 5036 simplices,
2672 4949 3053 5036 priusquam
3095 4949 3608 5032 conminuantur,

780 5052 868 5118 ad
910 5052 1468 5140 contemplandum
1512 5049 1848 5139 discipulis
1892 5061 1957 5116 et
1999 5048 2371 5115 doctoribus
2412 5069 2796 5137 proponere.

945 5185 1294 5251 Praeterea
1336 5183 1576 5250 debent
1619 5208 1715 5267 ea,
1756 5206 1925 5272 quae
1965 5185 2035 5248 in
2079 5183 2353 5249 officinis
2396 5181 2797 5264 venduntur,
2857 5180 2945 5247 ad
2987 5190 3228 5248 certam
3268 5183 3605 5268 pecuniam

788 5286 1010 5351 taxari
1051 5296 1115 5351 et
1154 5294 1381 5350 taxata
1417 5281 1734 5372 perscribi
1777 5284 1845 5348 in
1885 5281 2109 5348 tabula
2147 5293 2210 5348 et
2249 5283 2551 5370 proponi,
2594 5283 2854 5368 signata
2898 5279 3133 5370 sygillo
3178 5289 3456 5348 senatus.
3542 5281 3611 5347 Si
