4038 6358
1111 1765 1187 1830 B.
1270 1764 1431 1833 Dm
1477 1745 2325 1833 STATUTENBI‘JOHER
2365 1767 2555 1833 ΗΕΒ
2597 1749 3229 1836 οΜνΕΒεΙΤᾸΤ.

852 2145 895 2193 1.
965 2143 1089 2193 DIE
1126 2141 1511 2193 STATUTEN
1543 2142 1699 2194 VOM
1735 2143 1970 2196 JAHRE
2009 2147 2160 2209 1410,
2201 2149 2332 2207 Ml‘r
2371 2140 3157 2202 ZUSATZBESCHLUSSEN
3193 2146 3304 2199 BIS
3343 2146 3489 2197 ZUM

1932 2229 2164 2280 JAHRE
2211 2233 2390 2284 1490.ι

1280 2406 1636 2456 mcleN'r
1682 2406 1998 2456 STATUTA
2043 2410 2569 2462 UNIVERSITATIS
2610 2412 3032 2465 LIPCZENSIS.

685 2550 718 2604 5
890 2527 972 2600 In
1024 2537 1280 2602 nomine
1336 2537 1545 2623 patris
1602 2544 1666 2600 et
1718 2533 1836 2599 filii
1891 2545 1955 2601 et
1997 2538 2266 2625 spiritus
2313 2542 2519 2605 sancti
2561 2539 2791 2608 Amen.
2870 2522 3063 2607 Anno
3104 2538 3586 2606 incarnacionis

749 2638 988 2705 domini
1044 2642 1249 2707 nostri
1303 2640 1452 2706 Iesu
1509 2638 1752 2706 Christi
1802 2638 2143 2706 millesimo
2199 2642 2836 2730 quadringentesimo
2899 2643 3152 2711 decimo
3210 2645 3463 2721 (1410)
3518 2640 3592 2702 in

741 2748 1072 2805 rectoratu
1111 2740 1409 2826 magistri
1446 2738 1754 2804 Iohannis
1797 2737 1878 2803 de
1918 2737 2362 2828 Monstirberg
2405 2738 2596 2827 (1409
2614 2740 2704 2828 ¹²),
2761 2765 2988 2808 sacrae
3029 2740 3395 2826 theologiae
3434 2760 3590 2826 pro-

741 2839 1028 2922 fessoris,
1073 2838 1376 2904 conclusa
1411 2838 1668 2902 fuerunt
1712 2846 1954 2902 statuta
1994 2837 2363 2926 subscripta
2397 2842 2464 2906 in
2494 2841 2764 2907 consilio
2790 2842 3238 2907 universitatis
3263 2840 3582 2926 Lipczen-

740 2939 831 3002 sis
873 2946 937 3003 et
978 2956 1096 3024 per
1137 2947 1413 3022 quatuor
1452 2938 1758 3002 naciones
1801 2935 2089 3002 eiusdem
2132 2940 2579 3005 universitatis
2623 2940 3033 3006 concorditer
3075 2938 3461 3027 approbata.

664 3112 729 3168 10
1033 3110 1089 3167 1.
1174 3117 1422 3181 QUALIS
1463 3118 1743 3167 DEBEAT
1788 3100 1955 3176 ESSE·
1997 3119 2316 3170 PERSONA
2359 3121 2731 3172 ELIGIBILIS
2772 3124 2846 3172 m
2888 3121 3284 3172 REOTOREM.

904 3235 1012 3300 Ad
1052 3245 1411 3300 rectoratus
1455 3234 1740 3300 officium
1783 3234 2062 3320 eligatur
2099 3257 2381 3323 persona
2421 3240 2864 3306 universitatis
2905 3248 3184 3322 nostrae,
3241 3259 3407 3325 quae
3447 3236 3589 3300 vita

740 3344 806 3400 et
856 3334 1143 3400 moribus
1199 3333 1731 3399 commendabilis
1785 3334 2029 3399 existat
2079 3345 2143 3400 et
2191 3337 2570 3404 vicesimum
2627 3341 2924 3427 quintum
2977 3359 3216 3402 annum
3279 3356 3437 3401 suae
3478 3355 3586 3399 ae-

740 3435 892 3499 tatis
933 3433 1224 3519 attigerit
1266 3441 1330 3498 et
1368 3431 1449 3496 de
1488 3431 1805 3518 legittimo
1843 3432 2032 3499 thoro
2075 3445 2420 3519 procreata
2471 3438 2729 3502 existat.
2811 3438 2919 3503 De
2961 3459 3094 3523 qua
3134 3444 3346 3501 aetate
3389 3442 3457 3499 et
3495 3432 3585 3497 le-

739 3533 1114 3618 gittimitate
1170 3531 1229 3597 si
1283 3553 1401 3618 per
1458 3532 1903 3597 universitatis
1944 3543 2262 3598 rectorem
2306 3537 2639 3620 antiquum
2683 3545 2750 3601 et
2788 3535 3195 3602 consiliarios
3239 3533 3586 3614 dubitetur,

665 3640 726 3695 15
746 3629 1191 3696 deficientibus
1243 3631 1314 3694 in
1371 3630 1764 3694 contrarium
1824 3629 2334 3716 probacionibus
2395 3634 2572 3699 credi
2628 3634 2820 3700 debet
2876 3632 3061 3699 electi
3101 3634 3371 3720 proprio
3414 3635 3588 3697 iura-

740 3737 972 3794 mento.
1056 3729 1195 3794 Nec
1248 3730 1504 3815 expiret
1556 3728 1805 3815 antiqui
1857 3724 1920 3814 [2
1935 3727 1987 3816 b]
2040 3733 2313 3795 rectoris
2367 3732 2651 3798 officium
2695 3733 2902 3802 donec
2940 3755 3179 3818 novus,
3230 3731 3585 3799 secundum

739 3837 980 3892 statuta
1019 3828 1458 3894 universitatis
1501 3836 1764 3892 nostrae
1807 3827 2121 3913 legittime
2164 3827 2404 3895 electus
2415 3879 2434 3913 ,
2490 3842 2799 3919 acceptet.
2885 3833 3050 3897 Post
3107 3834 3246 3898 eius
3290 3838 3589 3916 accepta-

743 3928 993 3992 cionem
1037 3926 1317 3992 officium
1360 3928 1556 4013 primi
1592 3927 1864 3992 rectoris
1912 3928 2244 4013 expirabit
2284 3930 2351 3994 in
2394 3939 2547 3996 toto.

901 4025 1065 4091 Item
1109 4028 1165 4091 si
1208 4034 1435 4091 contra
1474 4048 1823 4112 personam
1867 4024 2055 4090 electi
2097 4025 2317 4114 aliqua
2365 4029 2446 4095 de
2490 4028 2988 4116 excepcionibus
3031 4028 3422 4116 subscriptis
3468 4049 3580 4115 op-

655 4133 1035 4213 20ponetur,
1079 4147 1245 4212 quae
1282 4126 1352 4188 in
1394 4126 1749 4190 continenti
1793 4124 2064 4210 probari
2106 4148 2234 4192 non
2260 4130 2487 4212 possit,
2521 4117 2834 4193 “videlicet
2876 4129 3049 4216 quod
3092 4151 3223 4194 non
3265 4130 3350 4192 sit
3389 4150 3588 4192 mem-

738 4225 927 4289 brum
980 4224 1423 4288 universitatis
1474 4233 1738 4288 nostrae
1787 4223 2211 4307 intitulatum,
2266 4226 2371 4290 vel
2417 4228 2500 4291 sit
2540 4226 2903 4313 illegittime
2943 4235 3166 4309 natus,
3229 4226 3334 4292 vel
3377 4227 3586 4291 eciam

741 4323 1155 4408 coniugatus,
1208 4344 1338 4388 non
1394 4322 1695 4405 clericus,
1750 4322 1855 4387 vel
1918 4322 2190 4389 alicuius
2244 4325 2579 4412 religionis
2633 4327 2996 4412 professus,
3060 4326 3212 4392 talis
3268 4326 3582 4413 excepcio

738 4432 1142 4509 proponatur
1195 4424 1432 4487 rectori
1485 4423 1926 4487 universitatis
1969 4432 2034 4488 et
2078 4423 2468 4489 consiliariis
2512 4424 2981 4510 cognoscenda.
3069 4425 3158 4490 Et
3201 4435 3473 4508 extunc,
3529 4427 3586 4489 si

736 4520 1016 4608 probata
1054 4521 1251 4590 fuerit
1291 4521 1600 4607 excepcio
1644 4530 1872 4587 contra
1911 4519 2183 4587 electum
2230 4525 2533 4610 opposita
2574 4522 2679 4598 vel
2727 4526 3044 4608 confessa,
3093 4547 3226 4591 non
3270 4523 3584 4590 dissolva-

874 4823 896 4873 1
941 4819 1049 4874 Die
1092 4835 1193 4873 vor
1234 4818 1358 4874 dem
1392 4816 1567 4873 ‚Jahre
1605 4823 1733 4874 1440
1777 4816 2201 4875 beschlossenen
2236 4819 2497 4877 Statuten
2543 4822 2665 4878 sind
2714 4822 2872 4877 nicht
2917 4824 2993 4878 im
3033 4821 3286 4895 original
3319 4819 3587 4890 erhalten,

737 4902 975 4957 sondern
1020 4902 1078 4956 in
1125 4902 1278 4958 einer
1322 4900 1639 4971 Abschrift,
1691 4901 1781 4957 die
1828 4902 1985 4958 nicht
2028 4921 2127 4960 vor
2177 4905 2353 4959 dieses
2403 4905 2546 4962 Jahr
2589 4904 2731 4961 faint.
2799 4907 2987 4978 Vergl.
3032 4906 3308 4964 Urkundl.
3350 4905 3587 4971 Quellen

740 4984 795 5040 S.
832 4991 931 5040 600
966 4984 1044 5056 fg.
1114 4985 1413 5041 Vielleieht
1449 4987 1842 5042 veranstaltete
1873 4988 1953 5042 sie
1986 4986 2275 5044 «Iohannes
2312 4990 2514 5059 Wyse,
2548 4989 2647 5044 der
2683 4995 2814 5045 1443
2832 5007 2861 5036 ι
2895 4992 3104 5046 Rector
3139 5008 3280 5060 war,
3315 5005 3424 5044 von
3458 4988 3586 5043 dem

738 5068 828 5122 die
873 5068 1355 5138 augenscheinlich
1408 5085 1515 5124 von
1561 5069 1847 5125 derselben
1880 5070 2050 5126 Hand
2092 5072 2461 5130 herriihrende
2496 5071 2788 5127 Abschrift
2825 5074 2924 5131 der
2959 5079 3171 5129 statuta
3204 5073 3454 5146 legibilia
3485 5072 3585 5127 der

738 5149 1223 5222 philosophischen
1270 5153 1530 5208 Facultiit
1587 5154 1660 5208 im
1704 5153 1877 5210 Jahre
1929 5161 2058 5210 1447
2078 5172 2106 5199 ι
2143 5157 2504 5212 veranstaltet
2535 5174 2607 5211 zu
2641 5157 2755 5212 sein
2790 5158 3018 5216 scheint.
3087 5159 3276 5229 Vergl.
3309 5155 3584 5213 Urkundl.

743 5233 978 5299 Quellen
1013 5234 1066 5291 S.
1104 5239 1218 5293 827.
