<?xml version="1.0" encoding="UTF-8"?>
<!DOCTYPE html PUBLIC "-//W3C//DTD XHTML 1.0 Transitional//EN"
    "http://www.w3.org/TR/xhtml1/DTD/xhtml1-transitional.dtd">
<html xmlns="http://www.w3.org/1999/xhtml" xml:lang="en" lang="en">
 <head>
  <title>
</title>
<meta http-equiv="Content-Type" content="text/html;charset=utf-8" />
  <meta name='ocr-system' content='tesseract 3.04.00' />
  <meta name='ocr-capabilities' content='ocr_page ocr_carea ocr_par ocr_line ocrx_word'/>
</head>
<body>
  <div class='ocr_page' id='page_1' title='image "./diestatutenbche02leipgoog_0037.png"; bbox 0 0 4038 6358; ppageno 0'>
   <div class='ocr_carea' id='block_1_1' title="bbox 1301 669 3238 736">
    <p class='ocr_par' dir='ltr' id='par_1_1' title="bbox 1301 669 3238 736">
     <span class='ocr_line' id='line_1_1' title="bbox 1301 669 3238 736; baseline 0.002 -13"><span class='ocrx_word' id='word_1_1' title='bbox 1301 675 1402 724; x_wconf 86' lang='lat' dir='ltr'><strong>Die</strong></span> <span class='ocrx_word' id='word_1_2' title='bbox 1437 673 1804 724; x_wconf 78' lang='lat' dir='ltr'><strong>Reformation</strong></span> <span class='ocrx_word' id='word_1_3' title='bbox 1837 686 1964 722; x_wconf 83' lang='lat' dir='ltr'><strong>vom</strong></span> <span class='ocrx_word' id='word_1_4' title='bbox 1996 669 2165 722; x_wconf 75' lang='lat' dir='ltr'><strong>Jahre</strong></span> <span class='ocrx_word' id='word_1_5' title='bbox 2204 675 2352 724; x_wconf 76' lang='lat'><strong>1⁴96.</strong></span> <span class='ocrx_word' id='word_1_6' title='bbox 3161 675 3238 736; x_wconf 83' lang='lat'><strong>21</strong></span> 
     </span>
    </p>
   </div>
   <div class='ocr_carea' id='block_1_2' title="bbox 377 852 3243 1239">
    <p class='ocr_par' dir='ltr' id='par_1_2' title="bbox 377 852 3243 1239">
     <span class='ocr_line' id='line_1_2' title="bbox 381 852 3243 943; baseline -0.004 -14"><span class='ocrx_word' id='word_1_7' title='bbox 381 862 700 928; x_wconf 82' lang='lat' dir='ltr'><strong>continue</strong></span> <span class='ocrx_word' id='word_1_8' title='bbox 735 859 806 923; x_wconf 89' lang='lat' dir='ltr'><strong>in</strong></span> <span class='ocrx_word' id='word_1_9' title='bbox 845 856 1009 922; x_wconf 90' lang='lat' dir='ltr'><strong>locis</strong></span> <span class='ocrx_word' id='word_1_10' title='bbox 1052 855 1436 943; x_wconf 84' lang='lat' dir='ltr'><strong>approbatis</strong></span> <span class='ocrx_word' id='word_1_11' title='bbox 1477 856 1731 922; x_wconf 82' lang='lat' dir='ltr'><strong>steterit</strong></span> <span class='ocrx_word' id='word_1_12' title='bbox 1775 863 1842 919; x_wconf 89' lang='lat' dir='ltr'><strong>et</strong></span> <span class='ocrx_word' id='word_1_13' title='bbox 1879 853 2124 920; x_wconf 80' lang='lat' dir='ltr'><strong>ibidem</strong></span> <span class='ocrx_word' id='word_1_14' title='bbox 2170 856 2317 920; x_wconf 91' lang='lat' dir='ltr'><strong>iura</strong></span> <span class='ocrx_word' id='word_1_15' title='bbox 2357 852 2713 920; x_wconf 85' lang='lat' dir='ltr'><strong>bursalium</strong></span> <span class='ocrx_word' id='word_1_16' title='bbox 2754 853 2981 918; x_wconf 88' lang='lat' dir='ltr'><strong>fecerit</strong></span> <span class='ocrx_word' id='word_1_17' title='bbox 3018 875 3243 919; x_wconf 88' lang='lat' dir='ltr'><strong>necne.</strong></span> 
     </span>
     <span class='ocr_line' id='line_1_3' title="bbox 377 950 3243 1042; baseline -0.003 -16"><span class='ocrx_word' id='word_1_18' title='bbox 377 961 484 1026; x_wconf 83' lang='lat' dir='ltr'><strong>Et</strong></span> <span class='ocrx_word' id='word_1_19' title='bbox 533 961 590 1025; x_wconf 88' lang='lat' dir='ltr'><strong>si</strong></span> <span class='ocrx_word' id='word_1_20' title='bbox 629 958 708 1023; x_wconf 91' lang='lat' dir='ltr'><strong>de</strong></span> <span class='ocrx_word' id='word_1_21' title='bbox 748 955 966 1041; x_wconf 83' lang='lat' dir='ltr'><strong>aliquo</strong></span> <span class='ocrx_word' id='word_1_22' title='bbox 1009 956 1378 1042; x_wconf 87' lang='lat' dir='ltr'><strong>oppositum</strong></span> <span class='ocrx_word' id='word_1_23' title='bbox 1424 961 1825 1040; x_wconf 91' lang='lat' dir='ltr'><strong>compertum</strong></span> <span class='ocrx_word' id='word_1_24' title='bbox 1875 954 2073 1018; x_wconf 85' lang='lat' dir='ltr'><strong>fuerit</strong></span> <span class='ocrx_word' id='word_1_25' title='bbox 2084 1003 2101 1036; x_wconf 90' lang='lat'><strong>,</strong></span> <span class='ocrx_word' id='word_1_26' title='bbox 2142 953 2295 1020; x_wconf 86' lang='lat' dir='ltr'><strong>talis</strong></span> <span class='ocrx_word' id='word_1_27' title='bbox 2342 953 2723 1040; x_wconf 89' lang='lat' dir='ltr'><strong>simpliciter</strong></span> <span class='ocrx_word' id='word_1_28' title='bbox 2767 950 3134 1018; x_wconf 88' lang='lat' dir='ltr'><strong>retardetur</strong></span> <span class='ocrx_word' id='word_1_29' title='bbox 3178 962 3243 1018; x_wconf 86' lang='lat' dir='ltr'><strong>et</strong></span> 
     </span>
     <span class='ocr_line' id='line_1_4' title="bbox 381 1051 3237 1140; baseline -0.002 -16"><span class='ocrx_word' id='word_1_30' title='bbox 381 1059 484 1124; x_wconf 82' lang='lat' dir='ltr'><strong>ad</strong></span> <span class='ocrx_word' id='word_1_31' title='bbox 533 1078 800 1123; x_wconf 80' lang='lat' dir='ltr'><strong>examen</strong></span> <span class='ocrx_word' id='word_1_32' title='bbox 839 1053 1204 1120; x_wconf 87' lang='lat' dir='ltr'><strong>nullatenus</strong></span> <span class='ocrx_word' id='word_1_33' title='bbox 1242 1051 1643 1135; x_wconf 87' lang='lat' dir='ltr'><strong>admittatur,</strong></span> <span class='ocrx_word' id='word_1_34' title='bbox 1688 1051 1888 1117; x_wconf 87' lang='lat' dir='ltr'><strong>salvis</strong></span> <span class='ocrx_word' id='word_1_35' title='bbox 1929 1051 2332 1140; x_wconf 71' lang='lat' dir='ltr'><strong>pauperibus</strong></span> <span class='ocrx_word' id='word_1_36' title='bbox 2372 1062 2436 1117; x_wconf 91' lang='lat' dir='ltr'><strong>et</strong></span> <span class='ocrx_word' id='word_1_37' title='bbox 2477 1053 2644 1136; x_wconf 90' lang='lat' dir='ltr'><strong>aliis,</strong></span> <span class='ocrx_word' id='word_1_38' title='bbox 2700 1055 3021 1139; x_wconf 89' lang='lat' dir='ltr'><strong>signetum</strong></span> <span class='ocrx_word' id='word_1_39' title='bbox 3048 1073 3091 1116; x_wconf 89' lang='lat' dir='ltr'><strong>a</strong></span> <span class='ocrx_word' id='word_1_40' title='bbox 3123 1051 3237 1118; x_wconf 87' lang='lat' dir='ltr'><strong>do-</strong></span> 
     </span>
     <span class='ocr_line' id='line_1_5' title="bbox 377 1149 2555 1239; baseline -0.002 -16"><span class='ocrx_word' id='word_1_41' title='bbox 377 1159 579 1223; x_wconf 86' lang='lat' dir='ltr'><strong>mino</strong></span> <span class='ocrx_word' id='word_1_42' title='bbox 613 1163 862 1220; x_wconf 87' lang='lat' dir='ltr'><strong>rectore</strong></span> <span class='ocrx_word' id='word_1_43' title='bbox 905 1152 987 1219; x_wconf 91' lang='lat' dir='ltr'><strong>de</strong></span> <span class='ocrx_word' id='word_1_44' title='bbox 1029 1151 1262 1217; x_wconf 86' lang='lat' dir='ltr'><strong>stando</strong></span> <span class='ocrx_word' id='word_1_45' title='bbox 1303 1160 1498 1217; x_wconf 87' lang='lat' dir='ltr'><strong>extra</strong></span> <span class='ocrx_word' id='word_1_46' title='bbox 1541 1149 1688 1216; x_wconf 85' lang='lat' dir='ltr'><strong>loca</strong></span> <span class='ocrx_word' id='word_1_47' title='bbox 1731 1150 2102 1239; x_wconf 87' lang='lat' dir='ltr'><strong>approbata</strong></span> <span class='ocrx_word' id='word_1_48' title='bbox 2144 1150 2555 1218; x_wconf 88' lang='lat' dir='ltr'><strong>habentibus.</strong></span> 
     </span>
    </p>
   </div>
   <div class='ocr_carea' id='block_1_3' title="bbox 1055 1321 3325 1394">
    <p class='ocr_par' dir='ltr' id='par_1_3' title="bbox 1055 1321 3325 1394">
     <span class='ocr_line' id='line_1_6' title="bbox 1055 1321 3325 1394; baseline 0 -12"><span class='ocrx_word' id='word_1_49' title='bbox 1055 1321 1148 1382; x_wconf 84' lang='lat'><strong>12.</strong></span> <span class='ocrx_word' id='word_1_50' title='bbox 1203 1333 1387 1394; x_wconf 68' lang='lat' dir='ltr'><strong>Qum</strong></span> <span class='ocrx_word' id='word_1_51' title='bbox 1426 1331 1611 1381; x_wconf 72' lang='lat' dir='ltr'><strong>LocA</strong></span> <span class='ocrx_word' id='word_1_52' title='bbox 1651 1333 2065 1384; x_wconf 75' lang='lat' dir='ltr'>APPROBATA</span> <span class='ocrx_word' id='word_1_53' title='bbox 2112 1333 2585 1384; x_wconf 66' lang='lat' dir='ltr'><strong>cnusnm&#39;rmz.</strong></span> <span class='ocrx_word' id='word_1_54' title='bbox 3291 1328 3325 1382; x_wconf 85' lang='lat'>5</span> 
     </span>
    </p>
   </div>
   <div class='ocr_carea' id='block_1_4' title="bbox 381 1445 3329 2428">
    <p class='ocr_par' dir='ltr' id='par_1_4' title="bbox 381 1445 3329 2428">
     <span class='ocr_line' id='line_1_7' title="bbox 569 1445 3245 1537; baseline -0.001 -21"><span class='ocrx_word' id='word_1_55' title='bbox 569 1451 734 1532; x_wconf 80' lang='lat' dir='ltr'><strong>Quia</strong></span> <span class='ocrx_word' id='word_1_56' title='bbox 773 1452 842 1516; x_wconf 92' lang='lat' dir='ltr'><strong>in</strong></span> <span class='ocrx_word' id='word_1_57' title='bbox 885 1448 1060 1514; x_wconf 92' lang='lat' dir='ltr'><strong>dicto</strong></span> <span class='ocrx_word' id='word_1_58' title='bbox 1097 1445 1312 1512; x_wconf 88' lang='lat' dir='ltr'><strong>studio</strong></span> <span class='ocrx_word' id='word_1_59' title='bbox 1353 1446 1704 1534; x_wconf 85' lang='lat' dir='ltr'><strong>Lipzcensi</strong></span> <span class='ocrx_word' id='word_1_60' title='bbox 1761 1447 1894 1512; x_wconf 87' lang='lat' dir='ltr'><strong>tria</strong></span> <span class='ocrx_word' id='word_1_61' title='bbox 1936 1446 2214 1534; x_wconf 89' lang='lat' dir='ltr'><strong>collegia</strong></span> <span class='ocrx_word' id='word_1_62' title='bbox 2265 1470 2411 1514; x_wconf 88' lang='lat' dir='ltr'><strong>cum</strong></span> <span class='ocrx_word' id='word_1_63' title='bbox 2456 1448 2871 1537; x_wconf 88' lang='lat' dir='ltr'><strong>paedagogio</strong></span> <span class='ocrx_word' id='word_1_64' title='bbox 2917 1447 3245 1534; x_wconf 85' lang='lat' dir='ltr'><strong>bursaque</strong></span> 
     </span>
     <span class='ocr_line' id='line_1_8' title="bbox 381 1543 3243 1636; baseline -0.002 -19"><span class='ocrx_word' id='word_1_65' title='bbox 381 1550 818 1617; x_wconf 75' lang='lat' dir='ltr'><strong>Misnensium</strong></span> <span class='ocrx_word' id='word_1_66' title='bbox 859 1569 982 1636; x_wconf 85' lang='lat' dir='ltr'><strong>pro</strong></span> <span class='ocrx_word' id='word_1_67' title='bbox 1022 1546 1184 1614; x_wconf 87' lang='lat' dir='ltr'><strong>locis</strong></span> <span class='ocrx_word' id='word_1_68' title='bbox 1227 1545 1612 1634; x_wconf 87' lang='lat' dir='ltr'><strong>approbatis</strong></span> <span class='ocrx_word' id='word_1_69' title='bbox 1667 1543 1876 1612; x_wconf 88' lang='lat' dir='ltr'><strong>solum</strong></span> <span class='ocrx_word' id='word_1_70' title='bbox 1916 1545 2247 1633; x_wconf 85' lang='lat' dir='ltr'><strong>hucusque</strong></span> <span class='ocrx_word' id='word_1_71' title='bbox 2298 1547 2525 1614; x_wconf 87' lang='lat' dir='ltr'><strong>habita</strong></span> <span class='ocrx_word' id='word_1_72' title='bbox 2578 1549 2707 1614; x_wconf 89' lang='lat' dir='ltr'><strong>sint</strong></span> <span class='ocrx_word' id='word_1_73' title='bbox 2760 1571 2840 1614; x_wconf 86' lang='lat' dir='ltr'><strong>ac</strong></span> <span class='ocrx_word' id='word_1_74' title='bbox 2892 1546 3089 1614; x_wconf 90' lang='lat' dir='ltr'><strong>hodie</strong></span> <span class='ocrx_word' id='word_1_75' title='bbox 3130 1547 3243 1612; x_wconf 88' lang='lat' dir='ltr'><strong>ha-</strong></span> 
     </span>
     <span class='ocr_line' id='line_1_9' title="bbox 383 1643 3244 1732; baseline -0.002 -16"><span class='ocrx_word' id='word_1_76' title='bbox 383 1652 670 1716; x_wconf 78' lang='lat' dir='ltr'><strong>beantur</strong></span> <span class='ocrx_word' id='word_1_77' title='bbox 684 1697 702 1732; x_wconf 90' lang='lat'><strong>,</strong></span> <span class='ocrx_word' id='word_1_78' title='bbox 758 1657 824 1712; x_wconf 88' lang='lat' dir='ltr'><strong>et</strong></span> <span class='ocrx_word' id='word_1_79' title='bbox 862 1646 1102 1712; x_wconf 80' lang='lat' dir='ltr'><strong>bursae</strong></span> <span class='ocrx_word' id='word_1_80' title='bbox 1141 1646 1414 1712; x_wconf 88' lang='lat' dir='ltr'><strong>Henrici</strong></span> <span class='ocrx_word' id='word_1_81' title='bbox 1469 1643 2004 1710; x_wconf 84' lang='lat' dir='ltr'><strong>Hummelszhain</strong></span> <span class='ocrx_word' id='word_1_82' title='bbox 2015 1695 2033 1728; x_wconf 94' lang='lat'><strong>,</strong></span> <span class='ocrx_word' id='word_1_83' title='bbox 2080 1645 2249 1712; x_wconf 91' lang='lat' dir='ltr'><strong>Solis</strong></span> <span class='ocrx_word' id='word_1_84' title='bbox 2314 1658 2379 1712; x_wconf 87' lang='lat' dir='ltr'><strong>et</strong></span> <span class='ocrx_word' id='word_1_85' title='bbox 2418 1649 2767 1715; x_wconf 87' lang='lat' dir='ltr'><strong>nonnullae</strong></span> <span class='ocrx_word' id='word_1_86' title='bbox 2822 1649 2991 1714; x_wconf 89' lang='lat' dir='ltr'><strong>aliae</strong></span> <span class='ocrx_word' id='word_1_87' title='bbox 3045 1667 3244 1732; x_wconf 84' lang='lat' dir='ltr'><strong>quon·</strong></span> 
     </span>
     <span class='ocr_line' id='line_1_10' title="bbox 387 1744 3244 1835; baseline -0.002 -19"><span class='ocrx_word' id='word_1_88' title='bbox 387 1751 555 1816; x_wconf 79' lang='lat' dir='ltr'><strong>dam</strong></span> <span class='ocrx_word' id='word_1_89' title='bbox 595 1746 676 1814; x_wconf 93' lang='lat' dir='ltr'><strong>ob</strong></span> <span class='ocrx_word' id='word_1_90' title='bbox 713 1745 1188 1812; x_wconf 83' lang='lat' dir='ltr'><strong>multitudinem</strong></span> <span class='ocrx_word' id='word_1_91' title='bbox 1236 1744 1739 1832; x_wconf 87' lang='lat' dir='ltr'><strong>suppositorum,</strong></span> <span class='ocrx_word' id='word_1_92' title='bbox 1783 1765 1950 1828; x_wconf 91' lang='lat' dir='ltr'><strong>quae</strong></span> <span class='ocrx_word' id='word_1_93' title='bbox 1990 1746 2058 1809; x_wconf 92' lang='lat' dir='ltr'><strong>in</strong></span> <span class='ocrx_word' id='word_1_94' title='bbox 2104 1746 2464 1834; x_wconf 86' lang='lat' dir='ltr'><strong>praedictis</strong></span> <span class='ocrx_word' id='word_1_95' title='bbox 2505 1747 2890 1835; x_wconf 89' lang='lat' dir='ltr'><strong>approbatis</strong></span> <span class='ocrx_word' id='word_1_96' title='bbox 2929 1744 3094 1811; x_wconf 88' lang='lat' dir='ltr'><strong>locis</strong></span> <span class='ocrx_word' id='word_1_97' title='bbox 3140 1766 3244 1810; x_wconf 92' lang='lat' dir='ltr'><strong>co-</strong></span> 
     </span>
     <span class='ocr_line' id='line_1_11' title="bbox 387 1842 3329 1931; baseline -0.002 -16"><span class='ocrx_word' id='word_1_98' title='bbox 387 1847 665 1916; x_wconf 88' lang='lat' dir='ltr'><strong>modose</strong></span> <span class='ocrx_word' id='word_1_99' title='bbox 706 1855 884 1911; x_wconf 88' lang='lat' dir='ltr'><strong>stare</strong></span> <span class='ocrx_word' id='word_1_100' title='bbox 925 1867 1056 1910; x_wconf 90' lang='lat' dir='ltr'><strong>non</strong></span> <span class='ocrx_word' id='word_1_101' title='bbox 1092 1853 1430 1931; x_wconf 86' lang='lat' dir='ltr'><strong>poterant,</strong></span> <span class='ocrx_word' id='word_1_102' title='bbox 1489 1865 1608 1930; x_wconf 86' lang='lat' dir='ltr'><strong>per</strong></span> <span class='ocrx_word' id='word_1_103' title='bbox 1649 1842 2023 1908; x_wconf 80' lang='lat' dir='ltr'><strong>facultatem</strong></span> <span class='ocrx_word' id='word_1_104' title='bbox 2086 1847 2324 1910; x_wconf 87' lang='lat' dir='ltr'><strong>artium</strong></span> <span class='ocrx_word' id='word_1_105' title='bbox 2375 1845 2714 1913; x_wconf 86' lang='lat' dir='ltr'><strong>tolleratae</strong></span> <span class='ocrx_word' id='word_1_106' title='bbox 2767 1846 3039 1928; x_wconf 85' lang='lat' dir='ltr'><strong>fuerint,</strong></span> <span class='ocrx_word' id='word_1_107' title='bbox 3093 1843 3241 1909; x_wconf 90' lang='lat' dir='ltr'><strong>ideo</strong></span> <span class='ocrx_word' id='word_1_108' title='bbox 3266 1852 3329 1908; x_wconf 88' lang='lat'><strong>10</strong></span> 
     </span>
     <span class='ocr_line' id='line_1_12' title="bbox 386 1941 3243 2033; baseline -0.002 -21"><span class='ocrx_word' id='word_1_109' title='bbox 386 1948 552 2033; x_wconf 85' lang='lat' dir='ltr'><strong>quia</strong></span> <span class='ocrx_word' id='word_1_110' title='bbox 593 1944 894 2027; x_wconf 87' lang='lat' dir='ltr'><strong>scolares,</strong></span> <span class='ocrx_word' id='word_1_111' title='bbox 935 1944 1005 2008; x_wconf 91' lang='lat' dir='ltr'><strong>in</strong></span> <span class='ocrx_word' id='word_1_112' title='bbox 1043 1944 1375 2029; x_wconf 80' lang='lat' dir='ltr'><strong>praesenti</strong></span> <span class='ocrx_word' id='word_1_113' title='bbox 1417 1941 1632 2009; x_wconf 86' lang='lat' dir='ltr'><strong>studio</strong></span> <span class='ocrx_word' id='word_1_114' title='bbox 1677 1952 2172 2028; x_wconf 80' lang='lat' dir='ltr'><strong>commorantes,</strong></span> <span class='ocrx_word' id='word_1_115' title='bbox 2214 1946 2479 2012; x_wconf 87' lang='lat' dir='ltr'><strong>iamiam</strong></span> <span class='ocrx_word' id='word_1_116' title='bbox 2517 1947 2587 2011; x_wconf 91' lang='lat' dir='ltr'><strong>in</strong></span> <span class='ocrx_word' id='word_1_117' title='bbox 2631 1945 2824 2010; x_wconf 89' lang='lat' dir='ltr'><strong>dictis</strong></span> <span class='ocrx_word' id='word_1_118' title='bbox 2858 1941 3243 2031; x_wconf 88' lang='lat' dir='ltr'><strong>approbatis</strong></span> 
     </span>
     <span class='ocr_line' id='line_1_13' title="bbox 389 2039 3242 2128; baseline -0.003 -16"><span class='ocrx_word' id='word_1_119' title='bbox 389 2047 560 2112; x_wconf 87' lang='lat' dir='ltr'><strong>locis</strong></span> <span class='ocrx_word' id='word_1_120' title='bbox 603 2043 948 2110; x_wconf 87' lang='lat' dir='ltr'><strong>comodose</strong></span> <span class='ocrx_word' id='word_1_121' title='bbox 988 2051 1161 2107; x_wconf 88' lang='lat' dir='ltr'><strong>stare</strong></span> <span class='ocrx_word' id='word_1_122' title='bbox 1203 2050 1505 2128; x_wconf 79' lang='lat' dir='ltr'><strong>possunt,</strong></span> <span class='ocrx_word' id='word_1_123' title='bbox 1547 2039 1694 2106; x_wconf 91' lang='lat' dir='ltr'><strong>ideo</strong></span> <span class='ocrx_word' id='word_1_124' title='bbox 1735 2041 2031 2108; x_wconf 81' lang='lat' dir='ltr'><strong>volumus</strong></span> <span class='ocrx_word' id='word_1_125' title='bbox 2054 2091 2073 2126; x_wconf 92' lang='lat'><strong>,</strong></span> <span class='ocrx_word' id='word_1_126' title='bbox 2132 2042 2306 2128; x_wconf 88' lang='lat' dir='ltr'><strong>quod</strong></span> <span class='ocrx_word' id='word_1_127' title='bbox 2364 2044 2580 2111; x_wconf 88' lang='lat' dir='ltr'><strong>dictae</strong></span> <span class='ocrx_word' id='word_1_128' title='bbox 2637 2044 2877 2110; x_wconf 83' lang='lat' dir='ltr'><strong>bursae</strong></span> <span class='ocrx_word' id='word_1_129' title='bbox 2931 2042 3242 2127; x_wconf 80' lang='lat' dir='ltr'><strong>deinceps</strong></span> 
     </span>
     <span class='ocr_line' id='line_1_14' title="bbox 387 2139 3243 2231; baseline -0.002 -21"><span class='ocrx_word' id='word_1_130' title='bbox 387 2165 800 2231; x_wconf 86' lang='lat' dir='ltr'><strong>nequaquam</strong></span> <span class='ocrx_word' id='word_1_131' title='bbox 845 2164 967 2230; x_wconf 90' lang='lat' dir='ltr'><strong>pro</strong></span> <span class='ocrx_word' id='word_1_132' title='bbox 1011 2139 1392 2227; x_wconf 86' lang='lat' dir='ltr'><strong>approbatis</strong></span> <span class='ocrx_word' id='word_1_133' title='bbox 1436 2139 1598 2204; x_wconf 91' lang='lat' dir='ltr'><strong>locis</strong></span> <span class='ocrx_word' id='word_1_134' title='bbox 1639 2139 2035 2224; x_wconf 87' lang='lat' dir='ltr'><strong>habeantur,</strong></span> <span class='ocrx_word' id='word_1_135' title='bbox 2097 2150 2161 2207; x_wconf 89' lang='lat' dir='ltr'><strong>et</strong></span> <span class='ocrx_word' id='word_1_136' title='bbox 2206 2144 2263 2208; x_wconf 92' lang='lat' dir='ltr'><strong>si</strong></span> <span class='ocrx_word' id='word_1_137' title='bbox 2316 2142 2580 2228; x_wconf 86' lang='lat' dir='ltr'><strong>aliquod</strong></span> <span class='ocrx_word' id='word_1_138' title='bbox 2635 2143 3119 2230; x_wconf 88' lang='lat' dir='ltr'><strong>suppositorum</strong></span> <span class='ocrx_word' id='word_1_139' title='bbox 3172 2139 3243 2203; x_wconf 91' lang='lat' dir='ltr'><strong>in</strong></span> 
     </span>
     <span class='ocr_line' id='line_1_15' title="bbox 393 2237 3242 2326; baseline -0.002 -18"><span class='ocrx_word' id='word_1_140' title='bbox 393 2242 590 2308; x_wconf 86' lang='lat' dir='ltr'><strong>dictis</strong></span> <span class='ocrx_word' id='word_1_141' title='bbox 629 2240 849 2307; x_wconf 89' lang='lat' dir='ltr'><strong>bursis</strong></span> <span class='ocrx_word' id='word_1_142' title='bbox 893 2249 1056 2306; x_wconf 88' lang='lat' dir='ltr'><strong>stete</strong></span> <span class='ocrx_word' id='word_1_143' title='bbox 1064 2240 1151 2304; x_wconf 91' lang='lat' dir='ltr'><strong>rit</strong></span> <span class='ocrx_word' id='word_1_144' title='bbox 1186 2237 1291 2304; x_wconf 82' lang='lat' dir='ltr'><strong>vel</strong></span> <span class='ocrx_word' id='word_1_145' title='bbox 1335 2260 1660 2326; x_wconf 89' lang='lat' dir='ltr'><strong>expensas</strong></span> <span class='ocrx_word' id='word_1_146' title='bbox 1701 2237 2004 2306; x_wconf 87' lang='lat' dir='ltr'><strong>habuerit</strong></span> <span class='ocrx_word' id='word_1_147' title='bbox 2044 2250 2158 2307; x_wconf 85' lang='lat' dir='ltr'><strong>aut</strong></span> <span class='ocrx_word' id='word_1_148' title='bbox 2213 2240 2551 2308; x_wconf 90' lang='lat' dir='ltr'><strong>dormierit</strong></span> <span class='ocrx_word' id='word_1_149' title='bbox 2566 2291 2585 2325; x_wconf 88' lang='lat'><strong>,</strong></span> <span class='ocrx_word' id='word_1_150' title='bbox 2640 2242 2773 2308; x_wconf 89' lang='lat' dir='ltr'><strong>tale</strong></span> <span class='ocrx_word' id='word_1_151' title='bbox 2826 2241 2914 2308; x_wconf 89' lang='lat' dir='ltr'><strong>ad</strong></span> <span class='ocrx_word' id='word_1_152' title='bbox 2964 2260 3242 2306; x_wconf 86' lang='lat' dir='ltr'><strong>examen</strong></span> 
     </span>
     <span class='ocr_line' id='line_1_16' title="bbox 393 2339 3323 2428; baseline -0.003 -21"><span class='ocrx_word' id='word_1_153' title='bbox 393 2361 802 2428; x_wconf 83' lang='lat' dir='ltr'><strong>nequaquam</strong></span> <span class='ocrx_word' id='word_1_154' title='bbox 844 2339 1245 2404; x_wconf 84' lang='lat' dir='ltr'><strong>admittatur.</strong></span> <span class='ocrx_word' id='word_1_155' title='bbox 3260 2341 3323 2400; x_wconf 87' lang='lat'><strong>15</strong></span> 
     </span>
    </p>
   </div>
   <div class='ocr_carea' id='block_1_5' title="bbox 481 2511 3174 2574">
    <p class='ocr_par' dir='ltr' id='par_1_5' title="bbox 481 2511 3174 2574">
     <span class='ocr_line' id='line_1_17' title="bbox 481 2511 3174 2574; baseline -0.003 -2"><span class='ocrx_word' id='word_1_156' title='bbox 481 2511 570 2574; x_wconf 83' lang='lat'><strong>13·</strong></span> <span class='ocrx_word' id='word_1_157' title='bbox 620 2523 716 2570; x_wconf 72' lang='lat' dir='ltr'><strong>DE</strong></span> <span class='ocrx_word' id='word_1_158' title='bbox 761 2519 1392 2570; x_wconf 75' lang='lat' dir='ltr'><strong>REconclomUS</strong></span> <span class='ocrx_word' id='word_1_159' title='bbox 1437 2517 1659 2568; x_wconf 83' lang='lat' dir='ltr'>SUPER</span> <span class='ocrx_word' id='word_1_160' title='bbox 1701 2519 2293 2572; x_wconf 72' lang='lat' dir='ltr'>RESPONSIOMBUS</span> <span class='ocrx_word' id='word_1_161' title='bbox 2332 2521 2425 2571; x_wconf 64' lang='lat' dir='ltr'><strong>m*</strong></span> <span class='ocrx_word' id='word_1_162' title='bbox 2468 2521 2763 2572; x_wconf 72' lang='lat' dir='ltr'>STANTIA</span> <span class='ocrx_word' id='word_1_163' title='bbox 2804 2517 3174 2572; x_wconf 71' lang='lat' dir='ltr'><strong>mmmm.</strong></span> 
     </span>
    </p>
   </div>
   <div class='ocr_carea' id='block_1_6' title="bbox 395 2633 3318 3593">
    <p class='ocr_par' dir='ltr' id='par_1_6' title="bbox 395 2633 3318 3593">
     <span class='ocr_line' id='line_1_18' title="bbox 561 2633 3241 2724; baseline -0.002 -22"><span class='ocrx_word' id='word_1_164' title='bbox 561 2635 876 2702; x_wconf 87' lang='lat' dir='ltr'><strong>Volumus</strong></span> <span class='ocrx_word' id='word_1_165' title='bbox 919 2643 984 2698; x_wconf 91' lang='lat' dir='ltr'><strong>et</strong></span> <span class='ocrx_word' id='word_1_166' title='bbox 1025 2633 1400 2700; x_wconf 88' lang='lat' dir='ltr'><strong>ordinamus</strong></span> <span class='ocrx_word' id='word_1_167' title='bbox 1421 2683 1440 2718; x_wconf 92' lang='lat'><em>‚</em></span> <span class='ocrx_word' id='word_1_168' title='bbox 1481 2633 1656 2718; x_wconf 91' lang='lat' dir='ltr'><strong>quod</strong></span> <span class='ocrx_word' id='word_1_169' title='bbox 1703 2633 1975 2721; x_wconf 87' lang='lat' dir='ltr'><strong>quilibet</strong></span> <span class='ocrx_word' id='word_1_170' title='bbox 2013 2637 2084 2700; x_wconf 91' lang='lat' dir='ltr'><strong>in</strong></span> <span class='ocrx_word' id='word_1_171' title='bbox 2126 2634 2377 2702; x_wconf 88' lang='lat' dir='ltr'><strong>artibus</strong></span> <span class='ocrx_word' id='word_1_172' title='bbox 2428 2635 2907 2724; x_wconf 82' lang='lat' dir='ltr'><strong>promovendus</strong></span> <span class='ocrx_word' id='word_1_173' title='bbox 2946 2643 3241 2720; x_wconf 88' lang='lat' dir='ltr'><strong>tempore</strong></span> 
     </span>
     <span class='ocr_line' id='line_1_19' title="bbox 397 2730 3239 2824; baseline -0.002 -22"><span class='ocrx_word' id='word_1_174' title='bbox 397 2734 916 2824; x_wconf 85' lang='lat' dir='ltr'><strong>dispensacionis</strong></span> <span class='ocrx_word' id='word_1_175' title='bbox 956 2733 1027 2797; x_wconf 90' lang='lat' dir='ltr'><strong>in</strong></span> <span class='ocrx_word' id='word_1_176' title='bbox 1063 2731 1326 2798; x_wconf 89' lang='lat' dir='ltr'><strong>scedula</strong></span> <span class='ocrx_word' id='word_1_177' title='bbox 1367 2755 1628 2799; x_wconf 84' lang='lat' dir='ltr'><strong>suorum</strong></span> <span class='ocrx_word' id='word_1_178' title='bbox 1671 2741 1933 2798; x_wconf 84' lang='lat' dir='ltr'><strong>actuum</strong></span> <span class='ocrx_word' id='word_1_179' title='bbox 1974 2737 2483 2822; x_wconf 84' lang='lat' dir='ltr'><strong>recognitionem</strong></span> <span class='ocrx_word' id='word_1_180' title='bbox 2537 2737 2636 2800; x_wconf 91' lang='lat' dir='ltr'><strong>sui</strong></span> <span class='ocrx_word' id='word_1_181' title='bbox 2678 2733 3090 2801; x_wconf 85' lang='lat' dir='ltr'><strong>conventoris</strong></span> <span class='ocrx_word' id='word_1_182' title='bbox 3133 2730 3239 2797; x_wconf 84' lang='lat' dir='ltr'><strong>vel</strong></span> 
     </span>
     <span class='ocr_line' id='line_1_20' title="bbox 399 2831 3234 2919; baseline -0.001 -18"><span class='ocrx_word' id='word_1_183' title='bbox 399 2858 660 2902; x_wconf 87' lang='lat' dir='ltr'><strong>suorum</strong></span> <span class='ocrx_word' id='word_1_184' title='bbox 701 2839 1168 2899; x_wconf 83' lang='lat' dir='ltr'><strong>conventorum</strong></span> <span class='ocrx_word' id='word_1_185' title='bbox 1183 2881 1202 2916; x_wconf 91' lang='lat'><em>‚</em></span> <span class='ocrx_word' id='word_1_186' title='bbox 1251 2855 1396 2898; x_wconf 89' lang='lat' dir='ltr'><strong>cum</strong></span> <span class='ocrx_word' id='word_1_187' title='bbox 1440 2854 1568 2919; x_wconf 92' lang='lat' dir='ltr'><strong>quo</strong></span> <span class='ocrx_word' id='word_1_188' title='bbox 1609 2831 1714 2897; x_wconf 85' lang='lat' dir='ltr'><strong>vel</strong></span> <span class='ocrx_word' id='word_1_189' title='bbox 1758 2831 1990 2918; x_wconf 87' lang='lat' dir='ltr'><strong>quibus</strong></span> <span class='ocrx_word' id='word_1_190' title='bbox 2039 2836 2288 2899; x_wconf 83' lang='lat' dir='ltr'><strong>steterit</strong></span> <span class='ocrx_word' id='word_1_191' title='bbox 2330 2843 2395 2898; x_wconf 94' lang='lat' dir='ltr'><strong>et</strong></span> <span class='ocrx_word' id='word_1_192' title='bbox 2444 2836 2591 2899; x_wconf 91' lang='lat' dir='ltr'><strong>iura</strong></span> <span class='ocrx_word' id='word_1_193' title='bbox 2640 2833 2935 2899; x_wconf 88' lang='lat' dir='ltr'><strong>bursalia</strong></span> <span class='ocrx_word' id='word_1_194' title='bbox 2988 2831 3234 2917; x_wconf 84' lang='lat' dir='ltr'><strong>fecerit,</strong></span> 
     </span>
     <span class='ocr_line' id='line_1_21' title="bbox 399 2930 3318 3020; baseline 0.001 -21"><span class='ocrx_word' id='word_1_195' title='bbox 399 2935 845 3020; x_wconf 86' lang='lat' dir='ltr'><strong>consignatam</strong></span> <span class='ocrx_word' id='word_1_196' title='bbox 886 2930 1224 3016; x_wconf 83' lang='lat' dir='ltr'><strong>exhibeat3</strong></span> <span class='ocrx_word' id='word_1_197' title='bbox 1282 2953 1478 3017; x_wconf 90' lang='lat' dir='ltr'><strong>quam</strong></span> <span class='ocrx_word' id='word_1_198' title='bbox 1523 2931 1580 2995; x_wconf 87' lang='lat' dir='ltr'><strong>si</strong></span> <span class='ocrx_word' id='word_1_199' title='bbox 1619 2953 1752 2996; x_wconf 92' lang='lat' dir='ltr'><strong>non</strong></span> <span class='ocrx_word' id='word_1_200' title='bbox 1817 2931 2187 2999; x_wconf 83' lang='lat' dir='ltr'><strong>exhibuerit</strong></span> <span class='ocrx_word' id='word_1_201' title='bbox 2238 2935 2459 3019; x_wconf 91' lang='lat' dir='ltr'><strong>sicque</strong></span> <span class='ocrx_word' id='word_1_202' title='bbox 2510 2931 2949 2997; x_wconf 84' lang='lat' dir='ltr'><strong>verisimiliter</strong></span> <span class='ocrx_word' id='word_1_203' title='bbox 3001 2940 3231 2997; x_wconf 90' lang='lat' dir='ltr'><strong>contra</strong></span> <span class='ocrx_word' id='word_1_204' title='bbox 3248 2943 3318 3002; x_wconf 78' lang='lat'><strong>20</strong></span> 
     </span>
     <span class='ocr_line' id='line_1_22' title="bbox 398 3028 3241 3120; baseline 0 -23"><span class='ocrx_word' id='word_1_205' title='bbox 398 3054 544 3098; x_wconf 88' lang='lat' dir='ltr'><strong>eum</strong></span> <span class='ocrx_word' id='word_1_206' title='bbox 584 3031 914 3119; x_wconf 89' lang='lat' dir='ltr'><strong>praesumi</strong></span> <span class='ocrx_word' id='word_1_207' title='bbox 954 3031 1195 3116; x_wconf 90' lang='lat' dir='ltr'><strong>poterit</strong></span> <span class='ocrx_word' id='word_1_208' title='bbox 1213 3079 1232 3114; x_wconf 93' lang='lat'><strong>,</strong></span> <span class='ocrx_word' id='word_1_209' title='bbox 1274 3028 1448 3116; x_wconf 91' lang='lat' dir='ltr'><strong>quod</strong></span> <span class='ocrx_word' id='word_1_210' title='bbox 1489 3031 1559 3094; x_wconf 90' lang='lat' dir='ltr'><strong>in</strong></span> <span class='ocrx_word' id='word_1_211' title='bbox 1615 3029 1776 3096; x_wconf 89' lang='lat' dir='ltr'><strong>locis</strong></span> <span class='ocrx_word' id='word_1_212' title='bbox 1830 3031 2219 3120; x_wconf 89' lang='lat' dir='ltr'><strong>approbatis</strong></span> <span class='ocrx_word' id='word_1_213' title='bbox 2270 3033 2574 3098; x_wconf 88' lang='lat' dir='ltr'><strong>continue</strong></span> <span class='ocrx_word' id='word_1_214' title='bbox 2627 3053 2761 3096; x_wconf 93' lang='lat' dir='ltr'><strong>non</strong></span> <span class='ocrx_word' id='word_1_215' title='bbox 2812 3032 3063 3096; x_wconf 88' lang='lat' dir='ltr'><strong>steterit</strong></span> <span class='ocrx_word' id='word_1_216' title='bbox 3118 3053 3241 3097; x_wconf 90' lang='lat' dir='ltr'><strong>nec</strong></span> 
     </span>
     <span class='ocr_line' id='line_1_23' title="bbox 397 3128 3239 3220; baseline -0 -24"><span class='ocrx_word' id='word_1_217' title='bbox 397 3131 541 3197; x_wconf 89' lang='lat' dir='ltr'><strong>iura</strong></span> <span class='ocrx_word' id='word_1_218' title='bbox 579 3128 874 3196; x_wconf 88' lang='lat' dir='ltr'><strong>bursalia</strong></span> <span class='ocrx_word' id='word_1_219' title='bbox 911 3130 982 3195; x_wconf 92' lang='lat' dir='ltr'><strong>in</strong></span> <span class='ocrx_word' id='word_1_220' title='bbox 1027 3128 1272 3195; x_wconf 89' lang='lat' dir='ltr'><strong>eisdem</strong></span> <span class='ocrx_word' id='word_1_221' title='bbox 1311 3128 1540 3195; x_wconf 83' lang='lat' dir='ltr'><strong>fecerit</strong></span> <span class='ocrx_word' id='word_1_222' title='bbox 1553 3178 1570 3212; x_wconf 93' lang='lat'><strong>,</strong></span> <span class='ocrx_word' id='word_1_223' title='bbox 1615 3128 1702 3195; x_wconf 91' lang='lat' dir='ltr'><strong>ad</strong></span> <span class='ocrx_word' id='word_1_224' title='bbox 1743 3151 2019 3197; x_wconf 85' lang='lat' dir='ltr'><strong>examen</strong></span> <span class='ocrx_word' id='word_1_225' title='bbox 2058 3131 2163 3198; x_wconf 85' lang='lat' dir='ltr'><strong>vel</strong></span> <span class='ocrx_word' id='word_1_226' title='bbox 2205 3139 2602 3220; x_wconf 88' lang='lat' dir='ltr'><strong>temptamen</strong></span> <span class='ocrx_word' id='word_1_227' title='bbox 2644 3133 2775 3198; x_wconf 88' lang='lat' dir='ltr'><strong>ista</strong></span> <span class='ocrx_word' id='word_1_228' title='bbox 2812 3131 2959 3195; x_wconf 83' lang='lat' dir='ltr'><strong>vice</strong></span> <span class='ocrx_word' id='word_1_229' title='bbox 2998 3151 3239 3215; x_wconf 88' lang='lat' dir='ltr'><strong>nequa-</strong></span> 
     </span>
     <span class='ocr_line' id='line_1_24' title="bbox 397 3226 3237 3318; baseline -0.001 -23"><span class='ocrx_word' id='word_1_230' title='bbox 397 3253 586 3318; x_wconf 87' lang='lat' dir='ltr'><strong>quam</strong></span> <span class='ocrx_word' id='word_1_231' title='bbox 630 3229 1028 3295; x_wconf 82' lang='lat' dir='ltr'><strong>admittatur.</strong></span> <span class='ocrx_word' id='word_1_232' title='bbox 1105 3228 1183 3295; x_wconf 92' lang='lat' dir='ltr'><strong>In</strong></span> <span class='ocrx_word' id='word_1_233' title='bbox 1225 3226 1580 3316; x_wconf 85' lang='lat' dir='ltr'><strong>eademque</strong></span> <span class='ocrx_word' id='word_1_234' title='bbox 1619 3228 1887 3295; x_wconf 84' lang='lat' dir='ltr'><strong>scedula</strong></span> <span class='ocrx_word' id='word_1_235' title='bbox 1937 3254 2059 3298; x_wconf 89' lang='lat' dir='ltr'><strong>sua</strong></span> <span class='ocrx_word' id='word_1_236' title='bbox 2100 3231 2295 3298; x_wconf 92' lang='lat' dir='ltr'><strong>debet</strong></span> <span class='ocrx_word' id='word_1_237' title='bbox 2350 3234 2736 3318; x_wconf 87' lang='lat' dir='ltr'><strong>consignata</strong></span> <span class='ocrx_word' id='word_1_238' title='bbox 2784 3228 3027 3295; x_wconf 89' lang='lat' dir='ltr'><strong>habere</strong></span> <span class='ocrx_word' id='word_1_239' title='bbox 3082 3228 3237 3294; x_wconf 89' lang='lat' dir='ltr'><strong>bac-</strong></span> 
     </span>
     <span class='ocr_line' id='line_1_25' title="bbox 398 3327 3237 3419; baseline -0.001 -24"><span class='ocrx_word' id='word_1_240' title='bbox 398 3329 784 3395; x_wconf 83' lang='lat' dir='ltr'><strong>calariorum</strong></span> <span class='ocrx_word' id='word_1_241' title='bbox 823 3330 1090 3396; x_wconf 89' lang='lat' dir='ltr'><strong>nomina</strong></span> <span class='ocrx_word' id='word_1_242' title='bbox 1127 3336 1192 3393; x_wconf 90' lang='lat' dir='ltr'><strong>et</strong></span> <span class='ocrx_word' id='word_1_243' title='bbox 1228 3327 1716 3413; x_wconf 84' lang='lat' dir='ltr'><strong>magistrorum,</strong></span> <span class='ocrx_word' id='word_1_244' title='bbox 1769 3329 2004 3416; x_wconf 87' lang='lat' dir='ltr'><strong>quibus</strong></span> <span class='ocrx_word' id='word_1_245' title='bbox 2056 3339 2192 3395; x_wconf 87' lang='lat' dir='ltr'><strong>tam</strong></span> <span class='ocrx_word' id='word_1_246' title='bbox 2238 3330 2569 3396; x_wconf 86' lang='lat' dir='ltr'><strong>ordinarie</strong></span> <span class='ocrx_word' id='word_1_247' title='bbox 2628 3352 2821 3419; x_wconf 88' lang='lat' dir='ltr'><strong>quam</strong></span> <span class='ocrx_word' id='word_1_248' title='bbox 2874 3327 3237 3393; x_wconf 87' lang='lat' dir='ltr'><strong>extraordi-</strong></span> 
     </span>
     <span class='ocr_line' id='line_1_26' title="bbox 395 3424 3318 3518; baseline -0.001 -25"><span class='ocrx_word' id='word_1_249' title='bbox 395 3430 578 3494; x_wconf 85' lang='lat' dir='ltr'><strong>narie</strong></span> <span class='ocrx_word' id='word_1_250' title='bbox 628 3427 1054 3515; x_wconf 87' lang='lat' dir='ltr'><strong>responderit.</strong></span> <span class='ocrx_word' id='word_1_251' title='bbox 1165 3424 1419 3507; x_wconf 78' lang='lat' dir='ltr'><strong>Quodsi</strong></span> <span class='ocrx_word' id='word_1_252' title='bbox 1475 3448 1658 3492; x_wconf 89' lang='lat' dir='ltr'><strong>secus</strong></span> <span class='ocrx_word' id='word_1_253' title='bbox 1709 3427 1938 3495; x_wconf 88' lang='lat' dir='ltr'><strong>fecerit</strong></span> <span class='ocrx_word' id='word_1_254' title='bbox 1962 3477 1982 3512; x_wconf 97' lang='lat'><strong>,</strong></span> <span class='ocrx_word' id='word_1_255' title='bbox 2050 3428 2429 3517; x_wconf 87' lang='lat' dir='ltr'><strong>simpliciter</strong></span> <span class='ocrx_word' id='word_1_256' title='bbox 2480 3428 2874 3518; x_wconf 88' lang='lat' dir='ltr'><strong>impediatur</strong></span> <span class='ocrx_word' id='word_1_257' title='bbox 2934 3446 3058 3493; x_wconf 87' lang='lat' dir='ltr'><strong>nec</strong></span> <span class='ocrx_word' id='word_1_258' title='bbox 3110 3448 3232 3515; x_wconf 92' lang='lat' dir='ltr'><strong>pro</strong></span> <span class='ocrx_word' id='word_1_259' title='bbox 3251 3430 3318 3487; x_wconf 83' lang='grc'><strong>25</strong></span> 
     </span>
     <span class='ocr_line' id='line_1_27' title="bbox 399 3524 1596 3593; baseline -0.003 0"><span class='ocrx_word' id='word_1_260' title='bbox 399 3528 526 3593; x_wconf 89' lang='lat' dir='ltr'><strong>ista</strong></span> <span class='ocrx_word' id='word_1_261' title='bbox 562 3529 709 3593; x_wconf 83' lang='lat' dir='ltr'><strong>vice</strong></span> <span class='ocrx_word' id='word_1_262' title='bbox 751 3526 839 3592; x_wconf 89' lang='lat' dir='ltr'><strong>ad</strong></span> <span class='ocrx_word' id='word_1_263' title='bbox 875 3548 1152 3593; x_wconf 80' lang='lat' dir='ltr'><strong>examen</strong></span> <span class='ocrx_word' id='word_1_264' title='bbox 1197 3524 1596 3590; x_wconf 86' lang='lat' dir='ltr'><strong>admittatur.</strong></span> 
     </span>
    </p>
   </div>
   <div class='ocr_carea' id='block_1_7' title="bbox 903 3696 2740 3759">
    <p class='ocr_par' dir='ltr' id='par_1_7' title="bbox 903 3696 2740 3759">
     <span class='ocr_line' id='line_1_28' title="bbox 903 3696 2740 3759; baseline -0.001 -2"><span class='ocrx_word' id='word_1_265' title='bbox 903 3696 998 3757; x_wconf 83' lang='lat'><strong>14.</strong></span> <span class='ocrx_word' id='word_1_266' title='bbox 1059 3708 1156 3757; x_wconf 75' lang='lat' dir='ltr'><strong>nn</strong></span> <span class='ocrx_word' id='word_1_267' title='bbox 1199 3706 1718 3757; x_wconf 70' lang='lat' dir='ltr'><strong>uncoem&#39;norm</strong></span> <span class='ocrx_word' id='word_1_268' title='bbox 1759 3710 1896 3757; x_wconf 75' lang='lat' dir='ltr'><strong>PER</strong></span> <span class='ocrx_word' id='word_1_269' title='bbox 1933 3708 2255 3759; x_wconf 65' lang='lat' dir='ltr'><strong>nmmos</strong></span> <span class='ocrx_word' id='word_1_270' title='bbox 2291 3711 2386 3758; x_wconf 74' lang='lat' dir='ltr'><strong>nn</strong></span> <span class='ocrx_word' id='word_1_271' title='bbox 2431 3708 2740 3759; x_wconf 54' lang='lat' dir='ltr'><strong>samsom.</strong></span> 
     </span>
    </p>
   </div>
   <div class='ocr_carea' id='block_1_8' title="bbox 399 3820 3325 4703">
    <p class='ocr_par' dir='ltr' id='par_1_8' title="bbox 399 3820 3325 4703">
     <span class='ocr_line' id='line_1_29' title="bbox 555 3820 3239 3910; baseline 0 -23"><span class='ocrx_word' id='word_1_272' title='bbox 555 3821 872 3889; x_wconf 84' lang='lat' dir='ltr'><strong>Volumus</strong></span> <span class='ocrx_word' id='word_1_273' title='bbox 918 3822 1143 3905; x_wconf 86' lang='lat' dir='ltr'><strong>etiam,</strong></span> <span class='ocrx_word' id='word_1_274' title='bbox 1185 3820 1358 3910; x_wconf 91' lang='lat' dir='ltr'><strong>quod</strong></span> <span class='ocrx_word' id='word_1_275' title='bbox 1401 3820 1685 3887; x_wconf 88' lang='lat' dir='ltr'><strong>decanus</strong></span> <span class='ocrx_word' id='word_1_276' title='bbox 1725 3822 2054 3889; x_wconf 87' lang='lat' dir='ltr'><strong>facultatis</strong></span> <span class='ocrx_word' id='word_1_277' title='bbox 2097 3824 2334 3888; x_wconf 88' lang='lat' dir='ltr'><strong>artium</strong></span> <span class='ocrx_word' id='word_1_278' title='bbox 2392 3822 2557 3889; x_wconf 91' lang='lat' dir='ltr'><strong>nulli</strong></span> <span class='ocrx_word' id='word_1_279' title='bbox 2611 3822 3097 3910; x_wconf 89' lang='lat' dir='ltr'><strong>suppositorum</strong></span> <span class='ocrx_word' id='word_1_280' title='bbox 3138 3844 3239 3887; x_wconf 87' lang='lat' dir='ltr'><strong>re·</strong></span> 
     </span>
     <span class='ocr_line' id='line_1_30' title="bbox 403 3919 3235 4009; baseline -0.001 -21"><span class='ocrx_word' id='word_1_281' title='bbox 403 3922 834 4009; x_wconf 86' lang='lat' dir='ltr'><strong>cognitionem</strong></span> <span class='ocrx_word' id='word_1_282' title='bbox 879 3919 965 3984; x_wconf 92' lang='lat' dir='ltr'><strong>ad</strong></span> <span class='ocrx_word' id='word_1_283' title='bbox 1009 3919 1340 3986; x_wconf 91' lang='lat' dir='ltr'><strong>dominum</strong></span> <span class='ocrx_word' id='word_1_284' title='bbox 1382 3929 1701 3985; x_wconf 88' lang='lat' dir='ltr'><strong>rectorem</strong></span> <span class='ocrx_word' id='word_1_285' title='bbox 1741 3945 1864 4008; x_wconf 91' lang='lat' dir='ltr'><strong>pro</strong></span> <span class='ocrx_word' id='word_1_286' title='bbox 1907 3922 2261 3989; x_wconf 88' lang='lat' dir='ltr'><strong>obtinendo</strong></span> <span class='ocrx_word' id='word_1_287' title='bbox 2304 3924 2556 4007; x_wconf 91' lang='lat' dir='ltr'><strong>signeto</strong></span> <span class='ocrx_word' id='word_1_288' title='bbox 2600 3920 2683 3987; x_wconf 90' lang='lat' dir='ltr'><strong>de</strong></span> <span class='ocrx_word' id='word_1_289' title='bbox 2727 3920 2961 3987; x_wconf 86' lang='lat' dir='ltr'><strong>stando</strong></span> <span class='ocrx_word' id='word_1_290' title='bbox 3022 3930 3087 3987; x_wconf 86' lang='lat' dir='ltr'><strong>et</strong></span> <span class='ocrx_word' id='word_1_291' title='bbox 3126 3944 3235 3987; x_wconf 89' lang='lat' dir='ltr'><strong>ex-</strong></span> 
     </span>
     <span class='ocr_line' id='line_1_31' title="bbox 399 4019 3325 4108; baseline 0.002 -22"><span class='ocrx_word' id='word_1_292' title='bbox 399 4043 632 4108; x_wconf 88' lang='lat' dir='ltr'><strong>pensas</strong></span> <span class='ocrx_word' id='word_1_293' title='bbox 677 4030 870 4085; x_wconf 86' lang='lat' dir='ltr'><strong>extra</strong></span> <span class='ocrx_word' id='word_1_294' title='bbox 910 4019 1058 4084; x_wconf 92' lang='lat' dir='ltr'><strong>loca</strong></span> <span class='ocrx_word' id='word_1_295' title='bbox 1099 4019 1468 4107; x_wconf 88' lang='lat' dir='ltr'><strong>approbata</strong></span> <span class='ocrx_word' id='word_1_296' title='bbox 1509 4019 1809 4087; x_wconf 89' lang='lat' dir='ltr'><strong>habendo</strong></span> <span class='ocrx_word' id='word_1_297' title='bbox 1857 4023 2168 4089; x_wconf 87' lang='lat' dir='ltr'><strong>decernat</strong></span> <span class='ocrx_word' id='word_1_298' title='bbox 2208 4030 2273 4086; x_wconf 89' lang='lat' dir='ltr'><strong>et</strong></span> <span class='ocrx_word' id='word_1_299' title='bbox 2310 4019 2663 4107; x_wconf 88' lang='lat' dir='ltr'><strong>indulgeat,</strong></span> <span class='ocrx_word' id='word_1_300' title='bbox 2706 4020 2837 4085; x_wconf 89' lang='lat' dir='ltr'><strong>nisi</strong></span> <span class='ocrx_word' id='word_1_301' title='bbox 2878 4024 3235 4107; x_wconf 86' lang='lat' dir='ltr'><strong>praesenti·</strong></span> <span class='ocrx_word' id='word_1_302' title='bbox 3255 4034 3325 4091; x_wconf 84' lang='lat'><strong>30</strong></span> 
     </span>
     <span class='ocr_line' id='line_1_32' title="bbox 401 4117 3243 4209; baseline 0 -24"><span class='ocrx_word' id='word_1_303' title='bbox 401 4120 520 4185; x_wconf 90' lang='lat' dir='ltr'><strong>bus</strong></span> <span class='ocrx_word' id='word_1_304' title='bbox 563 4128 630 4185; x_wconf 91' lang='lat' dir='ltr'><strong>et</strong></span> <span class='ocrx_word' id='word_1_305' title='bbox 671 4117 1232 4184; x_wconf 87' lang='lat' dir='ltr'><strong>consencientibus</strong></span> <span class='ocrx_word' id='word_1_306' title='bbox 1273 4118 1658 4201; x_wconf 85' lang='lat' dir='ltr'><strong>senioribus,</strong></span> <span class='ocrx_word' id='word_1_307' title='bbox 1709 4122 1820 4208; x_wconf 90' lang='lat' dir='ltr'><strong>qui</strong></span> <span class='ocrx_word' id='word_1_308' title='bbox 1859 4122 1927 4185; x_wconf 92' lang='lat' dir='ltr'><strong>in</strong></span> <span class='ocrx_word' id='word_1_309' title='bbox 1969 4122 2293 4209; x_wconf 88' lang='lat' dir='ltr'><strong>principio</strong></span> <span class='ocrx_word' id='word_1_310' title='bbox 2340 4118 2685 4187; x_wconf 87' lang='lat' dir='ltr'><strong>cuiuslibet</strong></span> <span class='ocrx_word' id='word_1_311' title='bbox 2726 4120 3111 4185; x_wconf 88' lang='lat' dir='ltr'><strong>mutacionis</strong></span> <span class='ocrx_word' id='word_1_312' title='bbox 3154 4121 3243 4186; x_wconf 93' lang='lat' dir='ltr'><strong>ad</strong></span> 
     </span>
     <span class='ocr_line' id='line_1_33' title="bbox 401 4216 3242 4307; baseline 0 -24"><span class='ocrx_word' id='word_1_313' title='bbox 401 4220 882 4307; x_wconf 86' lang='lat' dir='ltr'><strong>requisitionem</strong></span> <span class='ocrx_word' id='word_1_314' title='bbox 938 4216 1168 4282; x_wconf 90' lang='lat' dir='ltr'><strong>decani</strong></span> <span class='ocrx_word' id='word_1_315' title='bbox 1221 4219 1610 4283; x_wconf 82' lang='lat' dir='ltr'><strong>conveniant</strong></span> <span class='ocrx_word' id='word_1_316' title='bbox 1675 4228 1740 4283; x_wconf 89' lang='lat' dir='ltr'><strong>et</strong></span> <span class='ocrx_word' id='word_1_317' title='bbox 1781 4222 2140 4307; x_wconf 86' lang='lat' dir='ltr'><strong>supposita,</strong></span> <span class='ocrx_word' id='word_1_318' title='bbox 2183 4218 2556 4285; x_wconf 88' lang='lat' dir='ltr'><strong>huiusmodi</strong></span> <span class='ocrx_word' id='word_1_319' title='bbox 2600 4218 3078 4303; x_wconf 84' lang='lat' dir='ltr'><strong>recognitiones</strong></span> <span class='ocrx_word' id='word_1_320' title='bbox 3132 4241 3242 4306; x_wconf 90' lang='lat' dir='ltr'><strong>pe-</strong></span> 
     </span>
     <span class='ocr_line' id='line_1_34' title="bbox 401 4315 3241 4405; baseline -0 -22"><span class='ocrx_word' id='word_1_321' title='bbox 401 4320 632 4401; x_wconf 87' lang='lat' dir='ltr'><strong>tencia‚</strong></span> <span class='ocrx_word' id='word_1_322' title='bbox 683 4316 770 4382; x_wconf 87' lang='lat' dir='ltr'><strong>ad</strong></span> <span class='ocrx_word' id='word_1_323' title='bbox 811 4316 1067 4381; x_wconf 90' lang='lat' dir='ltr'><strong>stubam</strong></span> <span class='ocrx_word' id='word_1_324' title='bbox 1107 4315 1466 4401; x_wconf 86' lang='lat' dir='ltr'><strong>facultatis,</strong></span> <span class='ocrx_word' id='word_1_325' title='bbox 1525 4326 1771 4383; x_wconf 89' lang='lat' dir='ltr'><strong>certum</strong></span> <span class='ocrx_word' id='word_1_326' title='bbox 1814 4318 1986 4384; x_wconf 90' lang='lat' dir='ltr'><strong>diem</strong></span> <span class='ocrx_word' id='word_1_327' title='bbox 2030 4321 2123 4385; x_wconf 88' lang='lat' dir='ltr'><strong>eis</strong></span> <span class='ocrx_word' id='word_1_328' title='bbox 2167 4316 2565 4405; x_wconf 88' lang='lat' dir='ltr'><strong>assignando</strong></span> <span class='ocrx_word' id='word_1_329' title='bbox 2581 4368 2600 4401; x_wconf 94' lang='lat'><strong>,</strong></span> <span class='ocrx_word' id='word_1_330' title='bbox 2652 4318 2737 4383; x_wconf 89' lang='lat' dir='ltr'><strong>ad</strong></span> <span class='ocrx_word' id='word_1_331' title='bbox 2780 4340 2851 4383; x_wconf 86' lang='lat' dir='ltr'><strong>se</strong></span> <span class='ocrx_word' id='word_1_332' title='bbox 2891 4318 3241 4383; x_wconf 85' lang='lat' dir='ltr'><strong>convocari</strong></span> 
     </span>
     <span class='ocr_line' id='line_1_35' title="bbox 400 4415 3244 4505; baseline 0.001 -24"><span class='ocrx_word' id='word_1_333' title='bbox 400 4417 675 4500; x_wconf 84' lang='lat' dir='ltr'><strong>faciant,</strong></span> <span class='ocrx_word' id='word_1_334' title='bbox 719 4438 1068 4503; x_wconf 88' lang='lat' dir='ltr'><strong>eorumque</strong></span> <span class='ocrx_word' id='word_1_335' title='bbox 1109 4436 1341 4481; x_wconf 87' lang='lat' dir='ltr'><strong>causas</strong></span> <span class='ocrx_word' id='word_1_336' title='bbox 1354 4465 1374 4499; x_wconf 88' lang='lat'><strong>,</strong></span> <span class='ocrx_word' id='word_1_337' title='bbox 1419 4438 1534 4480; x_wconf 90' lang='lat' dir='ltr'><strong>cur</strong></span> <span class='ocrx_word' id='word_1_338' title='bbox 1571 4417 1640 4481; x_wconf 90' lang='lat' dir='ltr'><strong>in</strong></span> <span class='ocrx_word' id='word_1_339' title='bbox 1678 4416 1839 4482; x_wconf 89' lang='lat' dir='ltr'><strong>locis</strong></span> <span class='ocrx_word' id='word_1_340' title='bbox 1882 4416 2265 4505; x_wconf 86' lang='lat' dir='ltr'><strong>approbatis</strong></span> <span class='ocrx_word' id='word_1_341' title='bbox 2312 4426 2487 4483; x_wconf 89' lang='lat' dir='ltr'><strong>stare</strong></span> <span class='ocrx_word' id='word_1_342' title='bbox 2528 4439 2607 4483; x_wconf 89' lang='lat' dir='ltr'><strong>ac</strong></span> <span class='ocrx_word' id='word_1_343' title='bbox 2648 4438 2971 4505; x_wconf 88' lang='lat' dir='ltr'><strong>expensas</strong></span> <span class='ocrx_word' id='word_1_344' title='bbox 3000 4415 3244 4483; x_wconf 88' lang='lat' dir='ltr'><strong>habere</strong></span> 
     </span>
     <span class='ocr_line' id='line_1_36' title="bbox 403 4514 3325 4604; baseline -0 -22"><span class='ocrx_word' id='word_1_345' title='bbox 403 4540 531 4583; x_wconf 90' lang='lat' dir='ltr'><strong>non</strong></span> <span class='ocrx_word' id='word_1_346' title='bbox 573 4516 828 4604; x_wconf 88' lang='lat' dir='ltr'><strong>possint</strong></span> <span class='ocrx_word' id='word_1_347' title='bbox 843 4565 862 4598; x_wconf 94' lang='lat'><strong>,</strong></span> <span class='ocrx_word' id='word_1_348' title='bbox 905 4514 1252 4601; x_wconf 89' lang='lat' dir='ltr'><strong>diligenter</strong></span> <span class='ocrx_word' id='word_1_349' title='bbox 1297 4516 1689 4581; x_wconf 85' lang='lat' dir='ltr'><strong>examinent.</strong></span> <span class='ocrx_word' id='word_1_350' title='bbox 1775 4516 1956 4597; x_wconf 76' lang='lat' dir='ltr'><strong>Quas</strong></span> <span class='ocrx_word' id='word_1_351' title='bbox 1981 4518 2039 4581; x_wconf 91' lang='lat' dir='ltr'><strong>si</strong></span> <span class='ocrx_word' id='word_1_352' title='bbox 2059 4516 2481 4583; x_wconf 88' lang='lat' dir='ltr'><strong>rationabiles</strong></span> <span class='ocrx_word' id='word_1_353' title='bbox 2509 4526 2575 4581; x_wconf 90' lang='lat' dir='ltr'><strong>et</strong></span> <span class='ocrx_word' id='word_1_354' title='bbox 2600 4516 2952 4603; x_wconf 86' lang='lat' dir='ltr'><strong>legittimas</strong></span> <span class='ocrx_word' id='word_1_355' title='bbox 2980 4537 3236 4602; x_wconf 91' lang='lat' dir='ltr'><strong>compe·</strong></span> <span class='ocrx_word' id='word_1_356' title='bbox 3256 4525 3325 4581; x_wconf 85' lang='lat'><strong>35</strong></span> 
     </span>
     <span class='ocr_line' id='line_1_37' title="bbox 399 4612 3241 4703; baseline -0 -22"><span class='ocrx_word' id='word_1_357' title='bbox 399 4618 620 4701; x_wconf 75' lang='lat' dir='ltr'><strong>rerint,</strong></span> <span class='ocrx_word' id='word_1_358' title='bbox 653 4616 820 4703; x_wconf 87' lang='lat' dir='ltr'><strong>ipsis</strong></span> <span class='ocrx_word' id='word_1_359' title='bbox 849 4615 1336 4701; x_wconf 88' lang='lat' dir='ltr'><strong>recogniciones</strong></span> <span class='ocrx_word' id='word_1_360' title='bbox 1369 4614 1457 4680; x_wconf 89' lang='lat' dir='ltr'><strong>ad</strong></span> <span class='ocrx_word' id='word_1_361' title='bbox 1485 4614 1819 4681; x_wconf 92' lang='lat' dir='ltr'><strong>dominum</strong></span> <span class='ocrx_word' id='word_1_362' title='bbox 1849 4625 2170 4683; x_wconf 89' lang='lat' dir='ltr'><strong>rectorem</strong></span> <span class='ocrx_word' id='word_1_363' title='bbox 2204 4616 2555 4683; x_wconf 87' lang='lat' dir='ltr'><strong>decernere</strong></span> <span class='ocrx_word' id='word_1_364' title='bbox 2582 4614 2759 4680; x_wconf 92' lang='lat' dir='ltr'><strong>haud</strong></span> <span class='ocrx_word' id='word_1_365' title='bbox 2788 4612 3241 4701; x_wconf 86' lang='lat' dir='ltr'><strong>dedignentur.</strong></span> 
     </span>
    </p>
   </div>
   <div class='ocr_carea' id='block_1_9' title="bbox 629 4804 3015 4865">
    <p class='ocr_par' dir='ltr' id='par_1_9' title="bbox 629 4804 3015 4865">
     <span class='ocr_line' id='line_1_38' title="bbox 629 4804 3015 4865; baseline -0.001 -2"><span class='ocrx_word' id='word_1_366' title='bbox 629 4804 728 4863; x_wconf 81' lang='lat'><strong>15.</strong></span> <span class='ocrx_word' id='word_1_367' title='bbox 768 4815 863 4861; x_wconf 84' lang='lat' dir='ltr'><strong>DE</strong></span> <span class='ocrx_word' id='word_1_368' title='bbox 901 4812 1423 4863; x_wconf 73' lang='lat' dir='ltr'>RECOGNITIONE</span> <span class='ocrx_word' id='word_1_369' title='bbox 1463 4815 1603 4864; x_wconf 83' lang='lat' dir='ltr'><strong>PRO</strong></span> <span class='ocrx_word' id='word_1_370' title='bbox 1641 4814 2105 4865; x_wconf 77' lang='lat' dir='ltr'><strong>LEc&#39;rlomBUs</strong></span> <span class='ocrx_word' id='word_1_371' title='bbox 2146 4818 2238 4865; x_wconf 79' lang='lat' dir='ltr'><strong>ET</strong></span> <span class='ocrx_word' id='word_1_372' title='bbox 2282 4814 2673 4865; x_wconf 63' lang='lat' dir='ltr'><strong>Ennomus</strong></span> <span class='ocrx_word' id='word_1_373' title='bbox 2715 4812 3015 4862; x_wconf 76' lang='lat' dir='ltr'><strong>AUDITIS.</strong></span> 
     </span>
    </p>
   </div>
   <div class='ocr_carea' id='block_1_10' title="bbox 397 4924 3253 5116">
    <p class='ocr_par' dir='ltr' id='par_1_10' title="bbox 397 4924 3253 5116">
     <span class='ocr_line' id='line_1_39' title="bbox 566 4924 3243 5017; baseline 0 -25"><span class='ocrx_word' id='word_1_374' title='bbox 566 4926 882 4994; x_wconf 86' lang='lat' dir='ltr'><strong>Volumus</strong></span> <span class='ocrx_word' id='word_1_375' title='bbox 925 4936 990 4992; x_wconf 92' lang='lat' dir='ltr'><strong>et</strong></span> <span class='ocrx_word' id='word_1_376' title='bbox 1031 4926 1408 4994; x_wconf 86' lang='lat' dir='ltr'><strong>ordinamus</strong></span> <span class='ocrx_word' id='word_1_377' title='bbox 1425 4978 1442 5011; x_wconf 91' lang='lat'><strong>,</strong></span> <span class='ocrx_word' id='word_1_378' title='bbox 1487 4928 1665 5016; x_wconf 91' lang='lat' dir='ltr'><strong>quod</strong></span> <span class='ocrx_word' id='word_1_379' title='bbox 1706 4928 2014 5017; x_wconf 88' lang='lat' dir='ltr'><strong>deinceps</strong></span> <span class='ocrx_word' id='word_1_380' title='bbox 2054 4930 2267 4996; x_wconf 87' lang='lat' dir='ltr'><strong>nullus</strong></span> <span class='ocrx_word' id='word_1_381' title='bbox 2325 4929 2787 5015; x_wconf 87' lang='lat' dir='ltr'><strong>magistrorum</strong></span> <span class='ocrx_word' id='word_1_382' title='bbox 2844 4924 3041 4991; x_wconf 86' lang='lat' dir='ltr'><strong>alicui</strong></span> <span class='ocrx_word' id='word_1_383' title='bbox 3104 4948 3243 4993; x_wconf 90' lang='lat' dir='ltr'><strong>sco-</strong></span> 
     </span>
     <span class='ocr_line' id='line_1_40' title="bbox 397 5025 3253 5116; baseline -0.002 -22"><span class='ocrx_word' id='word_1_384' title='bbox 397 5028 634 5094; x_wconf 89' lang='lat' dir='ltr'><strong>larium</strong></span> <span class='ocrx_word' id='word_1_385' title='bbox 683 5026 1206 5112; x_wconf 88' lang='lat' dir='ltr'><strong>recognicionem</strong></span> <span class='ocrx_word' id='word_1_386' title='bbox 1276 5026 1574 5093; x_wconf 88' lang='lat' dir='ltr'><strong>lectionis</strong></span> <span class='ocrx_word' id='word_1_387' title='bbox 1626 5028 1731 5094; x_wconf 84' lang='lat' dir='ltr'><strong>vel</strong></span> <span class='ocrx_word' id='word_1_388' title='bbox 1787 5030 2093 5094; x_wconf 86' lang='lat' dir='ltr'><strong>exercicii</strong></span> <span class='ocrx_word' id='word_1_389' title='bbox 2146 5031 2487 5115; x_wconf 87' lang='lat' dir='ltr'><strong>assignare</strong></span> <span class='ocrx_word' id='word_1_390' title='bbox 2542 5033 2951 5116; x_wconf 85' lang='lat' dir='ltr'><strong>praesumat,</strong></span> <span class='ocrx_word' id='word_1_391' title='bbox 3006 5025 3137 5090; x_wconf 87' lang='lat' dir='ltr'><strong>nisi</strong></span> <span class='ocrx_word' id='word_1_392' title='bbox 3186 5025 3253 5090; x_wconf 92' lang='lat' dir='ltr'><strong>ei</strong></span> 
     </span>
    </p>
   </div>
   <div class='ocr_carea' id='block_1_11' title="bbox 396 5200 3249 5380">
    <p class='ocr_par' dir='ltr' id='par_1_11' title="bbox 396 5200 3249 5380">
     <span class='ocr_line' id='line_1_41' title="bbox 396 5200 3249 5297; baseline 0 -18"><span class='ocrx_word' id='word_1_393' title='bbox 396 5224 590 5279; x_wconf 79' lang='lat' dir='ltr'><strong>immet</strong></span> <span class='ocrx_word' id='word_1_394' title='bbox 620 5220 944 5279; x_wconf 81' lang='lat' dir='ltr'><strong>Sicherheit.</strong></span> <span class='ocrx_word' id='word_1_395' title='bbox 1011 5222 1322 5297; x_wconf 78' lang='lat' dir='ltr'><strong>Uebrigens</strong></span> <span class='ocrx_word' id='word_1_396' title='bbox 1355 5226 1568 5285; x_wconf 83' lang='lat' dir='ltr'><strong>kommt</strong></span> <span class='ocrx_word' id='word_1_397' title='bbox 1605 5200 1990 5283; x_wconf 53' lang='lat' dir='ltr'><strong>baccalaureus</strong></span> <span class='ocrx_word' id='word_1_398' title='bbox 2029 5224 2175 5283; x_wconf 86' lang='lat' dir='ltr'><strong>auch</strong></span> <span class='ocrx_word' id='word_1_399' title='bbox 2210 5233 2365 5285; x_wconf 81' lang='lat' dir='ltr'><strong>sonst</strong></span> <span class='ocrx_word' id='word_1_400' title='bbox 2397 5222 2545 5281; x_wconf 86' lang='lat' dir='ltr'><strong>noch</strong></span> <span class='ocrx_word' id='word_1_401' title='bbox 2580 5241 2711 5295; x_wconf 84' lang='lat' dir='ltr'><strong>vor,</strong></span> <span class='ocrx_word' id='word_1_402' title='bbox 2743 5223 2855 5296; x_wconf 82' lang='lat' dir='ltr'><strong>vgl.</strong></span> <span class='ocrx_word' id='word_1_403' title='bbox 2892 5223 3071 5281; x_wconf 89' lang='lat' dir='ltr'><strong>meine</strong></span> <span class='ocrx_word' id='word_1_404' title='bbox 3102 5222 3249 5281; x_wconf 79' lang='lat' dir='ltr'><strong>Aus-</strong></span> 
     </span>
     <span class='ocr_line' id='line_1_42' title="bbox 397 5306 1364 5380; baseline 0.003 -16"><span class='ocrx_word' id='word_1_405' title='bbox 397 5306 544 5379; x_wconf 77' lang='lat' dir='ltr'><strong>gabe</strong></span> <span class='ocrx_word' id='word_1_406' title='bbox 575 5308 677 5363; x_wconf 88' lang='lat' dir='ltr'><strong>der</strong></span> <span class='ocrx_word' id='word_1_407' title='bbox 703 5308 850 5363; x_wconf 79' lang='lat' dir='ltr'><strong>Acta</strong></span> <span class='ocrx_word' id='word_1_408' title='bbox 879 5318 1148 5366; x_wconf 75' lang='lat' dir='ltr'><strong>rectorum</strong></span> <span class='ocrx_word' id='word_1_409' title='bbox 1183 5317 1248 5380; x_wconf 82' lang='grc'><strong>9,</strong></span> <span class='ocrx_word' id='word_1_410' title='bbox 1283 5315 1364 5367; x_wconf 85' lang='grc'><strong>32.</strong></span> 
     </span>
    </p>
   </div>
  </div>
 </body>
</html>
