4038 6358
1169 654 1273 706 Die
1318 652 1556 705 δικαίου
1593 668 1718 703 vom
1763 650 1930 703 Jahre
1965 648 2113 703 1543.
2180 648 2431 713 Anhang.
3100 646 3213 714 301

258 827 434 915 legii
483 834 820 918 vagari,
867 832 1110 917 ludere,
1151 831 1512 919 decurrere,
1557 835 1872 902 clamores
1913 831 2135 915 edere3
2193 829 2471 918 denique
2512 830 2721 895 omnis
2764 828 2993 895 horum
3034 837 3215 916 petu-

260 927 496 993 lantia
547 952 850 999 severe
894 931 1286 999 cohibeatur.
1370 934 1460 999 Et
1499 942 1835 1021 praestare
1876 933 2047 998 hanc
2083 939 2420 995 teneantur
2462 928 2529 1011 ii,
2588 931 2655 993 in
2713 952 2985 1016 quorum
3038 927 3217 994 habi-

263 1028 695 1096 tationibus
751 1032 1031 1120 degunt.
1083 1031 1266 1097 Scire
1309 1033 1504 1097 etiam
1549 1030 1740 1114 debet
1780 1032 2129 1119 primarius
2172 1051 2440 1116 praeses
2480 1038 2545 1094 et
2585 1038 2861 1116 quatuor
2902 1029 3216 1114 magistri,

267 1130 710 1197 cuiusmodi
768 1132 960 1221 apud
1001 1154 1284 1219 quosque
1328 1132 1514 1220 pueri
1555 1143 1876 1213 maneant,
1919 1150 2125 1217 neque
2165 1130 2323 1216 pati,
2367 1137 2440 1193 ut
2464 1128 2805 1194 foveantur
2831 1125 3113 1215 improbi
3156 1136 3219 1191 et

273 1229 448 1293 mali
501 1240 582 1295 et
633 1242 1094 1298 contumaces
1136 1239 1202 1296 et
1243 1252 1284 1295 a
1326 1230 1558 1296 studiis
1607 1230 2045 1297 abhorrentes
2108 1228 2345 1315 Atque
2404 1227 2526 1292 hoc
2582 1229 2837 1293 nomine
2892 1228 2961 1291 in
3012 1227 3217 1313 inqui·
3268 1236 3302 1291 5

271 1328 460 1395 linos
527 1330 822 1397 sedulo
877 1342 942 1397 et
997 1339 1297 1396 accurate
1338 1331 1663 1418 inquirere
1708 1340 1774 1395 et
1823 1328 2047 1395 iubere
2088 1330 2624 1415 constituereque,
2681 1325 2853 1414 quod
2910 1327 3219 1413 optimum

280 1431 810 1497 rectissimum
853 1432 1244 1519 putaverint,
1287 1432 1380 1496 eis
1423 1452 1798 1497 concessum
1841 1438 1958 1494 est.

1593 1602 1733 1651 Lex
1769 1596 2025 1649 xxxn.

477 1714 568 1781 Si
620 1716 802 1802 quis
847 1714 1313 1803 discipulorum
1343 1713 1746 1779 contubernii
1787 1711 2189 1793 illiberalius,
2234 1710 2475 1795 durius,
2521 1712 2821 1776 iniustius
2864 1733 2935 1776 se
2976 1718 3214 1775 tracta-

294 1826 444 1879 tum
495 1816 987 1900 existimabit,
1031 1838 1110 1881 ea
1150 1814 1232 1879 de
1271 1836 1344 1879 re
1396 1812 1573 1900 apud
1625 1814 2006 1900 primarium
2060 1810 2428 1898 praesidem
2486 1814 2785 1898 primum,
2850 1810 3103 1925 deinde,
3160 1812 3217 1874 si
3241 1820 3305 1875 ιο

303 1916 406 1979 ita
453 1916 776 1981 omnino
829 1914 1149 1997 videatur,
1205 1912 1382 2000 apud
1435 1922 1749 1978 rectorem
1793 1933 2046 1999 quoque
2094 1912 2535 1977 universitatis
2580 1912 2882 1995 conqueri
2931 1912 3033 1975 ius
3092 1910 3221 1974 fas·

309 2036 446 2101 que
507 2024 705 2081 esto.
800 2012 1054 2095 Quibus
1111 2014 1169 2077 si
1225 2034 1487 2077 causam
1541 2034 1722 2077 suam
1781 2009 2115 2097 probavit,
2169 2010 2425 2076 illorum
2476 2011 2545 2075 in
2599 2019 2891 2076 autorem
2947 2010 3221 2075 iniuriae

315 2114 862 2181 animadversio
915 2114 1068 2196 erit3
1127 2114 1230 2179 sin
1269 2113 1501 2193 minus,
1543 2112 1926 2177 temerariae
1980 2114 2125 2198 ipse
2179 2108 2479 2198 querelae
2536 2132 2679 2175 eam
2736 2130 3011 2196 poenam
3067 2109 3223 2193 luet,

316 2236 400 2279 ac
415 2216 436 2257 ¹
483 2214 762 2301 postea
803 2214 1098 2302 querenti
1133 2210 1296 2277 fides
1334 2233 1465 2276 non
1507 2210 1842 2277 habeatur.

503 2313 638 2379 Ad
683 2304 1138 2402 praepositum
1176 2311 1322 2377 cibo
1365 2309 1738 2399 praebendo
1781 2322 1846 2375 et
1885 2307 2163 2375 famulos
2204 2307 2377 2374 illius
2421 2319 2487 2373 et
2526 2316 2729 2373 totam
2772 2309 3211 2375 oeconomiam
3234 2318 3319 2374 15*

326 2412 516 2501 quod
566 2416 848 2496 attinet,
891 2412 973 2477 de
1017 2411 1336 2477 sententia
1371 2411 1814 2477 universitatis
1850 2418 2111 2475 nostrae
2154 2429 2407 2494 quoque
2449 2417 2739 2495 tempore
2782 2409 3221 2474 constituetur.

328 2512 428 2576 Et
471 2498 820 2600 quicquid
863 2512 1274 2577 constitutum
1313 2511 1526 2592 fuerit,
1577 2509 1650 2575 id
1692 2532 1931 2590 omnes,
1983 2508 2070 2573 ad
2110 2531 2271 2597 quos
2314 2505 2679 2594 pertinebit,
2728 2530 2991 2573 servare
3031 2506 3221 2573 debe·

335 2610 525 2679 bunt.
623 2612 714 2678 Si
764 2611 922 2700 quid
971 2612 1138 2676 forte
1190 2612 1385 2675 etiam
1439 2608 1750 2674 acciderit
1805 2607 2365 2673 animadversione
2410 2606 2699 2691 dignum,
2759 2605 2841 2670 de
2883 2630 3009 2695 quo
3050 2606 3225 2673 facta

343 2710 604 2777 mentio
654 2734 798 2777 non
840 2720 955 2793 est,
1009 2709 1091 2773 de
1133 2732 1208 2774 eo
1249 2720 1523 2797 quatuor
1574 2709 1869 2794 magistri
1919 2718 1983 2773 et
2036 2718 2169 2772 tres
2212 2708 2339 2771 viri
2398 2705 2733 2793 praesides
2786 2716 2851 2770 et
2901 2708 3221 2794 imprimis

345 2822 573 2877 rector
619 2811 1080 2877 universitatis
1129 2818 1458 2897 tamquam
1509 2830 1666 2874 casu
1707 2830 1878 2874 novo
1933 2807 2002 2873 id
2044 2806 2286 2872 facient
2341 2807 2558 2871 statim
2602 2815 2665 2870 et
2720 2815 2949 2893 postea
2991 2828 3217 2872 consu·
3237 2816 3307 2872 20

353 2908 492 2975 lent
535 2919 752 2998 atque
793 2911 1205 2991 constituent,
1249 2909 1360 2996 qui
1401 2930 1521 2994 pro
1563 2931 1634 2973 re
1677 2930 1756 2973 ac
1795 2917 2087 2994 tempore
2140 2908 2451 2993 optimum
2496 2906 2710 2970 visum
2745 2904 2957 2970 fuerit.
3028 2904 3219 2986 Quod

355 3011 414 3073 si
456 3032 576 3075 res
621 3031 873 3097 magna
912 3009 1105 3075 fuerit
1131 3018 1196 3073 et
1235 3016 1542 3072 accurata
1569 3006 2035 3075 deliberatione
2064 3006 2435 3093 indiguerit,
2478 3003 2828 3071 decemviri
2869 3004 2957 3070 ad
2989 3028 3221 3091 cogno-

363 3108 696 3175 scendum
735 3118 802 3176 et
841 3106 1252 3175 statuendum
1295 3128 1338 3171 a
1376 3116 1629 3171 rectore
1671 3116 2125 3173 convocentur.

1599 3643 2065 3710 ANHANG.

389 3816 442 3874 1.
477 3827 870 3878 nncnn'run
907 3827 1094 3877 mo
1127 3827 1400 3878 cmus'n
1437 3827 1664 3876 imma
1704 3828 1940 3876 Pmmn
1985 3825 2343 3876 cummis
2371 3826 2637 3876 Amums
2680 3813 2805 3888 (31.
2829 3815 3014 3874 Mdv-z
3043 3815 3311 3888 1561)25

928 3927 1248 3976 nncronn
1291 3927 1564 3976 nomo
1605 3927 1986 3976 rmclsco
2030 3925 2347 3974 nmmo
2395 3927 2440 3972 1.
2476 3926 2545 3974 u.
2584 3909 2691 3974 D.²

551 4061 815 4149 Magnis
868 4071 933 4126 et
983 4060 1295 4148 gravibus
1339 4060 1420 4126 de
1463 4061 1676 4126 causis
1731 4069 1991 4148 praeter
2034 4081 2129 4144 ea,
2184 4082 2349 4146 quae
2405 4060 2709 4148 exposita
2762 4069 2929 4146 sunt,
2985 4059 3232 4148 placuit

397 4168 458 4224 et
493 4161 620 4228 hoc
663 4163 968 4227 constitui
1021 4171 1213 4250 atque
1256 4161 1516 4244 sanciri,
1569 4182 1652 4224 ne
1695 4161 1820 4244 cui,
1864 4157 2182 4225 conducta
2220 4158 2619 4226 habitatione
2656 4160 2726 4224 in
2770 4158 2893 4224 hoc
2938 4159 3225 4246 collegio,

399 4258 480 4324 ad
519 4284 590 4326 se
635 4282 749 4328 suo
787 4259 1057 4327 arbitrio
1099 4261 1410 4347 recipere,
1456 4281 1652 4348 quem·
1688 4259 1832 4346 ipse
1869 4259 2082 4341 vellet,
2123 4257 2335 4344 liceat,
2390 4259 2505 4325 sed
2546 4269 2621 4325 ut
2663 4259 3016 4326 conductor
3058 4257 3227 4324 indi-

401 4379 543 4424 care
583 4371 904 4444 teneatur,
942 4382 1131 4448 quem
1173 4381 1388 4425 secum
1425 4357 1668 4424 habere
1709 4357 1885 4441 velit,
1926 4380 2083 4424 suae
2123 4360 2406 4446 regionis
2451 4360 2753 4444 curatori,
2794 4361 2905 4424 uni
2948 4379 3033 4424 ex
3072 4381 3226 4446 qua-
3244 4367 3313 4424 30

401 4465 539 4524 tuor
576 4459 930 4546 magistris,
985 4469 1184 4548 utque
1227 4457 1400 4525 illius
1443 4480 1589 4524 cum
1633 4461 1956 4547 permissu
1999 4458 2259 4525 demum
2310 4459 2591 4525 retinere
2633 4460 2860 4546 possit.
2938 4457 3131 4540 Quod
3176 4459 3231 4524 si

403 4557 539 4642 quis
579 4557 870 4624 indicare
910 4557 1032 4625 hoc
1069 4557 1351 4626 noluerit
1388 4567 1502 4626 aut
1541 4567 1772 4624 contra
1812 4558 2209 4625 voluntatem
2250 4560 2548 4644 magistri
2588 4560 2909 4626 curatoris
2950 4559 3229 4647 aliquem

405 4655 467 4720 in
491 4655 955 4725 habitationem
986 4657 1370 4724 conductam
1409 4660 1727 4746 receperit
1769 4679 2069 4724 secumve
2110 4660 2464 4744 retinuerit,
2506 4647 2587 4744 is,
2628 4680 3045 4750 quaecunque
3072 4658 3231 4723 mul-

409 4763 506 4820 cta
547 4779 588 4822 a
628 4759 935 4846 primario
973 4758 1279 4850 praeside
1321 4768 1386 4824 et
1427 4758 1776 4823 curationis
1819 4757 2131 4844 magistro
2175 4759 2350 4825 dicta
2389 4759 2612 4842 fuerit,
2666 4758 2848 4824 iilam
2885 4757 3229 4846 persolvet,

411 4861 469 4918 et
504 4856 676 4944 quod
718 4855 800 4923 de
841 4880 939 4942 eo,
981 4879 1169 4946 quem
1211 4859 1304 4929 ita
1329 4880 1463 4924 suo
1509 4857 1777 4922 arbitrio
1819 4858 2158 4943 receperit,
2198 4858 2413 4924 facere
2453 4858 2523 4924 hi
2560 4860 2920 4941 iusserint³,
2974 4857 3046 4924 id
3089 4859 3228 4924 sine
3247 4866 3313 4924 35

411 4955 800 5022 recusatione
851 4956 1065 5022 faciet.
1102 5029 1110 5037 ,
1143 4957 1229 5022 Ni
1280 4956 1505 5022 fecerit
1514 5005 1533 5040 ,
1593 4954 1680 5021 ad
1733 4956 2207 5022 contumaciam
2262 4958 2456 5024 istam
2505 4957 2902 5045 puniendam
2956 4967 3019 5024 et
3060 4957 3223 5026 tales

417 5054 796 5121 coercendos
834 5054 1120 5143 legitime
1162 5055 1574 5144 procedatur.

535 5329 558 5380 1
585 5321 962 5382 Geschrieben
985 5322 1132 5379 steht
1152 5323 1280 5378 licet
1299 5331 1374 5380 at.
1426 5327 1458 5378 2
1493 5322 1595 5378 Bei
1615 5323 1794 5395 Vogel
1819 5339 1869 5378 a.
1895 5339 1944 5380 a.
1969 5322 2035 5379 O.
2060 5321 2267 5380 B1.494
2280 5328 2328 5380 b.
2364 5329 2397 5380 3
2422 5324 2797 5384 Geschrieben
2824 5325 2971 5382 steht
2988 5328 3231 5384 visor-int.
