4038 6358
1149 633 1337 683 Fiinste
1372 631 1895 692 Statntsnredactiom
1934 645 2056 681 vom
2093 630 2258 683 Jahn-0
2299 632 2442 684 1507.
3109 636 3230 702 499

342 810 657 879 illustris
701 813 1020 901 principis
1064 813 1248 879 ducis
1285 812 1556 901 Georgii
1607 814 2013 879 reformatio¹
2064 812 2436 879 huiusmodi
2479 814 2868 881 ordinationi
2912 818 3236 902 praestitit

344 914 812 978 occasionem.
853 912 991 978 Nec
1033 915 1330 1000 poenitus
1373 936 1546 979 nova
1585 912 1861 978 facultas
1904 915 2051 998 ipsa
2093 912 2269 977 cudit
2311 922 2568 996 statuta,
2615 915 2728 978 sed
2755 924 2980 979 vetera
3020 916 3234 1001 potius

340 1018 586 1097 (quae
625 1010 836 1078 solent
874 1011 1253 1099 plerumque
1282 1012 1492 1077 videri
1524 1021 1727 1087 nova)
1768 1012 2004 1098 partim
2051 1020 2474 1093 renovantur3
2519 1026 2582 1077 et
2623 1023 2693 1077 ut
2738 1012 3030 1078 debitae²
3070 1013 3230 1078 talia

344 1112 635 1195 possint
693 1111 1059 1177 executioni
1111 1110 1523 1195 demandari,
1586 1134 1704 1199 per
1760 1120 1939 1175 certa
1991 1132 2162 1175 nova
2220 1120 2465 1175 statuta
2515 1134 2646 1175 non
2703 1112 3236 1178 irrationabiliter

344 1214 487 1305 (ut
546 1212 831 1297 optimus
892 1210 1039 1275 finis
1099 1211 1250 1277 inde
1314 1220 1647 1299 sequatur)
1710 1208 2108 1299 providetur,
2174 1210 2349 1299 quod
2389 1212 2713 1296 ‘magistri
2776 1222 2842 1275 et
2907 1210 3234 1277 scholares
3286 1222 3318 1275 5

346 1311 595 1375 nostri
639 1312 965 1397 gymnasii
1007 1312 1076 1375 in
1115 1309 1425 1376 doctrinis
1482 1320 1547 1375 et
1599 1309 1959 1397 disciplinis
2005 1308 2408 1374 scholasticis
2457 1309 2768 1396 bonisque
2813 1311 3063 1376 artibus
3107 1334 3234 1376 me-

346 1406 506 1473 lius
550 1432 745 1495 quam
802 1412 986 1497 prius
1040 1410 1409 1497 proficiant,
1477 1412 1746 1497 quisque
1804 1411 2000 1473 etiam
2041 1411 2505 1494 magistrorum
2546 1411 2732 1472 iuxta
2789 1431 2938 1473 suos
2980 1409 3235 1475 labores

358 1508 659 1595 dignam
700 1510 978 1597 recipiat
1019 1508 1404 1591 mercedem,
1462 1508 1828 1573 scholastici
1880 1516 2029 1595 post
2070 1518 2408 1594 peractum
2451 1505 2740 1573 studium
2784 1519 2848 1573 et
2890 1512 3235 1595 promotio-

350 1630 501 1672 nes
556 1609 625 1672 in
677 1608 929 1673 artibus
982 1632 1127 1674 cum
1170 1607 1434 1689 honore,
1490 1618 1795 1691 tanquam
1845 1605 2228 1671 benemeriti
2282 1618 2346 1671 et
2400 1607 2697 1690 litterati,
2755 1610 3037 1696 patriam
3091 1631 3238 1695 pro-

354 1709 601 1793 priam
652 1716 949 1794 repetere
990 1708 1269 1773 valeant.
1355 1705 1637 1794 Quippe,
1691 1716 1763 1769 ut
1822 1706 2180 1792 aequalitas
2244 1707 2310 1769 in
2367 1708 2679 1793 praefatis
2734 1709 2991 1773 statutis
3048 1708 3238 1773 editis
3262 1717 3324 1773 10

356 1806 469 1871 ab
528 1830 915 1895 unoquoque
977 1816 1201 1893 aperte
1256 1816 1579 1889 cernatur,
1644 1805 1943 1889 magistri
2007 1804 2092 1869 de
2155 1805 2424 1871 consilio
2487 1805 2811 1872 facultatis
2871 1808 3106 1872 artium
3171 1829 3241 1872 se

356 1904 589 1993 ipsos,
644 1905 1187 1995 quemadmodum
1230 1916 1294 1971 et
1338 1916 1607 1988 ceteros,
1667 1905 1925 1970 statutis
1978 1906 2111 1969 suis
2170 1907 2478 1991 asstringi
2531 1906 2984 1992 decreverunt,
3040 1930 3238 1973 onera

362 2006 516 2072 sibi
566 2007 733 2093 ipsis
774 2008 1024 2071 maiora
1065 2028 1261 2093 quam
1302 2007 1485 2092 prius
1529 2026 1813 2090 unquam
1853 2006 2277 2090 imponentes.
2363 2006 2651 2071 Praefati
2695 2008 2893 2072 etiam
2935 2008 3231 2092 magistri

366 2126 509 2169 sua
564 2114 803 2171 stamta
842 2118 995 2171 tunc
1036 2106 1123 2171 ab
1164 2104 1460 2171 omnibus
1507 2102 1651 2168 aliis
1710 2102 1989 2167 subditis
2047 2102 2475 2169 custodienda
2527 2116 2594 2169 et
2647 2106 2972 2171 servanda
3022 2108 3243 2171 existi-

368 2215 599 2287 mant,
652 2206 914 2292 quando
959 2214 1023 2270 et
1062 2205 1193 2289 ipsi
1236 2204 1383 2269 aliis
1424 2203 1759 2289 magistris
1799 2211 1865 2267 et
1904 2202 2040 2267 suis
2085 2204 2444 2289 suppositis
2485 2204 2724 2269 bonum
2767 2205 3135 2292 exemplum
3179 2216 3243 2269 et
3267 2215 3327 2269 15

368 2314 637 2369 rectam
678 2305 859 2369 viam
909 2302 1227 2391 praebere
1282 2304 1601 2384 dicuntur,
1655 2323 1777 2367 nec
1830 2302 1899 2365 in
1952 2324 2021 2366 se
2076 2300 2388 2367 damnare
2443 2303 2648 2368 velint
2700 2304 2898 2389 legeS,
2955 2326 3118 2390 quas
3176 2308 3242 2369 in

374 2402 557 2469 alias
600 2403 727 2469 sibi
768 2403 1091 2469 subiectas
1128 2424 1441 2490 personas
1488 2403 1894 2468 constituere.

447 2575 505 2636 2.
550 2587 837 2649 QUANDO
877 2586 1198 2637 DECANUS
1236 2586 1469 2634 DEBET
1516 2583 1930 2633 GONVOCARE
1974 2584 2368 2633 MAGISTROS
2409 2587 2500 2633 ET
2544 2587 2818 2635 LEGERE
2865 2586 3186 2638 STATUTA

1189 2686 1419 2735 oms
1462 2684 1857 2733 MAGISTROS
1901 2682 2458 2734 CONCERNENTIA.

558 2802 867 2867 Decanus
916 2804 987 2867 in
1036 2803 1199 2868 festo
1256 2803 1465 2870 sancti
1506 2798 1773 2886 Aegidii
1810 2798 2138 2863 tenebitur
2181 2820 2540 2865 convocare
2581 2823 2802 2866 omnes
2845 2812 2910 2867 et
2951 2800 3241 2887 singulos
3259 2809 3328 2867 20

378 2903 743 2987 magistros
798 2902 881 2967 de
930 2900 1237 2967 facultate
1286 2904 1523 2966 artium
1579 2900 1665 2964 ad
1724 2897 2092 2985 eligendum
2147 2897 2422 2963 lectores
2483 2900 2811 2965 ordinarie
2867 2903 2936 2967 in
2997 2901 3246 2967 artibus

381 3000 679 3089 legentes
733 3002 919 3067 iuxta
978 3002 1399 3067 novissimam
1440 2998 1709 3064 illustris
1760 2999 1967 3063 nostri
2023 2998 2340 3085 principis
2395 2997 2577 3063 ducis
2621 2998 2892 3086 Georgii
2934 3000 3248 3065 reforma-

380 3105 655 3184 tionem,
698 3124 813 3167 seu
849 3102 1067 3165 verius
1113 3100 1600 3166 ordinationem.
1658 3099 1737 3163 In
1780 3096 2006 3163 eadem
2052 3100 2244 3163 etiam
2287 3098 2750 3163 convocatione
2792 3096 2988 3163 debet
3031 3099 3248 3186 legere

388 3209 669 3284 statuta,
730 3211 953 3266 omnes
1016 3202 1365 3287 magistros
1432 3221 1629 3286 super
1688 3197 1880 3264 modo
1938 3196 2228 3284 legendi,
2295 3198 2676 3282 exercendi,
2752 3199 3010 3286 publice
3073 3223 3248 3266 resu-

394 3299 647 3384 mendi,
685 3300 1111 3388 completione
1150 3300 1397 3365 biennii
1437 3309 1502 3364 et
1546 3299 1775 3363 ceteris
1812 3297 2069 3362 actibus
2109 3297 2510 3364 scholasticis
2551 3307 2743 3384 atque
2766 3296 2868 3385 [38
2883 3296 2934 3385 ¹³]
2956 3299 3246 3364 moribus
3266 3309 3334 3365 25

396 3401 873 3466 concernentia.
948 3400 1131 3466 Idem
1171 3399 1284 3464 fiet
1335 3400 1407 3464 in
1447 3398 1553 3463 die
1597 3397 1922 3483 Gregorii,
1982 3418 2057 3461 eo
2105 3396 2365 3484 dempto
2419 3397 2592 3485 quod
2643 3408 2800 3462 tunc
2853 3397 3078 3464 electio
3135 3420 3248 3463 seu

394 3497 737 3586 deputatio
776 3523 907 3565 non
924 3527 929 3534 ·
949 3498 1384 3566 celebrabitur
1427 3497 1737 3564 lectorum
1778 3498 1847 3561 in
1889 3497 2141 3562 artibus
2186 3497 2512 3562 ordinarie
2555 3497 2923 3583 legentium.

414 3686 472 3748 3.
535 3699 863 3747 TEMPORE
914 3697 1281 3748 LECTIOMS
1338 3696 1810 3746 STATUTORUM
1860 3697 2183 3746 IUNIORES
2241 3697 2568 3746 MAGISTRJ
2619 3698 2836 3746 IUXTA
2887 3697 3248 3758 ANTIQUAM

507 3797 1107 3847 CONSUETUDROEM-
1141 3798 1515 3846 'I'ENEN'I'UR
1560 3796 1897 3862 SOLVERE,
1940 3795 2208 3844 mvlsm
2251 3797 2505 3862 TAMEN,
2551 3796 2790 3844 DECEM
2834 3796 3155 3847 GROSSOS.

579 3929 823 4014 Placet,
864 3931 1038 4020 quod
1076 3930 1347 4020 quilibet
1386 3931 1843 4016 magistrorum
1885 3931 1953 3992 in
1994 3928 2277 4012 artibus,
2336 3929 2450 4018 qui
2497 3927 2778 3994 nondum
2837 3951 3020 3994 suum
3077 3953 3246 3996 com·
3266 3941 3334 3996 30

408 4030 613 4118 plevit
668 4030 997 4096 biennium
1054 4054 1168 4096 seu
1212 4032 1393 4118 prius
1433 4030 1620 4094 iuxta
1662 4029 1991 4114 antiquam
2037 4029 2562 4093 consuetudinem
2603 4029 2934 4112 magistris
2979 4026 3059 4092 de
3103 4052 3251 4094 con-

407 4129 555 4196 silio
607 4128 933 4195 facultatis
989 4129 1213 4196 decem
1256 4150 1519 4216 grossos
1562 4129 1812 4214 integre
1852 4150 1980 4193 non
2021 4128 2246 4211 solvit,
2295 4130 2362 4192 in
2416 4129 2546 4192 ista
2599 4128 3061 4192 convocatione
3111 4151 3244 4194 ma-

403 4231 759 4316 gistrorum
798 4251 909 4294 eos
948 4251 1291 4296 numerare
1331 4237 1397 4294 et
1438 4227 1687 4293 solvere
1729 4227 1921 4293 debet
1962 4249 2104 4293 esse
2147 4225 2504 4312 obligatus,
2547 4211 2804 4290 divisim
2846 4235 3065 4290 tamen
3081 4276 3098 4310 ,
3145 4229 3240 4293 sic

412 4327 592 4416 quod
646 4329 713 4392 in
762 4328 867 4393 die
908 4329 1173 4416 Aegidii
1232 4328 1447 4395 solvat
1504 4329 1785 4416 quinque
1842 4337 1905 4392 et
1958 4328 2030 4390 in
2090 4325 2196 4391 die
2239 4323 2542 4412 Gregorii
2601 4323 2906 4409 totidem,
2965 4324 3068 4390 vel
3125 4326 3251 4392 alio

406 4437 719 4515 tempore,
763 4451 889 4516 quo
928 4427 1305 4493 huiusmodi
1344 4428 1653 4493 lectorum
1695 4425 1919 4492 electio
1958 4425 2183 4508 fuerit,
2229 4424 2434 4490 donec
2474 4425 2725 4510 integre
2769 4446 2989 4489 omnes
3029 4425 3248 4492 decem
3267 4435 3334 4492 35

410 4527 762 4594 solvantur.
874 4527 1053 4607 Quos
1115 4529 1172 4592 si
1232 4529 1374 4613 quis
1439 4527 1896 4612 magistrorum
1960 4526 2306 4590 temerarie
2365 4522 2614 4589 solvere
2679 4526 3009 4588 rennuerit
3024 4575 3043 4609 ,
3103 4527 3252 4592 talis

409 4627 709 4714 reputari
766 4648 895 4691 non
952 4625 1147 4692 debet
1204 4626 1397 4692 abilis
1466 4637 1530 4692 et
1587 4625 1862 4690 idoneus
1919 4625 2242 4689 nominari
2299 4644 2414 4687 suo
2470 4631 2764 4709 tempore
2830 4622 2916 4690 ad
2971 4624 3251 4712 aliquam

412 4725 753 4794 lectionem
796 4723 1195 4792 ordinariam
1242 4727 1307 4789 in
1364 4723 1616 4790 artibus
1632 4772 1650 4808 ,
1716 4747 1836 4789 nec
1899 4723 2156 4789 admitti
2218 4721 2409 4787 debet
2473 4722 2699 4787 sedere
2764 4725 2833 4787 in
2895 4733 3068 4789 sorte
3131 4746 3251 4812 pro

414 4826 743 4892 exercicio
778 4823 1156 4912 recipiendo
1172 4873 1191 4907 ‚
1241 4825 1438 4889 etiam
1481 4847 1607 4912 quo
1656 4824 1741 4890 ad
1785 4825 1979 4889 istum
2021 4823 2301 4887 medium
2343 4843 2582 4886 annum
2639 4844 2758 4908 pro
2798 4830 2948 4888 actu
2987 4833 3250 4909 regente

408 4927 675 4992 minime
716 4925 1053 4992 habeatur.
3264 4933 3331 4987 40

589 5131 611 5181 1
652 5123 865 5182 Hieumit
897 5124 971 5179 ist
1001 5123 1091 5180 die
1124 5121 1507 5179 Reformation
1541 5140 1651 5179 von
1690 5074 1817 5178 15o2
1852 5122 2109 5195 gemeint,
2144 5120 2248 5174 wie
2279 5119 2398 5174 sich
2433 5135 2533 5175 aus
2568 5125 2599 5188 5
2636 5127 2667 5178 2
2701 5120 3251 5191 unwiderspreehlich

410 5209 797 5352 0¹8⁸}OEoe
838 5292 1049 5350 debite!
2791 5381 2870 5445 32
2893 5381 2916 5408 θ
