4038 6358
1176 641 1364 697 Fausto
1401 644 1926 705 Statuteuredactiom
1972 655 2099 694 vom
2131 644 2297 695 Jahre
2340 644 2483 696 1507.
3136 641 3255 708 495

382 841 606 908 quam
666 846 788 911 pro
845 827 1240 911 magisterio,
1300 828 1418 894 sub
1480 849 1595 893 suo
1649 826 2041 892 iuramento¹
2102 847 2393 891 asserere
2452 823 2647 889 debet
2699 846 2842 888 esse
2899 823 3257 906 asstrictus,

386 922 586 1005 quod
627 923 813 1000 iuxta
853 924 1182 991 facultatis
1226 930 1460 992 artium
1504 934 1744 992 statuta
1784 928 2055 1010 triginta
2097 923 2641 1013 disputationibus
2672 923 3019 988 ordinariis
3054 923 3256 1008 magi-

389 1031 692 1087 strorum
735 1032 800 1087 et
839 1025 1108 1090 totidem
1156 1027 1692 1108 baccalariorum,
1751 1027 1943 1089 etiam
1988 1024 2357 1107 ordinariis,
2414 1024 2641 1089 diebus
2687 1022 3026 1088 dominicis
3064 1023 3257 1088 inter·

385 1121 551 1203 fuit,
597 1129 730 1186 tam
774 1122 886 1187 diu
927 1123 1020 1188 ibi
1064 1127 1403 1209 manendo,
1448 1126 1654 1191 donec
1697 1124 1783 1190 ad
1828 1127 2042 1188 minus
2085 1126 2365 1211 quinque
2408 1126 2705 1210 magistri
2748 1144 2864 1187 seu
2908 1121 3262 1187 baccalarii

388 1220 774 1303 arguerint,
838 1224 894 1286 si
951 1223 1178 1289 saltem
1234 1235 1331 1290 tot
1386 1234 1763 1313 praesentes
1818 1225 2071 1288 fuerint.
2156 1223 2334 1290 Idem
2390 1224 2606 1288 facere
2660 1231 2955 1286 tenentur
3008 1244 3261 1308 promo·
3311 1231 3344 1286 5

399 1318 610 1383 vendi
654 1341 782 1406 quo
826 1321 912 1386 ad
957 1346 1110 1388 suas
1152 1327 1626 1412 responsioneS,
1671 1324 1832 1409 ipsis
1873 1324 2206 1408 magistris
2250 1333 2314 1387 et
2354 1321 2741 1387 baccalariis
2786 1322 2974 1385 iuxta
3019 1331 3260 1385 statuta

395 1417 554 1482 fieri
599 1429 957 1503 consuetae,
1017 1425 1369 1511 praecipue
1415 1424 1673 1511 quando
1711 1423 2186 1507 recognitiones
2228 1424 2708 1507 magistrorum,
2769 1419 2999 1507 quibus
3044 1419 3265 1484 dicunt

399 1539 484 1581 se
522 1520 961 1606 respondisse,
1002 1534 1270 1611 propter
1315 1523 1675 1588 absentiam
1718 1521 2066 1588 eorundem
2110 1520 2350 1585 habere
2393 1543 2519 1585 non
2564 1519 2841 1601 valeant,
2888 1543 3082 1607 super
3125 1520 3261 1607 qui-

395 1614 533 1680 bus
592 1617 873 1684 decanus
927 1631 1220 1709 tempore
1277 1622 1779 1710 dispensationis
1833 1642 2351 1706 unumquemque
2408 1619 2918 1706 promovendum
2976 1643 3262 1685 seorsum

396 1717 745 1802 requirere
790 1718 1000 1802 debet,
1044 1722 1503 1809 interrogando
1548 1721 1631 1787 ab
1674 1744 1770 1801 e0,
1813 1742 1897 1784 an
1939 1729 2032 1783 tot
2072 1718 2637 1805 disputationibuS,
2685 1720 2852 1783 sicut
2894 1741 2977 1783 ex
3021 1729 3261 1784 statuto
3285 1730 3347 1784 10

405 1824 692 1896 tenetur,
739 1818 1086 1885 ordinariis
1129 1824 1589 1908 magistrorum
1633 1833 1697 1885 et
1736 1818 2254 1885 baccalariorum
2295 1820 2601 1901 interfuit,
2665 1818 2783 1884 sub
2828 1818 3044 1882 debito
3088 1820 3257 1882 iura—

405 1917 614 1980 menti
662 1920 984 2003 praestiti,
1039 1921 1210 2005 quod
1248 1924 1584 1987 iuraverat
1627 1920 1707 1985 de
1747 1920 2165 1986 observantia
2208 1929 2609 1984 statutorum.
2693 1918 2764 1983 Si
2808 1940 2963 1982 vero
3007 1916 3264 2002 aliquod

406 2018 901 2101 suppositorum
947 2041 1061 2084 seu
1111 2022 1696 2107 promovendorum
1739 2019 2111 2084 huiusmodi
2164 2019 2593 2083 iuramentum
2640 2018 3040 2082 recusaverit
3081 2039 3267 2104 prae-

416 2122 618 2197 stare,
664 2118 747 2180 sit
786 2120 933 2203 ipso
975 2118 1148 2184 facto
1189 2120 1561 2207 impeditus.

595 2286 683 2347 16.
728 2300 1076 2360 QUOTIENS
1117 2304 1534 2352 BACCALARII
1577 2303 1829 2350 DIEBUS
1872 2300 2232 2350 Dofflmcls
2275 2299 2697 2348 TENEANTUR
2740 2299 3121 2348 ORDLNARIE
3293 2291 3354 2346 15

1668 2401 2018 2450 ARGUISSE.

589 2514 819 2580 Nullus
864 2515 1377 2583 baccalariorum
1422 2517 1614 2583 debet
1655 2517 1912 2581 admitti
1955 2515 2041 2580 ad
2080 2525 2473 2602 temptamen
2517 2537 2636 2601 pro
2660 2515 2869 2601 gradu
2892 2517 3270 2603 magisterii,

417 2617 547 2681 nisi
584 2617 653 2680 in
694 2617 1123 2681 conscientia'2
1170 2639 1288 2682 sua
1332 2617 1526 2699 dicat,
1571 2616 1741 2703 quod
1787 2618 1967 2703 prius
2010 2617 2077 2679 in
2116 2616 2387 2699 triginta
2423 2614 2972 2701 disputationibus
3015 2616 3270 2681 ordina·

417 2716 536 2779 riis
581 2714 1097 2800 baccalariorum
1141 2716 1476 2802 arguebat,
1520 2718 1577 2779 si
1622 2715 1835 2780 locum
1872 2713 2190 2800 arguendi
2234 2713 2472 2779 habere
2513 2724 2790 2800 poterat.

471 2887 562 2946 17.
610 2877 729 2966 [Bl.
767 2877 911 2967 36⁸]
958 2899 1052 2945 DE
1097 2899 1564 2948 APPAmrmNE
1605 2899 2257 2948 MAGISTRANDORUM
2298 2899 2368 2945 m
2413 2897 2702 2945 scAMms
2746 2898 2874 2946 sus
2920 2898 3244 2948 DISPUTA-
3290 2892 3359 2947 20

1528 3000 1739 3048 'moun
1788 2999 2191 3047 ORDmAmA.

591 3110 881 3193 Quilibet
932 3111 1451 3181 baccalariorum
1493 3116 1559 3178 in
1603 3115 1855 3181 artibus
1897 3113 2123 3179 volens
2168 3114 2557 3201 promoveri,
2616 3136 2733 3200 pro
2787 3113 3028 3177 honore
3081 3113 3277 3178 facul·

427 3213 580 3275 tatis
644 3214 879 3276 artium
940 3215 1008 3277 in
1075 3213 1296 3278 decem
1362 3214 1911 3301 disputationibus
1971 3213 2342 3296 ordinariiS,
2400 3215 2468 3278 in
2530 3212 2758 3277 babitu
2819 3214 3072 3299 integro
3132 3225 3284 3279 ante

429 3313 831 3397 apertionem
885 3314 1354 3398 temptaminis,
1422 3337 1463 3378 a
1518 3315 1844 3401 principio
1902 3315 2089 3378 tercii
2143 3314 2564 3400 zophismatis
2618 3334 2950 3399 quousque
3003 3315 3283 3399 quinque

431 3413 728 3497 magistri
769 3411 1153 3497 arguebant,
1195 3424 1275 3494 et,
1320 3435 1401 3477 ne
1440 3413 1906 3499 respondentes
1952 3413 2275 3495 deficiant,
2321 3422 2590 3498 paratus
2633 3412 2718 3476 ad
2760 3411 3364 3496 respondendum25

431 3511 516 3576 ad
564 3534 1033 3599 quamcumque
1093 3519 1348 3598 partem
1393 3522 1644 3576 tenetur
1688 3534 2086 3600 comparere,
2140 3511 2260 3576 sub
2305 3534 2518 3598 poena
2558 3533 2690 3574 non
2740 3509 3152 3576 admissionis
3198 3511 3285 3575 ad

430 3620 826 3697 temptamen
871 3633 986 3676 suo
1030 3621 1339 3697 tempore.

994 3782 1086 3846 18.
1142 3795 1237 3842 DE
1281 3795 1559 3843 AETATE
1602 3795 1694 3845 ET
1740 3794 2045 3842 MORIBUS
2088 3792 2737 3841 PROMOVENDORUM.

596 3907 824 3974 Nullus
877 3909 1253 3975 admittatur
1297 3910 1383 3974 ad
1435 3933 1709 3974 examen
1759 3931 1876 3996 pro
1919 3909 2132 3995 gradu
2173 3907 2651 3973 baccalariatus
2708 3910 2776 3973 in
2834 3908 3104 3991 artibus,
3160 3911 3285 3975 nisi

433 4010 725 4095 attigerit
787 4031 1025 4073 annum
1090 4009 1408 4074 decimum
1475 4011 1850 4096 septimum,
1932 4031 2055 4073 nec
2131 4031 2251 4095 pro
2314 4009 2723 4093 magisteriO,
2801 4010 2928 4074 nisi
2997 4010 3287 4095 attigerit
3302 4018 3371 4074 30

433 4132 674 4189 annum
719 4109 1094 4173 vicesimum
1150 4110 1452 4194 primum,
1510 4120 1575 4173 et
1617 4108 1699 4173 de
1751 4108 2070 4195 legittimo
2125 4110 2535 4175 matrimonio
2591 4120 2782 4174 natus
2840 4112 2942 4193 sit,
2999 4119 3083 4175 et
3118 4109 3285 4174 alias

432 4206 721 4273 moribus
764 4207 1295 4272 commendabilis
1337 4211 1600 4289 existat,
1644 4208 1738 4272 sic
1779 4207 1952 4295 quod
1995 4208 2064 4271 in
2104 4206 2279 4273 nullo
2309 4231 2582 4273 excessu
2617 4209 2890 4275 notabili
2930 4221 2994 4276 et
3030 4211 3285 4275 notorio

435 4306 878 4394 deprehensus
920 4308 1135 4390 fuerit,
1193 4306 1368 4394 quod
1412 4307 1493 4371 de
1537 4307 1824 4394 quolibet
1866 4329 2177 4389 seorsum,
2236 4306 2482 4373 scilicet
2537 4308 2619 4373 de
2673 4320 2886 4375 aetate
2940 4319 3004 4374 et
3053 4308 3288 4395 legitti-

433 4408 681 4488 mitate,
742 4416 892 4471 ante
944 4407 1404 4472 admissionem
1452 4406 1540 4472 ad
1586 4428 1862 4472 examen
1902 4405 2008 4471 vel
2042 4417 2445 4495 ‘temptamen
2488 4431 2605 4496 per
2650 4410 2963 4475 decanum
3005 4409 3287 4493 inquira-

433 4515 539 4571 tur
586 4505 948 4592 diligenter.
1029 4505 1212 4587 Quos
1257 4506 1451 4571 etiam
1494 4516 1558 4571 et
1599 4506 1967 4594 quemlibet,
2010 4508 2078 4570 in
2122 4507 2362 4594 alique,
2406 4517 2477 4572 ut
2517 4509 2972 4594 praemittitur,
3016 4529 3288 4572 excessu
3306 4514 3374 4571 35

434 4604 709 4671 notabili
749 4605 1001 4670 notorio
1046 4604 1459 4691 culpabilem,
1515 4606 1784 4695 quilibet
1833 4607 2323 4691 magistrorum¹
2357 4607 2567 4671 sciens
2609 4606 3036 4671 denuncciare
3076 4614 3293 4693 potest

437 4715 502 4768 et
559 4714 831 4787 tenetur,
887 4727 1007 4769 nec
1066 4707 1264 4770 etiam
1321 4707 1389 4770 in
1443 4715 1772 4792 posterum
1828 4705 1976 4769 talis
2026 4704 2425 4787 admittatur,
2482 4706 2609 4768 nisi
2661 4705 2823 4770 adeo
2878 4704 3292 4771 laudabiliter

440 4813 507 4869 et
541 4805 828 4869 virtuose
874 4826 943 4868 se
981 4806 1254 4887 rexerit,
1312 4803 1484 4891 quod
1529 4826 1612 4867 ex
1654 4812 1988 4868 transacta
2030 4806 2321 4868 virtuosa
2370 4805 2511 4868 eius
2556 4805 2695 4869 vita
2744 4804 2824 4869 de
2876 4804 3291 4890 subsequenti

450 4904 944 4969 conversatione
1007 4905 1215 4991 ipsius
1276 4901 1590 4968 laudabili
1653 4913 2125 4989 praesumatur.
2208 4902 2298 4968 Et
2357 4902 2552 4969 talem
2618 4926 2957 4968 excessum
3017 4903 3292 4970 facultas

440 5003 679 5067 artium
721 5010 980 5089 reputat
1024 5002 1374 5068 notabilem
1429 5007 1499 5067 et
1537 5005 1880 5086 notorium,
1942 5002 2025 5067 de
2083 5025 2208 5089 quo
2265 5025 2382 5089 per
2438 5013 2759 5069 rectorem
2816 5013 2880 5067 et
2934 5015 3380 5070 assessoresw

618 5240 635 5288 l
679 5236 786 5289 Am
825 5234 1042 5289 Raude:
1088 5235 1380 5304 Obliqacio
1415 5237 1839 5291 aeramentorum
1872 5243 1952 5291 est
1981 5235 2201 5289 sublata
2243 5241 2371 5292 1520
2405 5202 2619 5291 dec-reto
2639 5236 2961 5309 facultatis.

611 5323 642 5373 2
677 5319 784 5373 Am
824 5319 1049 5374 Raude:
1094 5320 1255 5376 Haec
1288 5338 1498 5391 quoque
1534 5320 1812 5389 obliqacio
1847 5321 2082 5374 sublata.
