4038 6358
769 563 892 631 282
1593 640 1603 648 ⁸
1917 566 2030 618 Das
2063 565 2468 632 Frauencolleg.

772 754 1079 834 quantum
1133 745 1203 810 in
1263 743 1378 811 illa
1436 744 1631 812 etiam
1690 748 1864 814 tenui
1924 719 2305 814 fundatione
2363 770 2485 835 pro
2542 770 2671 813 uno
2728 745 2980 833 collega
3046 746 3453 832 deputatum
3521 737 3675 805 fuit.

771 845 861 910 Et
916 865 1082 931 quae
1135 843 1444 932 deinceps
1496 847 1895 913 incrementa
1949 847 2296 934 collegium
2354 848 2636 934 accepit,
2692 868 2772 910 ea
2823 846 3043 911 omnia
3087 867 3130 910 a
3172 843 3446 910 Silesiis
3513 850 3676 904 sunt

769 944 1075 1031 profecta.

934 1075 1150 1141 XXII.
1214 1075 1503 1163 Collega,
1548 1078 1660 1163 qui
1705 1085 2106 1164 postremum
2149 1075 2370 1145 locum
2405 1078 2688 1161 obtinet,
2733 1098 2992 1163 semper
3036 1076 3358 1141 curatoris
3405 1093 3673 1140 munus

688 1185 722 1242 5
774 1176 1104 1257 sustineat,
1168 1177 1432 1263 eiusque
1475 1176 1675 1244 officii
1716 1178 1841 1242 erit
1884 1176 2199 1264 expedire
2241 1180 2525 1264 negotia,
2585 1201 2626 1243 a
2665 1176 3040 1264 praeposito
3084 1173 3212 1240 sibi
3265 1174 3671 1253 commissa,

773 1283 837 1338 et
878 1295 1127 1357 curare,
1182 1283 1254 1339 ut
1309 1278 1627 1341 serotinae
1669 1264 2144 1363 disputationes
2196 1275 2640 1359 celebrentur,
2673 1277 2960 1362 dareque
3009 1296 3296 1360 operam,
3350 1295 3441 1338 ne
3493 1268 3672 1359 quid

709 1394 717 1412 ·
774 1370 1113 1439 turbarum
1154 1371 1239 1437 ab
1281 1373 1615 1462 inquilinis
1659 1378 1997 1441 excitetur.
2078 1375 2168 1440 Et
2210 1377 2268 1441 si
2310 1376 2465 1464 quid
2509 1377 2921 1442 commissum
2976 1374 3199 1454 fuerit,
3254 1372 3668 1460 praeposito

774 1471 1018 1537 indicet
1059 1481 1253 1558 atque
1293 1475 1489 1539 etiam
1530 1473 1653 1539 hoc
1699 1473 1950 1556 efficiet,
1986 1470 2116 1562 [18]
2149 1484 2223 1539 ut
2262 1473 2418 1540 boni
2461 1485 2526 1541 et
2567 1474 2842 1540 modesti
2881 1472 3202 1557 inquilini,
3246 1493 3377 1537 non
3415 1481 3668 1536 tamen

773 1571 914 1636 sine
961 1572 1319 1657 praepositi
1362 1594 1698 1656 consensu,
1752 1574 2181 1659 recipiantur,
2241 1595 2451 1660 neque
2491 1571 2660 1639 ullus
2700 1572 3104 1652 admittatur,
3153 1570 3264 1656 qui
3317 1569 3664 1635 adversus

700 1679 761 1734 10
778 1669 1055 1756 aliquem
1100 1668 1508 1754 collegiatam
1556 1670 1945 1736 simultatem
1986 1672 2139 1754 alat,
2192 1680 2305 1737 aut
2345 1671 2508 1736 alias
2542 1672 2845 1737 videatur
2887 1670 3086 1737 alicui
3125 1667 3436 1735 molestus
3483 1669 3662 1733 fore.

779 1767 1084 1850 Quolibet
1133 1769 1327 1833 etiam
1383 1771 1677 1836 semestri
1721 1769 1991 1855 collegio
2048 1771 2131 1837 de
2181 1771 2471 1857 acceptis
2528 1770 2829 1837 censibus
2880 1769 3138 1836 fidelem
3196 1777 3262 1833 et
3313 1776 3659 1848 exactam,

776 1889 932 1932 mox
973 1866 1174 1931 finitis
1216 1866 1397 1932 feriis
1437 1867 1893 1950 nundinarum,
1935 1869 2171 1935 reddat
2212 1871 2547 1935 rationem.
2672 1924 2684 1930 -

948 1997 1022 2063 Si
1063 2019 1219 2063 vero
1260 1999 1429 2064 hunc
1468 2011 1814 2066 uxoratum
1854 2023 1997 2067 esse
2040 2003 2406 2088 contigerit,
2449 2009 2589 2066 tum
2629 2001 2947 2067 curatoris
2990 2019 3224 2065 munus
3267 2020 3390 2087 per
3435 1998 3647 2064 alium

781 2095 1114 2182 collegam,
1158 2100 1270 2185 qui
1311 2097 1654 2185 collegium
1692 2100 1933 2184 incolit,
1973 2100 2302 2198 expediat.

704 2256 762 2311 15
2027 2250 2177 2334 Θεῷ
2220 2242 2404 2329 δόξα.

960 2450 1086 2509 Von
1129 2451 1409 2524 anderer,
1452 2453 1598 2511 doch
1642 2453 1796 2511 wohl
1834 2454 1983 2513 noch
2016 2452 2470 2545 qleichzeitiyer,
2509 2454 2706 2513 Hand
2742 2454 3217 2530 nachqetrayen:
3279 2487 3286 2492 ·

1006 2664 1380 2713 STATUTUM
1418 2623 1729 2713 NOVI'l'ER
1773 2664 2157 2729 CONDITUM,
2199 2665 2401 2714 cums
2445 2666 2517 2713 m
2557 2647 2968 2713 mRLfflBNTO
3006 2663 3421 2713 PRAEPOSI'PI

1930 2779 2200 2830 MENTIO
2243 2779 2488 2830 FACTA.

950 2915 1186 2993 Claves
1238 2927 1383 2993 fisci
1442 2921 1571 2993 sint
1623 2951 1822 3015 penes
1872 2929 2318 3016 praepositum
2349 2940 2441 3002 ⁴et
2493 2929 2832 3011 seniorem,
2882 2927 2989 2993 vel
3045 2928 3100 2993 si
3156 2929 3374 2993 senior
3427 2927 3626 2993 officio

701 3036 770 3091 20
790 3028 1148 3114 praepositi
1191 3027 1501 3114 fungitur,
1543 3050 1744 3115 penes
1790 3028 2126 3114 collegam,
2182 3029 2289 3116 qui
2335 3027 2626 3114 sequitur
2671 3028 3005 3093 seniorem.
3091 3027 3163 3093 Si
3207 3025 3418 3113 sigillo
3458 3037 3624 3091 uten-

787 3126 960 3209 dum,
1016 3126 1085 3191 id
1128 3126 1243 3192 fiat
1284 3129 1352 3192 in
1396 3128 1768 3216 praesentia
1822 3128 2180 3215 praepositi
2242 3137 2309 3193 et
2360 3126 2676 3212 clavigeri
2731 3125 2926 3192 modo
2971 3125 3149 3192 dicti.
3217 3125 3624 3207 ⁴Quittantiae

666 3286 671 3291 .
787 3225 1127 3311 sigillatae,
1171 3249 1449 3311 quarum
1485 3229 1818 3294 annotatio
1857 3229 1926 3292 in
1966 3226 2124 3292 fisco
2165 3226 2504 3308 habeatur,
2563 3226 2618 3290 si
2664 3247 2705 3289 a
2746 3224 3144 3291 debitoribus
3187 3225 3364 3290 haud
3404 3226 3626 3290 fuerint

789 3324 1140 3407 redemtae‚
1194 3328 1570 3412 praeposito
1616 3328 1911 3415 sequenti
1954 3327 2319 3410 tradantur,
2365 3335 2431 3390 et
2474 3325 2732 3390 omnino
2772 3324 3094 3407 videatur,
3147 3347 3230 3389 ne
3273 3323 3467 3410 sigilli
3506 3322 3622 3388 col-

788 3423 942 3510 legii
986 3424 1228 3490 abusus
1270 3424 1507 3512 aliquis
1550 3426 2007 3491 committatur.

701 3631 767 3687 25
950 3626 1194 3686 Hieran
1249 3627 1518 3687 schliesst
1573 3626 1698 3687 sich
1751 3628 1878 3687 eine
1936 3629 2386 3706 nacktrc'iqliche
2440 3628 2619 3686 Notiz
2679 3645 2794 3685 von
2850 3627 2959 3685 der
3009 3625 3207 3685 Hand
3262 3628 3366 3684 des
3425 3624 3625 3684 Christ.

788 3725 1120 3785 Pressius
1164 3728 1276 3785 aas
1318 3728 1447 3786 aem
1485 3714 1680 3786 Janre
1729 3730 1905 3807 1633,
1956 3730 2233 3788 «zamach
2280 3726 2339 3791 S.
2394 3730 2466 3791 19
2523 3727 2650 3785 eine
2691 3725 3001 3800 Αῡροήηγι
3044 3726 3147 3783 aes
3202 3722 3625 3787 Iuramentum

789 3824 1075 3908 cooptati
1127 3823 1195 3886 in
1237 3820 1580 3907 collegium
1633 3832 1699 3899 (ε.
1741 3822 1833 3900 6.).
1916 3828 2043 3886 Von
2086 3826 2146 3888 S.
2190 3829 2263 3889 21
2314 3847 2396 3886 an
2438 3825 3012 3903 Zusatzbeschlt'isse,
3067 3823 3254 3883 deren
3297 3833 3489 3882 erster
3527 3843 3627 3881 aus

788 3926 917 3983 dem
956 3925 1151 3984 Jahre
1198 3927 1353 3989 1606
1397 3926 1490 3985 ist.
