4038 6358
834 611 957 676 208
1978 602 2089 653 Das
2125 616 2311 665 grosse
2347 601 2554 666 Colleg.

838 789 1064 854 vivant
1105 784 1352 851 habere
1393 807 1522 850 non
1566 793 1884 871 potentes,
1924 807 2008 849 ex
2045 783 2222 850 dicta
2263 783 2527 849 civitate
2566 781 2703 866 vel,
2748 782 2804 848 si
2845 781 3076 848 haberi
3119 802 3251 848 non
3290 781 3596 870 possint,
3639 802 3722 846 ex

840 888 1223 975 episcopatu
1265 883 1593 950 Colmensi
1652 882 1938 966 oriundi,
1998 884 2110 972 qui
2167 885 2236 948 in
2292 880 2563 968 collegio
2617 881 2856 971 aliquo,
2912 890 2976 946 et
3028 903 3158 947 non
3211 880 3400 965 alibi,
3467 889 3721 946 stantes

842 984 1112 1067 artibus,
1163 993 1230 1049 et
1269 1006 1401 1049 non
1444 982 1632 1048 alteri
1674 982 1991 1065 facultati,
2045 1004 2315 1071 operam
2359 980 2638 1046 dabunt:
2699 1003 2855 1068 ergo
2900 980 3141 1068 singuli
3188 1004 3307 1069 per
3351 982 3718 1069 quinquen-

837 1088 1036 1169 nium,
1099 1081 1272 1149 filius
1330 1093 1545 1148 tamen
1601 1084 1842 1148 sororis
1901 1105 2061 1148 suae
2112 1087 2168 1147 si
2224 1083 2535 1163 mittatur,
2603 1086 2673 1147 12
2713 1081 2902 1146 annis
2956 1088 3021 1146 et
3060 1081 3234 1146 ultra
3277 1091 3458 1146 stare
3505 1089 3724 1167 potest

755 1197 788 1251 5
842 1196 962 1251 etc.
1050 1182 1231 1265 Quos
1276 1191 1340 1246 et
1383 1181 1705 1268 obligatos
1747 1204 1890 1246 esse
1932 1181 2136 1247 voluit
2174 1190 2447 1246 testator
2495 1178 2581 1245 ad
2624 1179 2974 1246 dicendum
3018 1178 3335 1268 quottidie
3382 1178 3720 1268 psalmum

839 1281 1367 1372 poenitentialem
1415 1274 1755 1347 ‘Miserere
1813 1283 1961 1364 mei,
2016 1272 2217 1363 deus',
2278 1291 2341 1345 et
2384 1288 2574 1346 sexta
2626 1280 2791 1346 feria
2843 1302 3074 1346 versus
3130 1279 3597 1347 defunctorum
3640 1300 3720 1343 ac

840 1381 1158 1449 sabbatho
1211 1379 1561 1447 eorundem
1620 1379 1902 1466 vigilias.
1991 1378 2187 1461 Quod
2240 1380 2297 1444 si
2347 1379 2494 1466 quis
2551 1379 2783 1445 talium
2837 1380 3182 1444 missorum
3242 1378 3600 1446 inhoneste
3658 1387 3718 1443 et

836 1479 1240 1568 negligenter
1304 1503 1373 1546 se
1433 1478 1745 1545 habuerit
1797 1480 2208 1566 monitusque
2262 1476 2366 1544 bis
2424 1487 2536 1542 aut
2595 1479 2799 1544 tercio
2864 1477 3213 1544 emendare
3264 1501 3336 1543 se
3392 1479 3717 1560 omiserit,

841 1579 1068 1668 repelli
1127 1578 1322 1646 debet
1373 1588 1437 1644 et
1490 1577 1657 1644 alius
1708 1580 1775 1644 in
1834 1577 2044 1644 locum
2101 1580 2240 1642 eius
2304 1578 2688 1665 quantocius
2744 1578 3113 1663 surrogari3
3171 1577 3470 1643 similiter
3531 1587 3621 1660 et,
3663 1578 3716 1642 si

762 1692 825 1747 10
843 1682 988 1769 quis
1051 1691 1200 1744 ante
1250 1677 1444 1743 finem
1503 1679 1793 1743 stanciae
1849 1700 2005 1742 suae
2062 1686 2289 1764 sponte
2332 1678 2705 1759 recesserit,
2765 1678 3188 1742 commonitus
3243 1687 3463 1742 tamen
3525 1677 3715 1764 prius

842 1803 960 1868 per
999 1778 1272 1860 litteras,
1317 1800 1357 1841 a
1404 1778 1778 1864 praeposito
1838 1786 1903 1841 et
1959 1776 2232 1862 collegio
2284 1774 2633 1841 mittendas
2689 1774 2949 1843 domino
3002 1774 3282 1864 plebano
3326 1786 3392 1841 et
3432 1774 3714 1842 consuli·

839 1880 962 1945 bus
1026 1875 1419 1965 supradictis
1482 1873 1989 1959 Thornensibus,
2057 1877 2164 1963 qui
2227 1885 2291 1940 et
2353 1874 2433 1940 de
2498 1873 2626 1940 alio
2692 1875 2880 1940 iuxta
2945 1874 3287 1962 praedicta
3353 1873 3712 1962 providere

836 1978 1099 2045 habent.

1004 2075 1096 2141 Et
1134 2073 1508 2156 notandum,
1566 2073 1741 2159 quod
1785 2075 2012 2161 pocius
2066 2072 2146 2138 de
2200 2072 2326 2139 sibi
2378 2071 2864 2161 quomodolibet
2918 2074 3154 2138 iunctis
3208 2075 3378 2139 mitti
3433 2081 3713 2139 testator

765 2191 828 2245 15
846 2177 986 2243 vult
1050 2196 1243 2261 quam
1304 2172 1488 2256 alios,
1552 2173 1819 2259 insuper
1882 2171 2056 2259 quod
2112 2171 2602 2259 expedicionem
2663 2171 3147 2259 praedictorum
3208 2172 3586 2238 studentum
3649 2180 3712 2234 et

846 2274 1200 2365 puellarum
1244 2271 1609 2356 aliquarum
1653 2272 1882 2358 nuptui
1925 2272 1992 2335 in
2033 2273 2250 2359 patria
2293 2294 2412 2336 sua
2452 2270 2919 2336 tradendarum
2961 2271 3066 2336 vel
3108 2270 3710 2337 monachandarum

838 2380 982 2464 ipse
1022 2381 1290 2438 testator
1333 2371 1403 2434 in
1448 2372 1617 2435 serie
1660 2372 2031 2435 testamenti
2073 2372 2443 2458 proposuit,
2489 2370 2661 2435 unde
2706 2379 2769 2435 et
2814 2369 3269 2458 principaliter
3314 2370 3562 2435 dictum
3607 2366 3703 2446 (ἲ)

839 2472 1135 2560 expediri
1190 2469 1447 2552 debere,
1507 2471 1712 2536 eciam
1771 2470 1826 2534 si
1881 2492 2011 2535 non
2068 2480 2204 2536 tota
2261 2472 2538 2536 fortasse
2582 2468 2776 2535 cadat
2828 2471 3126 2557 pecunia,
3182 2471 3451 2536 affectus
3507 2468 3706 2533 fuisse

835 2573 1107 2638 videtur.

700 2701 713 2708 ·
759 2682 828 2739 20
1010 2671 1312 2757 Denique
1355 2679 1421 2734 et
1462 2691 1581 2756 per
1627 2668 1969 2754 collegium
2014 2668 2345 2736 decretum
2390 2679 2506 2751 est,
2565 2691 2648 2734 ne
2690 2668 3133 2755 praepositum
3187 2668 3385 2733 nimis
3437 2666 3704 2754 gravari

838 2772 1201 2857 contingat,
1266 2790 1474 2856 neque
1538 2777 1755 2832 tamen
1817 2769 1997 2832 fraus
2063 2767 2281 2855 aliqua
2339 2790 2457 2854 per
2514 2768 2779 2856 aliquod
2834 2766 3156 2832 dictorum
3216 2769 3700 2854 suppositorum

836 2869 1211 2938 notabiliter
1252 2869 1564 2933 committi
1620 2867 1859 2953 possit,
1920 2866 2093 2954 quod
2157 2866 2420 2932 cuilibet
2473 2866 2823 2932 eorundem
2879 2868 3254 2953 porcionem
3312 2888 3500 2930 suam
3555 2887 3700 2952 par-

843 2967 1089 3034 cialiter
1144 2989 1263 3054 per
1305 2976 1581 3054 quatuor
1627 2968 1780 3031 anni
1838 2976 2059 3052 partes
2113 2973 2406 3053 (accepto
2451 2964 2534 3030 ab
2585 2986 2973 3053 unoquoque
3018 2964 3438 3051 cirographo)
3496 2965 3697 3052 porri-

847 3078 961 3155 gat
1004 3067 1435 3154 praepositus,
1480 3064 1849 3153 incipiendo
1893 3068 1959 3130 in
2003 3065 2131 3130 fine
2175 3066 2426 3152 primae
2469 3073 2757 3152 quartae.
2841 3062 2931 3129 Et
2969 3071 3220 3129 tantum
3262 3064 3345 3130 de
3387 3062 3517 3130 illo.

757 3244 825 3301 25
1016 3238 1115 3298 64.
1159 3231 1278 3320 [Bl.
1324 3230 1462 3317 18⁸]
1510 3250 1884 3300 s'rA'ru‘rUM
1929 3249 2149 3299 SUPER
2194 3248 2657 3298 CELEBRANDO
2700 3248 3211 3297 ANNIVERSARIO
3255 3248 3512 3298 nomm

2031 3348 2337 3398 CONRADI
2382 3340 2503 3397 etc.

1003 3464 1192 3531 Anno
1249 3463 1491 3531 domini
1540 3471 1691 3532 1511
1750 3463 1873 3529 sub
1927 3465 2532 3551 vicepraepositura
2588 3464 2882 3545 magistri
2936 3463 3304 3530 Hieronimi
3360 3464 3694 3549 Dungers·

836 3565 1032 3652 heym
1097 3564 1178 3630 de
1244 3563 1666 3645 Ochsenfart,
1730 3585 1959 3628 sacrae
2024 3562 2392 3649 theologiae
2458 3563 2880 3649 professoris,
2943 3584 3062 3648 pro
3118 3565 3435 3650 magistro
3495 3561 3694 3627 Paulo

843 3663 1095 3730 Schiler
1149 3663 1233 3728 de
1289 3661 1555 3727 Plawen
1608 3663 2033 3748 professionis
2093 3661 2377 3727 eiusdem
2424 3670 2564 3743 etc.,
2621 3660 3122 3747 procurantibus
3167 3661 3342 3729 dicto
3387 3664 3694 3749 magistro

760 3761 1048 3830 aoPaulo
1093 3771 1159 3827 et
1199 3761 1465 3828 honesto
1511 3762 1653 3825 cive
1691 3760 2005 3827 Melchior
2049 3760 2426 3843 Marcdorff,
2489 3758 2749 3826 consule
2783 3758 2994 3836 ,huius
3039 3761 3323 3827 civitatis
3367 3762 3694 3851 Lyptzen·

841 3864 951 3944 sis,
999 3861 1199 3927 oblati
1243 3871 1391 3926 sunt
1429 3860 1580 3926 huic
1624 3859 1894 3947 collegio
1933 3871 2158 3926 nostro
2203 3861 2434 3925 maiori
2485 3866 2598 3926 100
2630 3858 2861 3924 floreni
2903 3881 3292 3945 reynensses
3335 3862 3403 3925 in
3446 3870 3695 3927 moneta

839 3984 922 4027 ex
977 3970 1165 4049 parte
1221 3962 1327 4047 pie
1376 3959 1660 4025 defuncti
1721 3960 1907 4045 mgri.
1961 3957 2248 4025 Oonradi
2303 3959 2681 4023 Nisemanni
2729 3957 2809 4021 de
2854 3956 3499 4045 Obernlanckheym,
3546 3958 3692 4046 dyo-

843 4063 1007 4126 cesis
1076 4058 1603 4147 Herbipolensis,
1671 4057 2031 4123 medicinae
2092 4056 2376 4123 doctoris
2439 4067 2555 4122 etc.
2638 4055 2768 4121 Pro
2848 4056 3081 4143 quibus
3159 4056 3244 4122 ad
3309 4058 3693 4144 peticionem

846 4159 1169 4225 dictorum
1211 4166 1711 4245 procuratorum
1755 4157 1954 4243 empti
1999 4166 2149 4221 sunt
2191 4162 2229 4221 5
2262 4155 2490 4220 floreni
2534 4178 2887 4242 reynenses
2928 4155 3298 4221 reddituum
3341 4177 3696 4222 annuorum

759 4269 827 4325 35
849 4257 935 4324 ab
977 4257 1247 4324 honesto
1295 4257 1437 4321 cive
1480 4255 1855 4342 praedictae
1899 4255 2205 4338 civitatis,
2252 4252 2426 4320 dicto
2450 4254 2680 4319 Hanns
2722 4253 3083 4337 Hertwick,
3127 4277 3377 4321 moram
3418 4254 3696 4321 trahenti

841 4360 910 4424 in
953 4355 1172 4445 platea
1214 4356 1556 4438 minorum,
1618 4353 1733 4419 sed
1792 4354 2075 4441 quodam
2138 4353 2378 4419 allodio
2424 4376 2540 4418 suo
2581 4362 2771 4418 extra
2825 4354 3152 4419 civitatem
3210 4377 3404 4442 super
3459 4356 3697 4420 fossato

844 4479 928 4522 ex
972 4456 1278 4543 opposito
1320 4453 1576 4541 collegii
1633 4454 1952 4541 principis
2008 4455 2220 4541 posito
2280 4452 2361 4518 de
2413 4476 2731 4519 consensu
2782 4453 3153 4519 consulatus
3198 4464 3338 4537 etc„
3397 4462 3599 4541 prout
3634 4455 3696 4519 in

842 4556 1075 4621 litteris
1120 4553 1403 4640 desuper
1447 4554 1755 4618 confectis
1798 4564 1863 4618 et
1905 4554 1973 4618 in
2013 4553 2175 4619 fisco
2219 4551 2475 4639 collegii
2516 4552 2823 4639 repositis
2867 4551 3121 4639 plenius
3166 4556 3552 4636 continetur,
3617 4551 3697 4618 ad

840 4652 1309 4720 instituendum
1358 4673 1481 4738 pro
1522 4651 1699 4717 dicto
1741 4651 2043 4718 defuncto
2101 4653 2637 4733 anniversarium,
2695 4653 3040 4738 quotannis
3081 4650 3566 4718 observandum
3618 4650 3698 4717 ad

758 4764 826 4821 40
843 4763 1139 4820 sanctum
1194 4750 1471 4818 Paulum
1527 4750 1652 4816 hoc
1711 4750 1934 4817 modo:
2016 4751 2286 4817 Fratres
2352 4750 2731 4816 monasterii
2794 4749 3083 4815 eiusdem
3149 4751 3466 4818 ecclesiae
3528 4753 3697 4817 omni

840 4877 1011 4920 anno
1070 4854 1246 4917 circa
1310 4851 1543 4916 festum
1603 4851 1809 4916 sancti
1870 4850 2091 4915 Lucae
2147 4849 2588 4936 evangelistae
2647 4848 3164 4917 annunctiabunt
3228 4851 3503 4937 collegio
3573 4852 3695 4935 die,

843 4975 969 5040 quo
1015 4950 1207 5038 paulo
1252 4960 1401 5038 post
1442 4949 1691 5014 dictum‘
1728 4950 1962 5014 festum
2006 4958 2327 5036 temptare
2369 4949 2620 5036 possint
2673 4948 2943 5039 utrique.
3033 4948 3160 5015 Ubi
3206 4962 3358 5015 tunc
3403 4951 3511 5016 die
3557 4974 3694 5017 con·

844 5052 1067 5115 stituto
1130 5052 1418 5136 integras
1482 5047 1839 5114 cantabunt
1890 5049 2151 5135 vigilias
2215 5058 2366 5135 post
2418 5070 2729 5136 vesperas
2793 5049 2970 5113 circa
3024 5051 3296 5115 terciam
3350 5050 3578 5115 horam
3632 5052 3693 5114 in

844 5149 1019 5238 plica
1073 5148 1282 5230 chori,
1337 5149 1698 5236 praemisso
1756 5170 1883 5212 uno
1939 5147 2208 5235 speciali
2270 5146 2463 5233 pulsu
2525 5148 2644 5212 sub
2705 5149 3031 5235 vesperis,
3094 5158 3158 5212 et
3209 5147 3438 5214 tumba
3500 5172 3696 5237 supra

758 5260 825 5318 45
844 5259 1257 5315 monumento
1317 5247 1600 5313 defuncti
1657 5269 1800 5311 cum
1859 5246 2070 5332 spolio
2125 5259 2188 5312 et
2237 5247 2589 5313 luminibus
2630 5248 2815 5313 iuxta
2856 5268 3100 5312 morem
3159 5258 3580 5336 praeparata,
3636 5258 3696 5315 et
