4038 6358
800 549 922 612 216
1928 547 2041 598 Das
2078 561 2174 612 gro
2186 560 2272 598 sse
2306 545 2517 611 colleg.

802 726 1259 793 cerevisiariae
1286 724 1393 791 vel
1433 735 1684 813 partem
1728 735 1989 817 quotam
2017 727 2124 793 vel
2166 750 2480 793 summam
2511 728 2905 812 universam,
2955 728 3309 796 secundum
3353 753 3447 815 ea,
3483 754 3664 819 quae

803 826 884 894 de
927 828 1063 892 eius
1111 825 1564 891 distributione
1608 826 1801 912 paulo
1846 838 1997 893 ante
2040 827 2308 894 definita
2352 836 2515 893 sunt.

1660 997 1713 1058 7.
1762 1010 1856 1058 DE
1902 1009 2273 1060 CURATORE
2317 1011 2389 1059 m
2431 1010 2804 1061 commem.

976 1126 1140 1193 Cum
1197 1126 1266 1189 in
1324 1126 1405 1190 iis
1422 1174 1439 1208 ,
1497 1147 1665 1212 quae
1713 1148 1921 1192 novus
1972 1125 2228 1213 collega
2288 1126 2639 1193 secundum
2694 1128 3118 1195 institutionis
3179 1132 3656 1219 praescriptum

719 1240 750 1293 5
808 1229 1058 1294 iuratus
1114 1225 1494 1312 promittere
1550 1222 1827 1309 iubetur,
1884 1226 2009 1291 hoc
2049 1227 2230 1291 insit:
2303 1248 2372 1292 se
2423 1226 2566 1292 loco
2613 1249 2730 1292 suo
2776 1230 3134 1318 praepositi
3175 1252 3440 1296 munere
3480 1230 3661 1317 fimgi

808 1330 947 1394 sine
1009 1325 1413 1391 recusatione
1476 1323 1643 1389 velle
1702 1333 1764 1389 et
1824 1323 2012 1408 illud,
2079 1326 2243 1391 sicut
2304 1324 2568 1404 debeat,
2632 1324 2736 1390 vel
2804 1327 2947 1415 ipse
3008 1350 3240 1413 gerere
3294 1327 3402 1394 vel
3463 1330 3532 1394 in
3589 1350 3663 1394 eo

803 1425 1089 1515 gerendo
1134 1446 1401 1512 operam
1444 1422 1732 1506 alicuius,
1794 1427 1902 1511 qui
1960 1447 2127 1492 unus
2182 1425 2267 1489 sit
2320 1423 2402 1489 de
2444 1445 2716 1511 corpore
2758 1424 3016 1513 collegii
3057 1426 3270 1510 huius,
3315 1427 3661 1496 adhibere:

811 1523 1241 1591 consideratio
1287 1531 1589 1609 suscepta
1626 1523 1749 1587 fuit
1791 1533 1855 1588 et
1896 1522 2300 1611 disputatum
2342 1522 2424 1588 de
2463 1526 2782 1590 sententia
2824 1525 3175 1591 verborum
3217 1527 3513 1593 istorum.
3575 1525 3663 1592 Et

804 1622 1219 1710 interpretari
1262 1620 1450 1686 aliter
1493 1642 1573 1686 ea
1615 1644 1804 1688 nemo
1854 1625 2065 1710 potuit
2109 1645 2304 1709 quam
2347 1625 2594 1710 imponi
2639 1626 2735 1689 ita
2780 1646 3004 1689 curam
3044 1635 3545 1714 respectumque
3583 1624 3666 1690 ad

726 1735 788 1791 10
807 1722 1060 1808 collegii
1104 1742 1327 1786 omnes
1372 1721 1655 1786 rationes
1696 1731 1890 1807 atque
1931 1744 2037 1787 res
2093 1733 2156 1788 et
2214 1722 2479 1809 negotia
2529 1725 2857 1807 universa,
2913 1725 2980 1789 in
3031 1723 3268 1811 quibus
3319 1747 3452 1790 non
3502 1735 3666 1790 esset

803 1831 1135 1910 postrema
1197 1818 1545 1906 disciplina
1612 1820 1874 1907 publica
1931 1831 1995 1887 et
2049 1821 2510 1911 inquilinorum
2562 1823 2720 1906 vita,
2777 1845 3011 1907 mores,
3072 1823 3306 1907 studia,
3364 1822 3453 1889 ad
3505 1845 3666 1909 quae

807 1923 1023 1987 omnia
1066 1918 1647 1985 animadvertenda
1687 1929 1753 1984 et
1791 1919 2221 2005 gubernanda
2263 1944 2429 2009 opus
2471 1931 2788 2009 perpetua
2830 1922 3531 2011 quadamxpraesentia
3557 1921 3667 1988 diu

810 2044 889 2087 ac
938 2029 1136 2085 noctu
1177 2019 1527 2084 videretur.
1610 2019 1749 2083 Iam
1792 2041 1874 2084 ne
1918 2021 2226 2107 coniuges
2278 2031 2496 2087 essent
2544 2020 2850 2108 collegae,
2902 2020 3076 2088 nullo
3128 2020 3322 2087 modo
3380 2022 3666 2088 sancien-

810 2121 964 2186 dum
1004 2119 1127 2185 fuit
1168 2118 1272 2184 his
1312 2118 1737 2205 temporibus,
1780 2129 1844 2184 et
1873 2119 2066 2186 domo
2111 2142 2230 2186 sua
2271 2120 2550 2207 aliquem
2575 2122 2963 2188 necessitate
3006 2122 3460 2210 promissionis
3502 2122 3668 2186 iura-

731 2230 790 2286 15
812 2231 918 2285 tae
964 2215 1498 2306 abstra[15]here,
1541 2228 1737 2283 noctu
1780 2219 2186 2305 praesertim,
2226 2219 2649 2287 inhumanum
2693 2221 2796 2286 sit.

973 2316 1080 2382 Ad
1126 2316 1250 2382 hoc
1304 2318 1505 2404 igitur
1561 2315 1905 2384 deventum
1962 2327 2094 2401 est,
2153 2328 2225 2383 ut
2281 2319 2509 2385 initum
2564 2319 2740 2385 istud
2798 2319 3164 2386 consilium:
3228 2342 3376 2384 cum
3435 2318 3668 2406 aliquis

810 2442 893 2484 ex
938 2415 1202 2503 collegis
1260 2425 1640 2504 (propterea
1694 2416 1869 2505 quod
1921 2416 2217 2505 plerique
2270 2419 2401 2483 iam
2460 2421 2765 2506 coniuges
2822 2420 2955 2485 sint
2997 2429 3061 2484 et
3101 2417 3405 2484 accidere
3444 2420 3666 2506 possit,

806 2526 879 2582 ut
921 2516 1109 2581 brevi
1162 2515 1322 2581 fiant
1362 2516 1683 2593 universi)
1747 2538 2003 2603 semper
2056 2517 2124 2581 in
2176 2516 2447 2583 aedibus
2503 2517 2756 2606 collegii
2808 2519 3015 2585 nostri
3071 2538 3385 2606 praesens
3443 2517 3669 2586 adesse

803 2623 1099 2704 nequeat,
1141 2623 1213 2678 ut
1255 2612 1578 2700 deligatur
1622 2616 1947 2702 quispiam
1992 2626 2181 2680 extra
2227 2614 2619 2702 collegarum
2658 2639 3018 2700 numerum,
3063 2618 3164 2682 vir
3207 2617 3378 2705 pius,
3424 2617 3667 2703 gravis,

729 2725 796 2781 20
815 2715 1062 2796 doctus,
1107 2715 1218 2800 qui
1254 2713 1671 2780 iureiurando
1716 2713 1960 2800 obliget
1998 2713 2193 2780 fidem
2239 2737 2420 2781 suam
2466 2715 2738 2804 collegio
2783 2716 2870 2782 ad
2912 2714 3385 2804 exequendum,
3446 2738 3666 2781 curan·

806 2813 981 2896 dum,
1040 2812 1505 2928 praestandum
1558 2835 1679 2899 pro
1729 2835 1847 2877 sua
1884 2812 2061 2878 virili
2104 2836 2201 2897 ea,
2261 2836 2427 2902 quae
2470 2815 2798 2903 capitibus
2842 2816 2903 2880 V
2946 2815 3250 2880 distincte
3295 2807 3668 2880 enumerata

807 2922 1192 2998 sequuntur.

970 3011 1289 3093 Primum,
1353 3033 1421 3075 se
1486 3011 1884 3098 assignatam
1947 3010 2412 3078 habitationem
2476 3013 2545 3077 in
2610 3010 2882 3078 aedibus
2947 3011 3358 3079 scholasticis
3419 3012 3670 3100 collegii

808 3111 1125 3199 principis
1170 3109 1523 3175 maioribus
1568 3131 1893 3198 occupare
1939 3121 2002 3176 et
2045 3121 2456 3199 praesentem
2511 3110 2813 3195 incolere,
2871 3134 3080 3200 neque
3136 3111 3275 3176 sine
3314 3114 3670 3201 praepositi

724 3222 791 3277 25
811 3212 1227 3278 concessione
1281 3209 1365 3275 ab
1419 3210 1694 3276 aedibus
1740 3210 1999 3297 collegii
2056 3210 2189 3278 ullo
2245 3221 2541 3299 tempore
2584 3211 2816 3277 abesse
2858 3210 3061 3295 velle;
3118 3222 3184 3276 et
3233 3212 3329 3277 ita
3383 3210 3668 3278 adsidui·

808 3320 942 3376 tate
998 3311 1407 3397 praesentiae
1470 3332 1626 3375 suae
1684 3309 1989 3375 daturum
2046 3332 2313 3397 operam
2374 3321 2439 3376 et
2500 3309 2716 3399 quoad
2775 3312 2984 3398 possit
3045 3312 3550 3397 praestiturum,
3600 3321 3671 3377 ut

809 3418 1054 3475 statuta
1108 3408 1364 3496 collegii
1420 3418 1489 3475 et
1545 3409 1896 3475 secundum
1954 3409 2118 3474 haec
2170 3408 2510 3497 modisque
2567 3406 2864 3475 omnibus
2910 3410 3216 3475 honestas
3258 3411 3502 3497 ubique
3544 3434 3669 3477 ser·

807 3519 996 3575 vetur
1039 3518 1104 3573 et
1144 3510 1384 3574 vitetur
1425 3508 1761 3595 turpitudo
1803 3531 2011 3596 neque
2057 3510 2497 3574 committatur
2550 3510 2913 3596 quicquam,
2969 3508 3141 3595 quod
3197 3508 3284 3573 ad
3337 3509 3671 3576 infamiam

811 3620 876 3675 et
916 3606 1196 3673 dedecus
1237 3609 1444 3673 nostri
1489 3607 1736 3673 ordinis
1789 3607 2069 3673 evadere
2123 3619 2188 3673 et
2241 3607 2566 3674 maculam
2621 3607 2800 3673 hisce
2853 3607 3125 3674 aedibus
3180 3610 3393 3695 possit
3456 3632 3670 3696 asper·

726 3721 796 3776 30
858 3730 986 3773 ere.

811 3732 855 3797 g
971 3805 1053 3871 H.
1099 3803 1189 3870 Ut
1216 3804 1457 3870 damna
1499 3804 1584 3870 ab
1615 3804 1717 3870 his
1763 3804 2034 3871 aedibus
2079 3815 2479 3889 avertantur,
2509 3827 2690 3894 quae
2730 3804 3046 3871 aedificiis
3074 3805 3181 3872 vel
3220 3805 3670 3873 labefaeiendo

813 3905 918 3972 vel
962 3904 1090 3971 alio
1135 3906 1367 3989 quovis
1408 3914 1600 3991 pacto
1645 3904 1791 3970 dari
1831 3916 2118 3992 possent.

976 4004 1091 4069 ΠΙ.
1135 4003 1228 4068 Ut
1268 4002 1525 4068 aedium
1570 4003 1824 4090 collegii
1864 4005 2037 4071 fores
2081 4027 2200 4071 sua
2240 4004 2404 4071 hora
2449 4026 2701 4092 quoque
2742 4014 3036 4092 tempore
3081 4006 3236 4072 anni
3278 4004 3661 4072 claudantur

816 4104 1337 4191 aperianturque.
1884 4140 1895 4145 -

731 4217 798 4272 35
980 4201 1126 4267 IIII.
1171 4197 1261 4286 [S.
1300 4197 1397 4287 16]
1440 4200 1531 4267 Ut
1563 4203 1996 4269 serotinamm
2025 4202 2538 4289 disputationum
2567 4202 3068 4269 exercitationes
3095 4213 3492 4290 usurpentur
3518 4224 3670 4269 vera

812 4303 1065 4371 ratione
1110 4299 1395 4365 studiose
1435 4307 1500 4364 et
1538 4299 1812 4387 placide.

978 4401 1055 4466 V.
1098 4398 1189 4464 Ut
1228 4397 1662 4465 habitationes
1704 4402 1772 4467 in
1814 4400 2088 4467 aedibus
2147 4400 2550 4468 scholasticis
2602 4399 2860 4487 collegii
2915 4402 3103 4469 huius
3159 4410 3224 4467 et
3281 4402 3408 4466 rite
3468 4399 3672 4467 locen-

812 4513 916 4568 tur
959 4510 1023 4566 et
1064 4499 1408 4587 pensiones
1453 4521 1566 4563 seu
1607 4500 1940 4565 mercedes
1985 4499 2073 4565 ad
2126 4498 2295 4565 diem
2340 4502 2687 4587 exigantur
2732 4510 2796 4565 et
2843 4500 3125 4589 pecunia
3166 4500 3442 4568 collecta
3491 4523 3672 4589 prae-

814 4602 1029 4690 posito
1085 4598 1342 4684 integra
1396 4597 1669 4684 singulis
1724 4599 2141 4665 semestribus
2193 4622 2390 4665 numo
2450 4599 2658 4686 probo
2702 4610 3173 4666 annumeretur.

732 4713 798 4767 ΔΟ
982 4698 1167 4763 Haec
1211 4719 1399 4783 quem
1441 4707 1781 4785 praestare
1824 4720 2017 4786 posse
2063 4698 2385 4782 credetur,
2438 4700 2495 4764 is
2536 4701 2647 4783 ita,
2690 4707 2761 4764 ut
2813 4698 3058 4766 dictum
3098 4709 3227 4782 est,
3288 4722 3358 4765 se
3403 4701 3671 4787 praesti·

814 4810 1035 4866 turum
1077 4819 1221 4863 esse
1262 4798 1513 4862 iuratus
1556 4801 1913 4885 promittet.

990 4897 1217 4983 Neque
1269 4896 1430 4961 iuris
1475 4906 1694 4962 tamen
1734 4898 1803 4962 in
1842 4919 1947 4962 res
1989 4899 2404 4987 rationesque
2446 4897 2702 4987 collegii
2757 4908 3099 4988 praeterea
3140 4899 3492 4987 quicquam
3532 4898 3676 4964 huic

819 4999 962 5081 erit,
1012 5019 1223 5083 neque
1277 5005 1566 5082 potestas
1620 4996 2009 5063 concedetur
2062 5022 2179 5066 suo
2232 4998 2506 5064 arbitrio
2561 4997 2809 5086 aliquid
2866 4997 3211 5081 statuendi,
3267 4994 3674 5080 decernendi,

823 5046 1192 5162 ordinandi.
1276 5094 1470 5175 Quod
1528 5097 1583 5161 si
1642 5096 1806 5161 forte
1864 5098 2450 5181 animadversione,
2511 5119 2895 5184 quocunque
2953 5096 3093 5162 loco
3145 5106 3257 5162 aut
3297 5118 3675 5184 quacunque

739 5205 805 5261 45
826 5194 908 5260 de
950 5214 1200 5276 caussa,
1254 5195 1323 5259 in
1375 5192 1627 5284 aliquos
1673 5220 1836 5285 opus
1878 5198 2016 5262 sive
2075 5196 2425 5284 singularis
2468 5194 2852 5264 deliberatio
2911 5194 3430 5262 consideratiove
3481 5196 3674 5261 susci-
