4038 6358
859 534 981 603 330
1836 551 1939 602 Die
1973 552 2413 617 philosophische
2449 552 2704 605 facultas

1023 730 1123 794 31.
1162 743 1257 792 nn
1301 744 1487 795 Loco
1531 747 1858 800 smnus
1901 750 1992 799 m·
2033 753 2340 803 Anulum
2379 751 2969 804 convocimomm
3005 751 3474 803 moun-rius.

2041 856 2162 920 Vgl.
2196 870 2246 907 a.
2293 856 2371 909 St.
2404 856 2493 922 24,
2526 855 2573 908 2.

1019 942 1183 1009 Item
1241 948 1547 1013 examina
1599 951 2187 1037 promovendorum
2258 954 2328 1019 in
2381 953 2634 1020 artibus
2693 961 2759 1019 et
2810 954 3318 1020 convocaciones
3369 949 3745 1018 facultatis

860 1042 1106 1107 arcium
1159 1043 1322 1111 fiant
1378 1047 1447 1112 in
1499 1047 1769 1137 collegio
1824 1052 2072 1117 maiore
2122 1053 2192 1117 in
2246 1052 2440 1119 stuba
2493 1052 2821 1119 facultatis
2837 1101 2855 1136 ,
2913 1062 2979 1118 et
3030 1076 3149 1141 pro
3187 1055 3314 1118 isto
3357 1049 3744 1137 collegium

774 1145 809 1201 5
860 1140 1068 1205 maius
1109 1141 1191 1209 de
1233 1145 1519 1233 quolibet
1558 1149 1996 1236 promovendo
2037 1151 2107 1216 in
2147 1150 2398 1218 artibus
2439 1151 2707 1238 habebit
2746 1157 2786 1219 2
2824 1167 2908 1237 93.
2949 1173 3173 1235 novos,
3213 1160 3279 1217 et
3321 1152 3500 1217 istos
3544 1172 3744 1237 gros·

856 1260 962 1304 sos
1004 1239 1289 1312 decanus
1329 1267 1371 1313 a
1414 1248 1875 1333 promovendis
1914 1249 2117 1317 habet
2158 1250 2480 1339 colligere.

1531 1435 1628 1499 32.
1661 1449 1756 1498 ΒΕ
1797 1448 1985 1501 Loco
2029 1452 2313 1501 rmnn
2353 1447 2941 1500 mcnucu‘ronun.

1973 1570 2093 1633 νει.
2128 1584 2176 1621 a.
2212 1569 2285 1621 st.
2325 1570 2406 1632 24,
2446 1569 2492 1621 1.

1020 1675 1185 1742 Item
1225 1678 1572 1765 prandium
1612 1681 2165 1749 licenciandorum
2203 1684 2345 1749 fieri
2385 1683 2580 1750 debet
2618 1686 2687 1749 in
2728 1681 2945 1768 aliquo
2989 1681 3407 1769 collegiorum
3424 1731 3444 1765 ‚
3512 1690 3592 1747 et
3635 1682 3730 1746 in·

776 1780 838 1836 10
858 1774 1045 1840 terim
1106 1777 1279 1864 quod
1322 1778 1665 1866 collegium
1714 1784 1931 1847 minus
1975 1805 2106 1849 non
2149 1792 2247 1849 est
2287 1783 2373 1849 ad
2416 1782 2695 1872 aliquem
2735 1781 2944 1848 locum
2988 1791 3453 1869 competentem
3501 1792 3730 1846 trans-

848 1871 1083 1956 latum,
1136 1875 1251 1941 fiat
1291 1878 1360 1943 in
1404 1879 1675 1967 collegio
1730 1882 2001 1966 maiori3
2069 1883 2243 1947 facta
2283 1906 2441 1949 vero
2483 1881 2853 1949 huiusmodi
2894 1880 3359 1963 translacione‚
3416 1880 3726 1946 decanus

849 1994 968 2058 pro
1007 1983 1160 2039 tunc
1201 1980 1485 2043 existens
1533 1979 1733 2046 habet
1777 2003 2026 2068 ponere
2073 1980 2159 2047 ad
2202 1981 2631 2070 quodcunque
2674 1981 3090 2068 collegiorum
3132 1980 3260 2047 sibi
3301 1980 3543 2069 placet.

1647 2167 1746 2231 33.
1789 2181 1884 2229 nn
1923 2180 2318 2242 ominum
2359 2180 2938 2231 sumnonun.

1964 2299 2086 2362 vgl.
2124 2315 2173 2350 a.
2212 2300 2286 2351 St.
2328 2300 2409 2360 21,
2450 2300 2499 2350 8.

767 2411 830 2471 15
1014 2407 1180 2473 Item
1220 2408 1432 2474 nullus
1473 2412 1933 2498 magistrorum
1991 2415 2060 2479 in
2120 2415 2630 2480 examinatorem
2684 2411 3264 2479 examinandorum
3318 2413 3389 2477 in
3448 2410 3715 2477 artibus

854 2505 1008 2594 eligi
1054 2506 1276 2591 debet,
1334 2511 1459 2575 nisi
1499 2512 1611 2598 qui
1666 2512 2123 2600 complevisset
2176 2512 2504 2580 biennium
2560 2523 2625 2579 et
2681 2523 2864 2580 actus
2915 2534 3100 2597 suos,
3156 2521 3221 2578 et
3263 2534 3411 2578 cum
3451 2510 3580 2577 hoc
3625 2510 3712 2574 sit

855 2615 1004 2671 actu
1046 2627 1295 2693 regens.

1102 2796 1199 2860 34.
1241 2810 1525 2871 QUANDO
1573 2811 2109 2862 EXAMmATOBES
2151 2811 2796 2863 MAGISTRANDOBUM
2835 2812 3027 2863 ELIGI
3067 2812 3368 2861 DEBENT.

1967 2930 2087 2994 Vgl.
2122 2945 2172 2982 a.
2209 2931 2284 2982 St.
2324 2930 2407 2996 26,
2446 2931 2497 2983 8.

772 3047 844 3105 20
1030 3042 1191 3109 Item
1242 3042 1398 3109 nulli
1456 3042 1778 3131 eligantur
1815 3045 2293 3110 examinatores
2334 3044 2926 3133 magistrandorum
2967 3045 3094 3114 nisi
3135 3054 3287 3134 post
3325 3045 3701 3133 inscripcio·

851 3163 999 3207 nem
1041 3143 1415 3211 eorundem.

706 3212 743 3241 Ο

892 3314 990 3377 35.
1034 3328 1153 3389 qm
1191 3329 1501 3380 rossum·
1540 3330 1837 3379 amum
1878 3330 1973 3378 AD
2015 3329 2303 3378 numu
2344 3286 2929 3395 ΒΔοοΑωΒιΑώυε,
2970 3329 3062 3378 m·
3103 3328 3199 3378 nn
3243 3327 3590 3379 murone.

1760 3450 1886 3519 νει.
1920 3463 1970 3500 a.
2012 3448 2089 3499 st.
2123 3448 2204 3509 22,
2242 3448 2291 3500 3.
2329 3447 2411 3508 23,
2446 3404 2616 3508 4.‘22,
2654 3449 2700 3500 5.

1015 3594 1178 3660 Item
1234 3596 1447 3663 nullus
1507 3596 1699 3663 debet
1753 3596 2009 3662 admitti
2072 3597 2159 3662 ad
2202 3620 2478 3664 examen
2517 3595 2996 3663 baccalariatus
3016 3646 3033 3678 ‚
3079 3596 3193 3682 qui
3233 3595 3419 3682 prius
3461 3596 3527 3661 in
3569 3594 3695 3660 alia

770 3697 838 3755 25
859 3692 1284 3761 universitate
1332 3720 1464 3763 non
1517 3697 1692 3762 stetit
1706 3744 1724 3779 ,
1788 3697 1916 3763 nisi
1976 3696 2063 3762 ad
2118 3698 2330 3763 minus
2382 3699 2451 3764 in
2521 3699 2650 3763 ista
2715 3696 2964 3762 steterit
3034 3697 3223 3784 quasi
3295 3704 3366 3760 at
3432 3694 3692 3761 alterum

853 3790 1195 3859 dimidium
1262 3817 1531 3881 annum3
1605 3804 1670 3861 et
1728 3796 1851 3862 hoc
1901 3787 2136 3881 ‘quasi'
2199 3819 2327 3863 non
2386 3796 2697 3863 diminuet
2757 3794 2907 3884 plus
2960 3818 3158 3884 quam
3226 3817 3346 3861 sex
3404 3796 3690 3882 septima·

855 3913 975 3957 nas
1020 3901 1141 3958 etc.

1024 3988 1144 4080 [Bl.
1184 3998 1263 4060 59
1274 3990 1326 4081 ¹²]
1368 3993 1533 4060 Item
1581 3994 1795 4060 nullus
1855 3995 2123 4060 veniens
2180 3995 2262 4061 de
2323 3994 2455 4061 alia
2504 3995 2926 4061 universitate
2969 3995 3341 4081 promoveri
3384 3992 3575 4059 debet
3608 3989 3688 4057 ad

856 4090 1133 4177 gradum
1191 4091 1666 4159 baccalariatus
1689 4143 1707 4176 ,
1761 4095 1888 4158 nisi
1945 4096 2128 4181 prius
2190 4097 2438 4160 steterit
2496 4094 2566 4160 in
2617 4095 2747 4161 ista
2793 4096 3214 4161 universitate
3256 4116 3376 4183 per
3421 4092 3690 4161 medium

771 4198 842 4256 ³0
862 4212 1100 4255 annum
1159 4201 1222 4257 et
1274 4193 1342 4256 in
1392 4193 1556 4277 ista,
1611 4193 1781 4259 unde
1834 4194 2043 4277 venit,
2103 4194 2305 4259 eciam
2362 4194 2534 4260 ultra
2589 4194 2872 4260 medium
2924 4217 3200 4277 annum,
3252 4203 3318 4259 et
3361 4190 3690 4258 dummodo

855 4289 1247 4357 sufficientes
1302 4292 1794 4360 informaciones
1851 4295 2077 4359 fecerit
2115 4292 2197 4359 de
2242 4292 2586 4361 audicione
2626 4293 2940 4360 librorum
2977 4296 3048 4361 in
3092 4294 3224 4360 alia
3261 4293 3689 4363 universitate.

1576 4463 1674 4526 36.
1714 4478 1810 4541 nn
1852 4477 2445 4528 nnsronmomzsns
2488 4476 2907 4529 onnnmms.

1952 4597 2075 4661 Vgl.
2110 4611 2160 4649 a.
2199 4596 2275 4648 St.
2311 4596 2392 4657 21,
2438 4598 2511 4648 16.

1018 4709 1183 4776 Item
1248 4707 1458 4775 nullus
1523 4708 1717 4775 debet
1758 4708 2017 4777 admitti
2063 4710 2148 4776 ad
2192 4732 2465 4777 examen
2506 4732 2627 4799 pro
2671 4708 2882 4796 gradu
2922 4706 3402 4775 baccalariatus
3444 4707 3514 4772 in
3555 4706 3688 4772 arti·

772 4816 839 4874 35
860 4807 1014 4892 bus,
1070 4810 1201 4875 nisi
1257 4810 1470 4885 sexies
1528 4808 1939 4896 responderit
1999 4809 2327 4876 ordinarie
2371 4820 2436 4876 et
2476 4811 2722 4875 tociens
2766 4807 3284 4875 extraordinarie
3325 4817 3465 4873 tam
3505 4807 3690 4892 magi·

862 4910 1015 4973 stris
1069 4931 1265 4997 quam
1323 4907 1712 4975 baccalariis
1771 4908 2000 4974 diebus
2051 4909 2394 4977 dominicis
2451 4908 2556 4974 vel
2624 4918 2812 4974 extra
2882 4906 3382 4997 disputantibus.
3468 4906 3598 4989 Qui
3644 4906 3692 4971 si

863 5005 1099 5073 absens
1144 5009 1367 5091 fuerit,
1411 5008 1758 5075 dummodo
1804 5007 1929 5075 sibi
1972 5011 2269 5094 arguitur
2323 5007 2427 5074 vel
2483 5016 2931 5094 argumentum
2987 5008 3404 5096 proponitur,
3446 5028 3693 5094 respon-

858 5108 954 5173 sio
1006 5105 1156 5172 talis
1172 5156 1190 5189 ,
1251 5108 1389 5173 sive
1451 5107 1835 5195 principalis
1894 5113 2032 5173 sive
2084 5109 2294 5173 minus
2340 5107 2723 5195 principalis
2764 5109 2990 5190 fuerit,
3048 5128 3180 5173 non
3221 5106 3417 5172 debet
3453 5127 3693 5193 compu-

858 5208 1009 5273 tari.
1089 5205 1273 5273 Idem
1301 5205 1685 5292 intelligitur
1708 5206 1789 5271 de
1820 5205 2208 5275 baccalariis
2236 5206 2323 5271 ad
2359 5207 2641 5294 gradum
2680 5207 3042 5294 magisterii
3082 5207 3453 5294 promoveri
3493 5204 3693 5271 volen-
