4038 6358
893 595 1015 660 302
1858 600 1973 652 Das
2010 599 2261 653 Pauliner
2292 603 2497 668 Colles.
2564 602 2812 668 Anhang.

897 816 955 876 2.
995 814 1231 891 Aumq
1261 834 1375 873 aus
1415 814 1596 876 cirtem
1629 817 1847 877 Decret
1891 821 1994 878 des
2019 821 2272 880 Rectors
2298 825 2426 882 und
2464 824 2574 881 der
2597 821 2952 880 Decemvirn
2992 841 3121 880 vom
3150 819 3207 883 9.
3240 820 3501 879 October
3535 815 3760 881 1562*

1808 929 1950 1000 (ng.
1993 936 2132 986 oben
2167 936 2220 988 S.
2255 936 2354 989 300
2389 939 2505 989 Lex
2540 937 2758 998 XXXI.)

1174 1111 1191 1128 .
1234 1112 1251 1127 .
1311 1063 1486 1144 Quia
1537 1065 1731 1129 etiam
1781 1065 1974 1131 nullis
2016 1066 2121 1133 vel
2166 1069 2622 1135 monitionibus
2664 1068 2769 1134 vel
2814 1065 3376 1153 obiurgationibus
3416 1066 3758 1132 hactenus

896 1165 1181 1231 coerceri
1222 1166 1435 1252 potuit
1476 1164 1860 1251 improbitas
1900 1177 2095 1254 atque
2139 1168 2496 1255 petulantia
2534 1191 2883 1256 puerorum
2922 1169 2988 1232 in
3022 1167 3279 1256 collegii
3320 1166 3524 1232 huius
3572 1163 3755 1229 aedi·

805 1276 839 1331 5
891 1266 1013 1331 bus
1070 1274 1310 1329 temere
1367 1265 1852 1347 dim-santium,
1910 1275 1973 1329 et
2021 1266 2252 1332 harum
2307 1267 2684 1334 deformitas
2728 1268 2963 1333 crescit
3002 1276 3067 1331 et
3108 1276 3426 1352 augentur
3474 1264 3754 1345 damna,

886 1363 1032 1429 ideo
1072 1386 1242 1427 nunc
1283 1385 1532 1450 quoque
1572 1364 1907 1430 hortamur
1932 1389 2154 1430 omnes
2195 1367 2427 1432 harum
2470 1367 2726 1434 aedium
2758 1365 3126 1452 inquilinos,
3165 1375 3258 1449 ut,
3302 1387 3506 1454 quam
3536 1365 3756 1429 vitam

890 1485 1175 1551 quosque
1226 1484 1436 1527 mores
1480 1465 1770 1549 requirat
1810 1466 2087 1549 primum
2133 1468 2540 1532 sanctissima
2580 1466 2914 1553 religionis
2954 1465 3346 1531 christianae
3385 1463 3751 1552 professio,

891 1563 1124 1628 deinde
1167 1585 1389 1627 earum
1432 1564 1667 1626 artium
1713 1563 1947 1645 studia,
2003 1586 2170 1650 quae
2217 1563 2580 1630 liberalium
2624 1576 2688 1634 et
2729 1566 3151 1652 ingenuarum
3187 1586 3425 1630 nomen
3468 1560 3750 1642 habent,

878 1663 1290 1752 perpendant
1346 1663 1577 1726 animis
1633 1664 1782 1729 suis.
1864 1662 2100 1729 Adhuc
2158 1687 2235 1729 ac
2297 1687 2442 1729 cum
2498 1687 2753 1730 summa
2803 1666 3159 1750 ignominia
3214 1662 3464 1729 ordinis
3530 1660 3747 1725 nostri

807 1774 870 1829 10
887 1772 951 1828 et
1004 1763 1213 1828 bonae
1254 1759 1641 1826 valetudinis
1699 1762 1984 1848 periculo
2047 1775 2387 1850 praesente
2430 1786 2509 1829 ea
2554 1766 2802 1851 species
2862 1773 2962 1830 est
3016 1763 3275 1829 aedium
3324 1761 3567 1826 harum
3579 1809 3601 1843 ,
3656 1767 3744 1842 ut,

886 1860 1419 1950 quemadmodum
1476 1861 1569 1925 ait
1632 1883 1833 1925 senex
1888 1860 2248 1946 Plautinus,
2312 1886 2482 1946 „non
2530 1863 2820 1930 homines
2875 1863 2985 1928 hic
3023 1863 3320 1928 habitare
3360 1860 3744 1938 videa-ntur,

885 1961 1001 2027 sed
1058 1962 1269 2026 sues“.
1348 1959 1763 2046 Quapropter
1821 1961 2056 2046 singuli
2114 1964 2304 2028 istam
2365 1985 2589 2026 curam
2641 1962 2728 2028 ad
2783 1986 2852 2028 se
2905 1965 3231 2051 pertinere
3286 1963 3616 2047 cogitent,
3671 1968 3745 2022 ut

885 2059 1123 2147 ubique
1176 2058 1463 2125 locorum
1504 2058 1855 2124 mundities
1898 2062 2107 2125 maior
2146 2063 2230 2125 sit
2268 2083 2461 2148 quam
2505 2060 2815 2128 hactenus
2854 2063 2980 2127 fuit
3011 2071 3208 2150 utque
3249 2060 3479 2126 sordes
3525 2079 3740 2123 remo·

884 2169 1142 2242 veatur3
1203 2159 1256 2222 si
1311 2181 1439 2246 qua
1481 2157 1728 2242 aliquid
1786 2157 1947 2223 solet
2003 2168 2066 2223 et
2119 2160 2268 2225 licet
2321 2160 2581 2244 effundi,
2640 2161 2727 2226 ad
2781 2161 2849 2227 id
2905 2183 3063 2227 cura
3115 2171 3181 2227 et
3227 2158 3736 2246 circumspectio

805 2270 865 2326 ¹5
885 2259 1289 2340 adhibeatur,
1332 2281 1460 2322 non
1498 2257 1688 2322 modo
1732 2279 1813 2321 ne
1855 2262 2293 2371 praetereunti
2335 2259 2530 2324 alicui
2568 2261 2986 2347 impingatur,
3029 2260 3147 2327 sed
3186 2283 3268 2325 ne
3309 2259 3506 2326 foeda
3532 2259 3732 2323 etiam

883 2358 1138 2424 illuvies
1194 2358 1450 2422 existat.
1528 2355 1772 2421 Proiici
1836 2360 2093 2423 omnino
2153 2358 2234 2424 de
2279 2357 2693 2425 conclavibus
2740 2371 2805 2425 et
2846 2360 3317 2426 habitationum
3355 2357 3524 2426 locis
3567 2355 3730 2421 nihil

885 2456 1092 2524 debet
1178 2455 1278 2520 Ac
1320 2456 1739 2520 constitutum
1777 2465 1876 2521 est
1917 2466 2068 2521 ante
2111 2459 2386 2539 severe2,
2427 2459 2606 2546 apud
2648 2481 3089 2548 quemcunque
3133 2458 3392 2524 illorum
3433 2458 3730 2523 locorum

879 2555 1153 2645 posthac
1227 2555 1626 2636 chartarum,
1684 2577 2075 2641 pannorum,
2134 2557 2494 2622 calceorum
2559 2561 2955 2645 fragmenta,
3024 2558 3298 2645 denique
3356 2556 3554 2622 ullius
3631 2555 3730 2619 rei

882 2655 1133 2720 alienae
1186 2664 1298 2718 aut
1351 2655 1612 2740 spuriae
1666 2656 2007 2742 quicquam
2061 2669 2386 2742 repertum
2436 2669 2927 2745 respectumque
2984 2660 3088 2741 sit,
3139 2666 3215 2723 ut
3270 2655 3356 2721 ab
3402 2657 3544 2720 eius
3603 2654 3726 2718 loci

806 2765 872 2820 20
890 2753 1202 2839 inquilino
1247 2763 1503 2822 curator
1544 2756 1828 2835 regionis
1871 2755 2149 2820 mulctae
2191 2757 2448 2820 nomine
2489 2760 2712 2844 exigat
2751 2780 2883 2824 non
2904 2760 3116 2823 minus
3158 2754 3506 2821 nummulis
3550 2775 3722 2818 com·

880 2852 1181 2922 munibus
1237 2851 1394 2933 XII,
1455 2853 1962 2941 quotiescunque
2019 2877 2262 2936 eorum,
2318 2877 2483 2942 quae
2540 2870 2690 2922 sunt
2742 2858 2935 2940 dicta,
2993 2854 3239 2946 aliquid
3278 2855 3604 2919 invenerit
3647 2873 3722 2916 ac

884 2951 1136 3017 viderit.
1190 2950 1280 3016 Et
1316 2953 1621 3037 quoniam
1648 2976 1689 3017 a
1730 2955 1949 3039 pueris
1989 2975 2135 3017 cum
2179 2964 2448 3018 nocetur
2477 2955 2579 3021 his
2621 2956 2891 3022 aedibus
2927 2957 3249 3044 imprimis
3291 2964 3426 3020 tum
3475 2952 3720 3038 negotii

882 3051 1229 3139 plurimum
1275 3050 1679 3116 curatoribus
1723 3051 2084 3134 exhibetur,
2128 3054 2342 3117 visum
2384 3063 2482 3119 est
2523 3053 2593 3119 id
2636 3057 2904 3138 servari,
2949 3054 3123 3143 quod
3160 3056 3230 3118 in
3273 3053 3554 3118 aliorum
3597 3048 3719 3115 col·

880 3151 1196 3239 legiorum
1236 3147 1508 3215 aedibus
1540 3151 1887 3216 consuevit.
1929 3150 2169 3234 Primo,
2200 3172 2387 3217 nemo
2428 3160 2499 3218 ut
2534 3176 2811 3241 puerum
2834 3177 2962 3220 non
3001 3153 3453 3221 scholasticum
3481 3149 3716 3216 habeat

797 3261 863 3317 25
883 3262 1075 3339 atque
1128 3251 1346 3316 foveat
1396 3252 1464 3314 in
1509 3250 1800 3315 conclavi
1849 3272 1979 3315 suo.
2063 3251 2206 3315 Iam
2257 3262 2470 3316 autem
2522 3275 2701 3319 more
2751 3253 2852 3336 fit,
2908 3265 2980 3320 ut
3036 3253 3294 3329 scholae
3341 3251 3715 3316 Thomanae

878 3350 1343 3439 discipulorum
1406 3349 1722 3413 famulatu
1787 3350 1992 3415 nostri
2055 3360 2352 3414 utantur:
2431 3350 2525 3416 ibi
2581 3353 2782 3439 igitur
2841 3353 2958 3419 hos
3011 3353 3291 3434 discere,
3353 3349 3712 3415 testimonio

876 3450 1171 3535 magistri
1214 3448 1385 3513 illius
1439 3448 1576 3513 ludi
1628 3448 1889 3535 planum
1946 3448 2090 3512 fieri
2144 3448 2362 3532 debet3
2423 3474 2571 3517 suos
2625 3461 2838 3518 autem
2891 3454 3129 3540 quique
3183 3450 3537 3536 discipulos
3587 3470 3710 3512 non

876 3549 1069 3614 modo
1107 3547 1313 3614 literis
1354 3557 1530 3613 recte
1572 3548 1925 3631 instituant,
1971 3547 2086 3612 sed
2109 3547 2491 3635 disciplinae
2520 3552 2712 3615 etiam
2747 3553 3091 3619 severitate
3120 3549 3461 3616 cohibeant
3479 3571 3524 3612 a
3560 3547 3708 3611 levi·

880 3658 1012 3714 tate
1054 3649 1585 3714 vociferationum
1629 3655 1693 3711 et
1736 3646 2039 3732 strepitus
2083 3656 2275 3735 atque
2324 3670 2647 3714 cursuum.
2729 3650 2832 3716 Ac
2887 3652 2944 3716 si
2986 3652 3128 3737 quis
3184 3647 3405 3737 plures
3456 3669 3706 3735 pueroS,

794 3757 863 3812 30
879 3747 965 3813 ad
1030 3769 1099 3812 se
1163 3746 1455 3813 discendi
1517 3747 1735 3832 gratia
1789 3745 2141 3828 venientes,
2202 3768 2420 3815 secum
2473 3747 2776 3815 habuerit
2828 3771 3020 3836 quam
3072 3749 3184 3833 VT,
3252 3758 3406 3815 tunc
3472 3745 3708 3834 placuit

876 3847 1129 3933 magnis
1172 3857 1233 3911 et
1275 3846 1586 3933 gravibus
1625 3845 1707 3910 de
1757 3844 1970 3910 causis
2013 3867 2134 3931 pro
2181 3845 2456 3931 singulis
2496 3869 2832 3914 numerum
2890 3849 3216 3915 senarium
3259 3845 3703 3933 superantibus

878 3968 1035 4011 suae
1074 3947 1358 4032 regionis
1404 3945 1687 4010 curatori
1726 3943 2011 4031 pendere
2053 3944 2351 4010 numulos
2394 3968 2760 4011 communes
2789 3946 3055 4013 XXIIII
3084 3968 3469 4035 unoquoque
3516 3966 3704 4011 seme·

874 4045 1013 4126 stri,
1074 4044 1155 4109 de
1209 4068 1337 4130 qua
1389 4042 1723 4131 pensicula
1777 4053 1840 4107 et
1893 4045 2040 4129 ipsa
2099 4046 2412 4108 rationem
2465 4044 2738 4110 reddere
2781 4057 3113 4111 curatores
3156 4055 3485 4133 cogentur.
3567 4043 3702 4108 Non

874 4154 1089 4209 autem
1127 4144 1251 4209 hoc
1291 4144 1554 4207 minime
1595 4141 2031 4228 ponderosum
2074 4164 2233 4207 onus
2275 4143 2446 4208 ferre
2486 4166 2790 4209 recusare
2830 4146 3171 4233 quisquam
3225 4143 3514 4228 debebit,
3564 4164 3702 4208 cum

792 4251 858 4307 35
876 4242 1109 4308 harum
1152 4242 1411 4308 aedium
1453 4240 1656 4307 multa
1701 4239 2056 4323 commoda,
2112 4262 2277 4327 quae
2320 4242 2405 4308 ab
2448 4242 2744 4309 omnibus
2800 4246 3264 4331 percipiuntur,
3317 4243 3477 4309 illud
3521 4240 3701 4309 facile

880 4342 1164 4409 allevare
1226 4350 1516 4429 possunt.
1596 4338 1792 4420 Quod
1831 4362 1986 4404 vero
2032 4339 2119 4405 ad
2173 4351 2388 4407 cetera
2430 4343 2687 4427 attinet,
2741 4366 2820 4409 ea
2862 4352 2926 4409 et
2966 4345 3299 4409 honestate
3342 4366 3485 4408 esse
3525 4365 3698 4431 prae-

880 4443 1059 4508 clara
1101 4451 1167 4508 et
1206 4441 1589 4507 necessitate
1631 4442 1762 4504 iam
1802 4438 2207 4505 inevitabilia
2248 4441 2483 4526 offerri,
2525 4441 2916 4529 intelligetur
2938 4467 2978 4509 a
3002 4445 3267 4526 cunctis,
3313 4441 3547 4529 quibus
3573 4441 3697 4529 qui-

876 4543 1021 4608 dem
1066 4540 1314 4629 aliquid
1359 4539 1574 4606 cordis
1619 4540 1979 4626 mentisque
2022 4541 2205 4606 inest.
2265 4539 2456 4621 Quod
2500 4542 2556 4605 si
2599 4542 2703 4607 cui
2745 4545 2871 4608 ista
2913 4545 3221 4630 graviora
3261 4551 3374 4607 aut
3412 4540 3700 4606 intolera-

878 4642 1038 4709 bilia
1081 4640 1403 4725 videntur,
1458 4640 1519 4705 ei
1558 4641 1626 4704 in
1667 4648 1979 4727 promptu
2018 4648 2117 4705 est
2160 4638 2456 4706 liberatio
2500 4639 2832 4708 molestiae
2874 4642 3062 4708 huius
3106 4640 3519 4728 emigrando³
3557 4640 3698 4706 hinc

789 4742 1002 4807 walio
1047 4750 1111 4807 et
1153 4762 1223 4806 se
1268 4737 1665 4823 difficultate,
1707 4760 1826 4804 nos
1866 4736 2296 4805 sollicitudine
2337 4739 2611 4807 levando
2654 4788 2975 4807 ......

1027 4963 1049 5012 1
1091 4955 1189 5011 Bei
1223 4956 1402 5027 Vogel
1441 4973 1489 5011 a
1525 4973 1575 5011 a.
1613 4956 1677 5010 Ο.
1712 4954 1797 5008 Bl.
1830 4959 1974 5010 496⁸
2008 4953 2087 5024 fg.

1024 5045 1055 5094 2
1091 5041 1461 5097 Geschrieben
1496 5039 1642 5095 steht
1671 5038 1918 5093 deutlich
1951 5056 2062 5094 seu.

1026 5129 1056 5179 3
1091 5125 1463 5182 Geschrieben
1498 5123 1645 5180 steht
1681 5122 1992 5193 emiqramlt‘
2024 5162 2040 5176 .
2072 5162 2089 5177 .
2122 5162 2137 5177 .
2173 5121 2410 5176 beandi.

2341 5295 2618 5303 *a
