4038 6358
875 660 997 724 352
1854 656 1956 706 Die
1994 620 2432 719 philosophiae-he
2465 652 2720 703 Facultfit.

876 859 1318 926 quemcunque
1362 846 1600 902 statum
1645 836 1983 920 devenero,
2012 836 2208 902 velim
2251 856 2603 923 procurare
2618 835 2670 915 ¹3
2716 834 2865 898 item
2910 829 3080 926 quod
3124 854 3254 896 non
3281 830 3472 896 velim
3503 829 3726 897 deter-

875 940 1124 1002 minare
1166 938 1293 1001 nisi
1338 936 1559 1002 habito
1600 937 1868 1029 signeto.

1037 1092 1352 1150 Hiernach
1389 1111 1503 1150 von
1546 1094 1808 1150 ander-er
1845 1090 2044 1150 Hand
2079 1089 2505 1167 hinzuqesetzt:

1039 1239 1203 1303 Item
1265 1238 1439 1324 quod
1491 1237 1685 1302 velim
1742 1235 1999 1324 publice
2056 1235 2484 1301 determinare
2538 1243 2688 1299 ante
2742 1233 2934 1297 finem
2996 1229 3323 1318 sequentis
3385 1230 3730 1311 examinis,

796 1348 828 1404 5
881 1339 1010 1403 nisi
1053 1360 1170 1424 per
1210 1336 1583 1402 facultatem
1627 1358 1822 1423 super
1859 1335 1983 1401 hoc
2027 1357 2278 1400 mecum
2321 1335 2516 1399 fuerit
2557 1334 3021 1422 dispensatum.

1048 1794 1239 1853 Danu
1286 1793 1426 1851 sind
1465 1794 1504 1854 2
1545 1791 1746 1851 Seiten
1787 1794 1910 1850 leer
1947 1794 2256 1868 yelasseu5
2299 1791 2543 1864 darauf
2573 1789 2809 1867 beqinnt
2849 1789 3067 1847 wieder
3108 1788 3202 1848 die
3245 1796 3404 1847 crete
3442 1788 3669 1847 Hand.-

1684 1960 1753 2010 11.
1807 1961 1926 2009 Die
1960 1957 2462 2020 Magistranden
2496 1954 2899 2004 betreffend.

884 2090 1007 2179 [Bl.
1051 2087 1194 2177 36¹³]
1245 2090 1873 2179 Subsequencia
1914 2089 2201 2175 legere
2238 2095 2555 2152 tenetur
2597 2085 3372 2173 quilibet'decanus
3414 2106 3736 2173 promo·

960 2192 1137 2256 veri
1178 2190 1665 2255 volentibus
1708 2191 1807 2255 ad
1848 2189 2195 2275 gradum
2238 2187 2763 2273 magisterii²
2808 2189 2886 2250 in
2926 2186 3252 2252 artibus
3293 2196 3654 2272 tempore

804 2300 868 2356 10
1076 2289 1748 2376 dispensacionis
1792 2300 1869 2355 et
1911 2299 2280 2375 tempore
2321 2286 2915 2373 inscripcionis
2960 2309 3094 2352 seu
3137 2287 3538 2352 introitus

2050 2387 2151 2453 ad
2206 2407 2563 2452 examen.

889 2547 954 2606 10-
1003 2558 1075 2607 IN
1117 2556 1306 2618 QUOT
1351 2555 1975 2605 DISPUTACIONIBUS
2031 2516 2426 2603 ORDnffARns
2480 2552 2940 2601 PROMOVENDI
2992 2553 3088 2601 AD
3140 2551 3616 2601 MAGISTERIUR
3666 2553 3737 2599 m

1708 2654 2004 2704 ARTIBUS
2052 2653 2426 2702 TENENTUR
2469 2650 2906 2700 COMPARERE.

2022 2773 2140 2836 Vgl.
2177 2772 2471 2834 Hauptstat.
2512 2770 2590 2821 12.

816 2899 876 2954 15
1060 2886 1351 2968 Quilibet
1392 2888 1926 2969 baccalariorum,
1975 2889 2045 2951 in
2090 2886 2339 2951 artibus
2384 2883 2610 2949 volens
2664 2885 3052 2971 promoveri,
3095 2906 3216 2972 pro
3258 2884 3501 2951 honore
3538 2882 3734 2948 facul-

886 2989 1038 3053 tatis
1105 2990 1353 3052 arcium
1413 2990 1481 3052 in
1543 2989 1768 3053 decem
1829 2985 2389 3074 disputacionibus
2437 2972 2797 3049 ¹ordinariis
2857 2986 2928 3049 in
2984 2983 3214 3048 habitu
3273 2984 3525 3070 integro
3593 2994 3735 3047 ante

888 3089 1297 3174 apercionem
1354 3089 1793 3177 temptaminis
1849 3110 1889 3152 a
1947 3086 2267 3173 principio
2329 3084 2514 3149 tercii
2579 3083 3016 3170 sophismatia,
3076 3105 3408 3171 quousque
3462 3084 3736 3170 quinque

886 3189 1185 3273 magistri
1228 3187 1608 3273 arguebant,
1654 3198 1735 3270 et,
1777 3210 1859 3252 ne
1901 3186 2369 3272 respondentes
2412 3182 2733 3266 deficiant,
2780 3194 3047 3270 paratus
3091 3183 3177 3247 ad
3219 3182 3734 3270 respondendum

896 3287 983 3352 ad
1023 3310 1471 3374 quamcunque
1527 3298 1777 3374 partem
1819 3296 2074 3351 tenetur
2118 3306 2516 3371 comparere,
2577 3283 2696 3349 sub
2756 3305 2968 3368 poena
3021 3305 3149 3348 non
3202 3282 3614 3347 admissionis
3656 3279 3734 3346 ad

809 3395 878 3452 20
898 3390 1310 3475 temptamen,
1351 3388 1478 3451 nisi
1515 3385 1863 3473 diligencia
1903 3384 2199 3451 adhibita
2231 3381 2638 3449 commodose
2663 3381 3054 3469 tappardum
3087 3382 3331 3448 habere
3361 3406 3489 3448 non
3517 3382 3734 3469 potuit,

895 3485 976 3550 de
1015 3509 1139 3574 quo
1182 3485 1555 3552 facultatem
1596 3509 1714 3573 per
1756 3495 1952 3551 testes
1994 3485 2100 3549 vel
2146 3507 2333 3554 suum
2373 3481 2804 3547 iuramentum
2845 3480 3240 3547 informabit.

1705 3658 1765 3718 2.
1808 3669 1998 3720 mem
2038 3669 2131 3715 AD
2178 3667 2468 3716 GRADUM
2510 3665 2927 3716 MAGIS-rann.

2035 3788 2156 3851 Vgl.
2194 3787 2485 3849 Hauptstat.
2522 3784 2603 3836 21.

1059 3906 1223 3970 Item
1284 3904 1369 3970 ad
1430 3902 1706 3990 gradum
1762 3902 2123 3987 magisterii
2172 3908 2319 3964 sunt
2374 3898 2526 3963 libri
2563 3898 2706 3962 isti:
2784 3899 3273 3985 topicorum,
3326 3897 3423 3962 de
3476 3897 3734 3977 coele,

811 4004 991 4071 25de
1053 4005 1645 4090 generacione,
1704 3999 2359 4087 methaphisica,
2421 4020 2690 4084 parva
2743 3996 3211 4080 naturalia,
3267 3997 3735 4076 ethicorum,

891 4104 1443 4192 politicorum,
1500 4103 2216 4188 yconomicorum,
2281 4097 2819 4182 perspectiva
2861 4098 3332 4180 communis,
3377 4097 3735 4162 theorica

900 4203 1463 4290 planetarum,
1516 4200 1942 4282 Euclides,
1999 4198 2236 4284 loyca
2291 4195 2636 4279 Hesbri,
2689 4197 3224 4262 arismetrica
3275 4197 3735 4276 communis,

893 4304 1204 4367 musica
1243 4300 1543 4382 Muris,
1586 4299 2207 4364 metheororum.
3190 4368 3212 4409 ο

1229 4474 1284 4536 3.
1361 4485 1455 4532 DE
1501 4481 1891 4532 Exnnclcns
1935 4482 2030 4530 AD
2074 4480 2366 4528 GRADUM
2407 4478 2808 4528 mffls'rmm
2851 4479 3425 4531 PERTmEN'rmUS.

810 4612 879 4668 30
2015 4600 2136 4663 Vgl.
2183 4601 2474 4663 Hauptstat.
2515 4598 2595 4649 24.
2699 4553 2712 4574 r

1060 4720 1225 4784 Item
1265 4717 1477 4782 nullus
1522 4717 1717 4782 debet
1758 4714 2013 4779 admitti
2057 4711 2142 4777 ad
2181 4721 2572 4798 temptamen
2613 4734 2733 4798 pro
2769 4713 2981 4797 gradu
3007 4714 3386 4800 magisterii,
3414 4714 3542 4778 nisi
3570 4711 3729 4799 prius

898 4820 1152 4883 steterit
1205 4819 1273 4883 in
1334 4818 1671 4882 exerciciis
1730 4814 2195 4899 infrascriptis,
2259 4810 2504 4876 scilicet
2562 4807 2667 4896 [37
2683 4807 2737 4898 ⁸]
2793 4813 3328 4900 methaphisicae,
3381 4813 3728 4888 ethicorum,

902 4918 1320 5003 phisicorum,
1378 4917 1618 4982 veteris
1683 4916 1864 4996 artis,
1919 4935 2085 5000 quae
2145 4920 2296 4976 sunt
2353 4912 2779 4992 necessitatis,
2837 4911 3314 4977 metheororum
3371 4911 3475 4976 vel
3531 4910 3730 4998 parvis

900 5015 1307 5082 naturalibus
1366 5038 1486 5101 pro
1543 5037 1693 5098 unc,
1756 5016 1825 5078 in
1885 5012 1966 5077 de
2028 5011 2206 5076 coelo
2268 5021 2332 5074 et
2392 5007 2631 5074 mundo
2674 5008 2781 5074 vel
2824 5010 2905 5076 de
2962 5014 3387 5097 generacione
3447 5034 3563 5097 pro
3601 5027 3727 5086 uno,

1062 5255 1080 5304 l
1122 5248 1383 5320 Anfangs
1418 5266 1531 5303 war
1564 5243 1921 5318 geschrieben
1950 5245 2192 5312 firmiter
2226 5243 2529 5297 oham-vare.

1060 5340 1090 5389 2
1128 5333 1235 5388 Die
1271 5333 1471 5389 Worte
1506 5333 1588 5385 ad
1615 5332 1851 5401 qradum
1884 5330 2193 5399 maqieterii
2228 5327 2349 5382 sind
2385 5327 2486 5381 mit
2519 5323 2825 5381 schwarzer
2857 5325 3070 5382 Schrift
3102 5326 3520 5398 eingeschoben.
