4038 6358
836 697 956 760 454
1813 692 1913 744 Die
1948 690 2386 757 philosophinche
2419 689 2674 742 Facultit.

1659 923 1836 989 VIII.
1882 940 2383 990 CAPITULUM
2427 939 2841 989 oc‘rAvtm.

955 1076 1291 1142 Statuta
1333 1073 1932 1163 subsequentia
1970 1081 2479 1138 concernunt
2515 1069 2963 1154 lectiones,
3023 1071 3442 1136 exercitia
3479 1078 3556 1135 et

1450 1174 2071 1261 resumpciones
2124 1172 2521 1260 publicas
2575 1171 3038 1238 facultatis.

1297 1349 1345 1407 1.
1387 1357 1623 1406 nonus
1665 1356 2160 1404 D1STRIBUEND1
2203 1355 2591 1404 LEc'rmNEs
2633 1355 2769 1404 PRO
2810 1354 3213 1403 ommumo.

750 1483 780 1538 5
1001 1472 1256 1556 Placet,
1311 1474 1482 1560 quod
1534 1471 1762 1548 modus
1823 1469 2255 1536 distribuendi
2311 1470 2621 1536 lectiones
2676 1493 2797 1558 pro
2855 1470 3184 1540 ordinario
3227 1470 3338 1534 fiet
3379 1492 3502 1557 per
3541 1492 3703 1535 sor-

832 1580 958 1636 tem
975 1621 992 1654 ,
1046 1571 1253 1638 donec
1305 1572 1577 1638 facultas
1632 1570 1809 1636 aliud
1861 1570 2222 1646 decreverit
2284 1569 2652 1635 faciendum
2673 1618 2690 1651 ,
2754 1571 2850 1634 sic
2903 1568 3073 1656 quod
3125 1571 3449 1656 recipiens
3508 1568 3704 1635 ordi-

831 1673 1086 1738 narium
1129 1671 1357 1739 habitu
1397 1670 1758 1757 magistrali
1802 1693 1948 1735 cum
1986 1670 2183 1734 mitra
2220 1668 2324 1734 vel
2369 1669 2578 1736 bireto
2622 1669 2705 1733 sit
2752 1668 3015 1734 indutus
3031 1715 3049 1751 ,
3108 1678 3172 1733 et
3222 1668 3398 1756 quod
3450 1691 3699 1734 omnes

830 1770 980 1835 libri
1017 1793 1136 1857 pro
1172 1770 1483 1857 gradibus
1517 1779 1648 1835 tam
1683 1769 2040 1855 magisterii
2085 1792 2281 1855 quam
2316 1764 2795 1836 baccalariatus
2841 1769 3140 1857 primitus
3178 1765 3697 1850 distribuantur,

835 1869 1067 1959 quibus
1123 1869 1209 1934 ad
1263 1870 1524 1957 plenum
1578 1892 1708 1933 non
1768 1868 2166 1950 distributis,
2209 1891 2341 1933 non
2382 1868 2623 1955 poterit
2681 1867 2917 1955 aliquis
2970 1867 3438 1953 magistrorum
3482 1866 3701 1932 aliam

758 1981 819 2034 10
840 1980 1027 2034 extra
1066 1969 1225 2033 istas
1268 1970 1593 2055 recipere3
1660 1967 1775 2032 sed
1829 1976 2171 2054 postquam
2231 1989 2453 2032 omnes
2512 1976 2818 2055 receptae
2872 1967 3144 2049 fuerint,
3198 1976 3356 2032 tunc
3402 1968 3550 2054 quis
3599 1989 3697 2031 ex

830 2067 1126 2151 residuis,
1170 2090 1616 2155 quamcunque
1667 2067 1979 2148 voluerit,
2019 2067 2310 2153 recipere
2351 2069 2607 2154 poterit.
2693 2067 2783 2131 Et
2820 2066 2927 2132 hic
2969 2066 3200 2132 modus
3243 2065 3696 2131 distribuendi

835 2177 1125 2234 servetur
1169 2168 1570 2234 uniformiter
1620 2177 1750 2231 tam
1810 2189 1933 2254 quo
1993 2165 2078 2230 ad
2135 2164 2478 2231 hiemalem
2531 2189 2730 2254 quam
2786 2167 2991 2231 eciam
3049 2165 3431 2230 aestivalem
3472 2179 3689 2230 muta-

834 2268 1081 2332 cionem
1096 2315 1113 2348 ,
1156 2289 1287 2331 non
1330 2266 1626 2331 obstante
1669 2266 1931 2352 antiquo
1978 2273 2217 2330 statuto
2275 2264 2465 2330 aliter
2523 2265 2905 2353 disponente
2949 2285 3076 2349 quo
3125 2263 3213 2329 ad
3252 2266 3689 2330 mutationem

831 2365 1225 2430 aestivalem.
1309 2366 1400 2430 Et
1425 2365 1703 2451 recipiat
1730 2363 2000 2452 quilibet
2028 2366 2508 2449 magistrorum,
2544 2366 2898 2451 praecipue
2938 2385 3126 2450 quem
3169 2363 3331 2429 ordo
3374 2364 3688 2449 tetigerit,

754 2475 814 2529 15
831 2463 1169 2530 lectionem
1220 2488 1341 2552 pro
1397 2463 1610 2549 gradu
1671 2473 1734 2528 et
1785 2470 1938 2528 ante
1995 2462 2189 2527 finem
2242 2461 2727 2528 distribucionis
2785 2462 3137 2527 earundem
3195 2486 3315 2550 pro
3358 2461 3686 2549 gradibus

829 2587 959 2628 non
1020 2563 1240 2647 cedat,
1299 2562 1414 2627 sed
1468 2564 1535 2627 in
1596 2562 1822 2628 ordine
1881 2583 1998 2627 suo
2057 2561 2282 2628 sedere
2326 2573 2619 2646 maneat,
2679 2562 2797 2628 sub
2859 2586 3069 2651 poena
3122 2564 3466 2629 carenciae
3506 2572 3688 2627 actu·

834 2665 1176 2749 regenciae
1213 2660 1299 2728 ad
1332 2661 1612 2727 medium
1654 2685 1911 2727 annum.
1995 2660 2255 2726 Placuit
2297 2663 2524 2744 eciam,
2564 2661 2738 2749 quod
2781 2661 3088 2750 deinceps
3134 2685 3357 2728 omnes
3402 2673 3686 2748 quatuor

833 2761 984 2826 libri
1027 2762 1349 2849 parciales
1390 2784 1740 2848 parvorum
1784 2758 1940 2847 [13⁸]
1974 2759 2384 2844 naturalium,
2431 2770 2502 2825 ut
2544 2760 2624 2825 de
2668 2784 2860 2827 sensu
2905 2772 2968 2827 et
3017 2772 3298 2845 sensat0,
3343 2761 3428 2827 de
3456 2784 3689 2827 somno

834 2871 897 2925 et
949 2861 1176 2947 vigilia
1195 2910 1212 2943 ,
1258 2861 1339 2925 de
1394 2861 1702 2924 memoria
1756 2869 1817 2924 et
1871 2861 2363 2924 reminiscencia
2381 2909 2398 2942 ,
2444 2858 2525 2923 de
2567 2859 2969 2946 longitudine
3013 2870 3076 2926 et
3116 2861 3444 2926 brevitate
3486 2862 3688 2943 vitae,

750 2969 818 3024 20
835 2970 1103 3047 propter
1166 2958 1615 3024 comoditatem
1678 2958 1986 3023 audiendi
2049 2958 2309 3023 eosdem
2382 2960 2550 3023 inter
2618 2961 2962 3046 magistros
3024 2983 3145 3048 pro
3211 2984 3345 3026 una
3403 2960 3689 3026 lectione

836 3058 1336 3142 distribuantur3
1395 3068 1459 3122 et
1496 3059 1580 3122 sit
1622 3056 1797 3123 dicta
1839 3056 2070 3140 „lectio
2117 3079 2470 3143 parvorum
2512 3057 2969 3123 naturalium.“

959 3233 1014 3293 2.
1056 3242 1245 3303 Quor
1283 3240 1685 3307 Lssc'monns,
1729 3223 2100 3288 Exnnmm
2142 3242 2280 3289 Aur
2324 3242 2850 3291 nsssuupmonns
2896 3242 3033 3291 UNA
3076 3242 3234 3290 vmss
3274 3243 3556 3291 HABERE

1983 3339 2140 3400 oms
2193 3340 2517 3388 Po'rmu'r.

999 3454 1258 3538 Placet,
1304 3454 1476 3543 quod
1533 3454 1801 3542 quilibet
1857 3455 2314 3540 magistrorum
2365 3456 2558 3521 unica
2608 3455 2878 3522 lectione
2931 3467 2996 3522 et
3048 3479 3175 3522 uno
3220 3456 3538 3521 exercitio
3598 3479 3687 3521 ac

753 3565 818 3621 25
838 3557 1029 3621 unica
1074 3555 1334 3643 publica
1373 3555 1810 3641 resumptione
1850 3576 1980 3618 una
2024 3554 2165 3618 vice
2220 3554 2305 3618 sit
2360 3564 2725 3639 contentus,
2770 3555 2890 3622 sub
2948 3555 3124 3621 horis
3168 3564 3387 3621 tamen
3430 3578 3551 3642 per
3592 3556 3691 3619 fa.-

838 3656 1139 3720 cultatem
1182 3657 1431 3719 arcium
1469 3652 1554 3718 ad
1597 3652 1715 3718 hos
1755 3662 1940 3718 actus
1985 3653 2331 3739 deputatis.

1166 3826 1221 3887 3.
1265 3835 1553 3897 QUANDO
1599 3835 1982 3885 LECTIONES
2023 3835 2159 3884 PRO
2205 3834 2439 3883 GRADU
2481 3837 2627 3885 NON
2668 3838 2948 3886 DEBENT
2992 3838 3345 3889 INCHOARI.

1006 3951 1236 4018 Nullus
1267 3952 1727 4038 magistrorum
1770 3952 2043 4037 incipiat
2075 3949 2291 4037 legere
2325 3950 2606 4039 aliquem
2638 3951 2877 4019 librum
2924 3954 3009 4020 ad
3062 3954 3341 4041 gradum
3384 3966 3685 4042 spectan—

842 4061 969 4116 tem
1005 4061 1154 4117 ante
1196 4053 1429 4117 festum
1464 4050 1728 4136 Georgii
1774 4060 1886 4115 aut
1921 4048 2116 4133 Galli,
2160 4050 2288 4114 nisi
2331 4051 2513 4117 cuius
2554 4053 2966 4119 medietatem
3006 4053 3280 4141 legendo
3324 4053 3687 4121 secundum

753 4159 1083 4216 30statuta
1135 4150 1459 4217 facultatis
1523 4151 1725 4236 possit
1782 4151 1967 4214 finire
2023 4159 2172 4214 ante
2228 4149 2396 4214 festa
2446 4151 2818 4238 praedicta,
2876 4152 2992 4217 sed
3047 4163 3434 4241 exspectare
3490 4153 3689 4219 debet

840 4258 1096 4336 tempus
1143 4250 1492 4338 incipiendi
1533 4272 1650 4336 per
1686 4248 2059 4314 facultatem
2102 4249 2492 4315 ordinatum.

836 4421 895 4482 4.
951 4435 1044 4481 DE
1084 4432 1614 4483 ACTUREGENCIA
1661 4432 1750 4478 ΕΤ
1805 4431 2089 4491 QUANDO
2137 4432 2523 4482 LECTIONES
2578 4434 2902 4482 DEBEANT
2945 4434 3310 4502 mennam,
3352 4436 3474 4484 UBI
3517 4434 3685 4484 LEGI

1954 4533 2047 4580 ET
2104 4532 2549 4581 CONTINUARI.

1005 4646 1294 4729 Quilibet
1335 4648 1825 4733 magistrorum,
1869 4647 2093 4712 volens
2134 4669 2276 4713 esse
2319 4656 2700 4735 acturegens
2718 4697 2735 4731 ,
2781 4647 2973 4714 debet
3014 4649 3301 4737 incipere
3346 4672 3536 4714 suum
3578 4672 3699 4721 or:

753 4746 1162 4812 35dinarium
1194 4746 1536 4812 hiemalem
1564 4746 1756 4833 paulo
1793 4756 1942 4812 ante
1969 4747 2204 4811 festum
2238 4748 2520 4812 omnium
2554 4755 2924 4813 sanctorum
2950 4757 3062 4813 aut
3087 4747 3323 4813 festum
3363 4748 3678 4815 Iohannis

839 4854 987 4910 ante
1030 4855 1286 4934 portam
1328 4845 1598 4910 latinam
1640 4866 1764 4933 quo
1809 4845 1894 4910 ad
1936 4847 2365 4911 mutacionem
2409 4845 2821 4930 aestivalem,
2869 4847 2925 4912 si
2969 4864 3277 4935 praesens
3338 4848 3569 4931 fuerit3
3623 4850 3681 4914 si

838 4954 1054 5009 autem
1100 4945 1368 5028 absens,
1413 4955 1566 5009 tunc
1608 4944 1982 5010 conceditur
2024 4946 2084 5009 ei
2127 4954 2378 5032 tempus
2422 4945 2779 5033 incipiendi
2819 4956 2882 5012 et
2922 4945 3279 5033 recipiendi
3331 4945 3678 5012 lectionem

841 5053 989 5109 ante
1029 5044 1263 5109 festum
1305 5045 1664 5109 nativitatis
1712 5044 1912 5112 Cristi
1954 5045 2024 5108 in
2059 5043 2269 5109 hieme
2312 5053 2376 5109 et
2417 5054 2567 5110 ante
2605 5045 2839 5110 festum
2880 5044 3187 5111 Iohannis
3225 5045 3571 5134 Baptistae
3608 5049 3677 5112 in

841 5151 1105 5208 aestate.
1187 5143 1276 5208 Et
1303 5152 1554 5209 tenetur
1585 5144 1855 5231 quilibet
1884 5143 2282 5209 ordinarium
2311 5167 2495 5210 suum
2520 5167 2639 5232 per
2668 5167 2739 5210 se
2776 5143 2993 5231 legere
3037 5144 3298 5233 publice
3339 5148 3408 5211 in
3455 5145 3672 5236 aliquo

758 5249 826 5306 40
842 5238 1270 5326 lectoriorum,
1315 5244 1442 5308 nisi
1486 5243 1730 5309 decano
1775 5244 2153 5327 constiterit,
2195 5244 2369 5330 quod
2408 5243 2744 5310 lectorium
2784 5243 3027 5311 habere
3063 5267 3195 5311 non
3234 5248 3515 5332 poterit,
3568 5247 3673 5314 vel

845 5340 900 5405 si
952 5339 1184 5428 aliquis
1225 5343 1682 5429 magistrorum
1735 5343 2109 5413 infirmitate
2150 5342 2256 5411 vel
2308 5342 2442 5411 alia
2492 5344 2776 5411 instante
2830 5366 3031 5411 causa
3079 5346 3453 5413 necessaria
3522 5370 3667 5434 gra-
