4038 6358
1595 519 1830 571 Libellus
1864 519 2181 571 (minuistis.
3186 520 3303 583 119

500 704 600 764 72.
669 716 1064 767 nmmum
1107 719 1200 766 DE
1243 719 1681 769 OLAMORIBUS
1721 718 1866 767 NON
1909 718 2388 782 SUSOITANDIS,
2438 717 2645 766 smus
2686 718 2830 767 NON
2873 716 3266 768 PORTANDIS

924 818 1017 866 ΕΤ
1060 818 1494 868 INSOLEN'I'IIS
1539 817 2072 881 QUIBUSCUNQUE
2113 818 2260 867 NON
2301 817 2846 867 PERPETRANDLS.

638 930 818 1013 Quia
858 933 1168 1000 hactenus
1210 934 1542 1000 nocturnis
1583 934 1985 1022 temporibus
2040 957 2159 1022 per
2199 931 2509 999 nonnulla
2548 933 2882 1019 praefatae
2922 935 3305 1000 universita-

457 1031 546 1096 tis
590 1035 936 1119 supposita
979 1034 1292 1101 clamores
1332 1034 1697 1117 horribiles,
1743 1056 2037 1100 enormes
2081 1031 2557 1100 exorbitantiae
2599 1054 2679 1098 ac
2716 1032 2828 1098 alii
2868 1032 3307 1099 intolerabiles

460 1151 807 1214 excessus,
859 1154 943 1198 ex
995 1134 1228 1222 quibus
1285 1145 1348 1200 et
1401 1134 1759 1222 praesentis
1816 1132 2045 1220 oppidi
2099 1134 2274 1198 cives
2333 1141 2399 1197 et
2448 1133 2745 1219 inquilini
2800 1135 2870 1198 in
2921 1137 3055 1198 suis
3109 1130 3304 1198 rebus
3323 1140 3356 1197 5

462 1229 709 1297 damna
747 1228 1217 1322 violentiasque
1259 1235 1555 1322 perpessi
1596 1242 1779 1315 sunt,
1821 1234 1954 1299 acti
1996 1234 2483 1321 perpetratique
2527 1234 3029 1320 conspiciuntur,
3082 1252 3306 1319 eapro-

462 1342 634 1418 pter,
677 1341 749 1397 ut
785 1331 1153 1400 huiusmodi
1198 1333 1568 1399 enormibus
1614 1331 1988 1399 excessibus
2033 1355 2111 1398 ac
2153 1332 2405 1399 frivolis
2449 1332 2902 1401 exorbitantiis
2930 1333 2999 1397 in
3021 1333 3307 1397 futurum

462 1432 825 1518 rigorosius
891 1428 990 1520 [31
1006 1430 1059 1520 ¹²]
1128 1443 1538 1517 occurratur,
1596 1432 1867 1498 mandat
1918 1431 2017 1498 .N.
2074 1442 2287 1498 rector
2360 1432 2657 1498 omnibus
2719 1442 2784 1497 et
2844 1431 3116 1519 singulis
3169 1434 3306 1497 uni-

463 1533 798 1597 versitatis
843 1532 1135 1598 eiusdem
1175 1534 1529 1621 suppositis
1571 1531 1925 1597 districtius
1968 1530 2339 1616 inhibendo,
2381 1542 2695 1618 quatenus
2735 1530 2982 1596 nullum
3022 1534 3309 1619 ipsorum

462 1631 775 1719 deinceps
815 1631 1129 1698 clamores
1168 1632 1509 1698 horribiles
1553 1641 1668 1699 aut
1708 1641 1933 1697 cantus
1974 1632 2269 1698 insolitos
2312 1634 2381 1697 in
2424 1632 2658 1719 plateis
2698 1641 2812 1697 aut
2838 1630 3126 1718 collegiis
3169 1655 3303 1698 sus-
3329 1643 3391 1698 10

459 1735 619 1798 citet
682 1740 795 1797 aut
855 1754 1040 1797 arma
1081 1730 1363 1814 deferat,
1422 1754 1538 1796 seu
1596 1729 1847 1797 civibus
1888 1731 1994 1796 vel
2034 1730 2365 1821 inquilinis
2404 1731 2592 1797 huius
2637 1729 2861 1847 oppidi
2903 1730 3008 1796 vel
3047 1730 3306 1818 quibus·

459 1852 716 1920 cunque
769 1830 917 1896 aliis
970 1853 1093 1896 nec
1151 1832 1219 1896 in
1274 1782 1470 1897 rebus
1519 1852 1641 1896 nec
1693 1833 1761 1895 in
1806 1832 2102 1918 personis
2146 1830 2385 1896 damna
2421 1830 2584 1896 vel'
2566 1833 2835 1896 iniurias
2877 1832 3143 1908 inferat,
3199 1841 3311 1897 aut

461 1930 629 1996 alias
671 1952 1087 2020 quascunque
1127 1930 1507 1997 insolentias
1547 1932 1787 1996 excitet
1824 1929 1929 1996 vel
1977 1929 2460 2019 quomodolibet
2501 1940 2883 2019 perpetrare
2914 1942 3307 2019 praesumat.

460 2031 602 2096 Sub
631 2052 844 2120 poena
884 2032 1212 2096 carentiae
1253 2030 1622 2097 libertatum
1660 2031 2104 2096 universitatis
2144 2040 2257 2096 aut
2293 2029 2708 2116 relegationis
2750 2029 2856 2096 vel
2898 2032 3149 2116 maiori,
3191 2054 3310 2120 per

457 2131 950 2196 universitatem
995 2130 1321 2197 dictanda.
1402 2131 1651 2196 Datum
1698 2137 2060 2196 rectoratus
2106 2141 2222 2197 etc.
3330 2142 3390 2197 15

779 2285 878 2346 73.
940 2254 1331 2353 Paocassus
1372 2300 1465 2347 ΕΤ
1508 2297 1747 2347 romu
1789 2296 2188 2346 clu‘rmms
2229 2296 2549 2347 Amemus
2595 2296 3004 2347 s'runswms.

629 2415 766 2480 Nos
808 2415 901 2481 .N.
943 2424 1159 2481 rector
1208 2423 1432 2481 tenore
1480 2413 1923 2501 praesentium
1971 2411 2232 2501 publice
2274 2434 2355 2478 ac
2395 2414 2832 2501 peremptorie
2876 2414 3151 2480 citamus
3195 2415 3306 2498 .N.,

457 2525 724 2581 nostrae
763 2516 1207 2581 universitatis
1249 2516 1688 2604 suppositum,
1730 2524 2053 2601 quatenus
2091 2537 2264 2581 nona
2301 2513 2407 2580 die
2443 2524 2595 2601 post
2631 2513 3074 2580 executionem
3118 2536 3305 2601 prae·

460 2617 762 2698 sentium,
808 2636 1079 2702 quorum
1119 2613 1380 2703 quidem
1422 2636 1656 2681 novem
1699 2613 1951 2680 dierum
1997 2616 2061 2680 ei
2100 2624 2236 2681 tres
2276 2635 2398 2701 pro
2442 2613 2672 2701 primo,
2716 2624 2848 2678 tres
2898 2635 3020 2701 pro
3061 2615 3135 2679 2⁰
3148 2663 3168 2697 ,
3208 2635 3307 2678 re-

457 2715 671 2801 liquos
732 2737 888 2780 vero
931 2724 994 2779 et
1030 2714 1293 2781 ultimos
1335 2726 1467 2780 tres
1514 2713 1653 2781 dies
1694 2737 1817 2802 pro
1855 2716 2045 2780 tertio
2095 2722 2162 2780 et
2200 2714 2637 2802 peremptorio
2680 2714 2955 2778 termino
2993 2707 3072 2777 ac
3113 2735 3302 2778 cano-
3322 2722 3390 2778 20

457 2816 612 2880 nica
666 2814 1017 2880 monitione
1076 2814 1530 2902 praefigimus,
1598 2837 1817 2880 coram
1870 2814 2060 2880 nobis
2116 2836 2194 2879 ac
2254 2811 2692 2881 assessoribus
2753 2812 2993 2877 nostris
3050 2813 3118 2877 in
3166 2811 3307 2878 loco

457 2924 728 2980 nostrae
786 2915 1015 2981 solitae
1073 2914 1463 2980 residentiae
1517 2914 1803 3001 legitime
1860 2923 2263 3001 compareat,
2329 2935 2471 2978 sese
2511 2910 2592 2977 de
2633 2910 3002 2995 homicidio,
3044 2915 3114 2977 in
3156 2934 3306 2999 per-

457 3037 626 3080 sona
676 3013 1000 3101 quondam
1056 3011 1160 3102 [32
1173 3011 1227 3102 ὃ]
1286 3013 1552 3081 discreti
1589 3014 1684 3079 .N.
1727 3016 2071 3081 commisso
2112 3036 2190 3079 ac
2230 3022 2604 3101 perpetrato
2622 3061 2641 3096 ,
2702 3011 2782 3078 de
2837 3035 2961 3101 quo
3003 3010 3305 3099 multipli-

457 3116 624 3181 eiter
665 3114 1014 3182 infamatus
1053 3123 1118 3179 et
1163 3137 1204 3179 a
1244 3113 1589 3202 fidedignis
1634 3113 2061 3182 denunciatus
2107 3115 2347 3198 existit,
2393 3122 2874 3201 expurgaturus
2919 3120 3032 3178 aut
3070 3133 3303 3178 causas

453 3213 914 3297 rationabiles,
961 3218 1018 3280 si
1059 3237 1220 3303 quas
1263 3213 1593 3297 habuerit,
1637 3237 1752 3280 cur
1793 3214 1880 3280 ad
1926 3217 2291 3303 praemissa
2328 3237 2459 3280 non
2500 3223 2828 3295 teneatur,
2887 3212 3301 3299 allegaturus.
3322 3221 3387 3277 25

453 3314 768 3403 Alioquin
781 3363 802 3397 ,
858 3316 914 3379 si
956 3336 1140 3397 secus
1183 3315 1408 3380 fecerit
1422 3362 1441 3397 ,
1501 3313 1676 3379 dicto
1724 3316 2051 3380 citationis
2094 3315 2366 3380 termino
2411 3312 2633 3402 elapso
2676 3313 2763 3378 ad
2805 3314 2942 3378 eius
2986 3313 3304 3380 exclusio·

454 3437 608 3482 nem
622 3464 641 3498 ‚
686 3416 1079 3482 contumatia
1119 3414 1328 3502 ipsius
1369 3414 1438 3479 in
1479 3413 1696 3501 aliquo
1736 3436 1868 3481 non
1910 3413 2239 3500 obstante,
2281 3412 2723 3503 procedemus.
2809 3412 3057 3479 Datum
3096 3422 3301 3478 recto-

459 3524 647 3580 ratus
689 3524 811 3579 etc.

685 3654 781 3713 74.
845 3663 1183 3725 QUANTUM
1222 3663 1396 3713 TRES
1439 3664 1799 3714 CIVITATES
1844 3663 2307 3716 SUBSCRIPTAE
2350 3665 2662 3714 SOLVERE
2708 3664 3082 3714 COGANTUR

1626 3764 2135 3814 UNIVERSITATI.
3317 3756 3387 3811 30

626 3878 1051 3946 Weissenfels
1096 3879 1344 3946 solvere
1385 3890 1639 3946 tenetur
1681 3881 2016 3946 annuatim
2058 3882 2465 3949 universitati
2510 3899 2742 3946 .xxxv.
2789 3902 3150 3968 sexagenas
3188 3902 3301 3946 no-

454 4003 612 4063 vas,
675 3999 941 4046 .xxxm.
999 4004 1093 4067 gr.
1149 3990 1213 4046 et
1264 3998 1377 4046 .m.
1433 3980 1677 4064 obolos,
1773 3980 2058 4066 Torgaw
2114 3999 2275 4046 .xxl.
2330 4002 2693 4066 sexagenas
2744 3982 3017 4064 novas‚¹
3126 3979 3301 4045 Mitt-

453 4081 651 4168 weyd
693 4098 874 4146 ‚xvlL
918 4101 1282 4167 sexagenas
1323 4101 1545 4145 novas.
1569 4080 1596 4121 ²

636 4237 735 4298 75.
801 4248 1038 4297 MODUS
1087 4248 1453 4296 SCRIBENDI
1495 4247 2052 4296 PRAETACTARUM
2091 4247 2473 4296 CIVITATUM
2516 4247 2942 4298 CONSULIBUS
2985 4246 3123 4295 PRO

1154 4347 1483 4398 CENSIBUS
1527 4347 2014 4397 UNIVEBSITATI
2056 4347 2596 4397 PERSOLVENDIS.
3314 4337 3382 4393 35

637 4463 943 4529 Vnnsern
994 4463 1380 4534 fruntlicben
1434 4487 1591 4552 grus
1633 4465 1905 4531 zcuuorl
1971 4464 2251 4530 Ersame
2290 4466 2484 4530 weise
2524 4462 2848 4529 bsundere
2886 4472 3039 4548 gute
3085 4460 3300 4527 frund.

455 4564 800 4631 Nachdem
857 4563 983 4630 vch
1031 4563 1457 4648 wolbewusst,
1508 4565 1629 4628 wie
1686 4563 1805 4631 das
1857 4566 1916 4630 ir
1971 4586 2093 4628 vns
2148 4587 2279 4630 von
2320 4587 2545 4652 wegen
2597 4563 2729 4628 vnd
2771 4559 2875 4650 [32
2888 4558 2943 4648 b]
2988 4583 3074 4627 an
3124 4560 3301 4626 stadt

458 4683 778 4730 vnnserer
831 4663 1154 4751 guedigen
1207 4662 1366 4729 hern
1419 4686 1592 4729 vonn
1645 4663 1937 4731 Sachsen
1994 4687 2076 4728 .n.
2130 4673 2284 4750 gute
2336 4662 2576 4729 schock
2628 4673 2747 4728 etc.
2788 4661 2888 4726 vff
2915 4660 3297 4749 Walpurgis

459 4764 623 4829 ader
693 4762 1036 4830 Michaelis
1107 4760 1296 4829 nehst
1355 4764 1741 4831 vorschinen
1797 4762 2036 4854 jerlioh
2094 4785 2246 4829 auss
2302 4764 2673 4830 zcurichten
2730 4759 3080 4850 vorpflicht
3135 4771 3298 4849 seyt,

599 5054 620 5105 1
663 5048 774 5103 Am
812 5048 1007 5103 Raude
1042 5065 1151 5103 von
1183 5047 1282 5103 der
1319 5045 1484 5103 Hand
1520 5047 1618 5105 des
1651 5047 2018 5120 Nachfolgers
2054 5047 2151 5103 des
2183 5046 2302 5103 Ioh.
2336 5047 2533 5104 Fabri·
2577 5050 2639 5104 in
2667 5049 2933 5104 mmdinis
2969 5047 3252 5120 Lipczem.

595 5139 626 5190 2
660 5135 770 5189 Am
808 5133 1033 5188 Raude·
1069 5133 1129 5187 in
1166 5134 1394 5190 termino
1430 5133 1730 5191 Michaelis
1762 5133 1875 5188 und
1913 5131 2247 5204 Capitonem
2279 5134 2341 5187 in
2371 5133 2657 5190 Delitzsch
2694 5153 2793 5191 ..xv
2823 5134 3070 5206 florenos
3101 5135 3163 5189 in
3194 5140 3297 5188 ter·

455 5220 607 5274 mim
642 5218 1093 5275 ezromcisioais.
