4038 6358
684 599 761 662 16
1587 599 1689 651 Die
1724 598 2086 651 Reformation
2122 614 2246 650 vom
2277 598 2443 650 Jahre
2483 603 2625 651 1⁴96.

677 779 745 844 in
786 786 1090 865 quatuor,
1153 780 1433 848 secundo
1492 781 1560 847 in
1611 790 1757 848 octo
1772 831 1791 864 ,
1846 782 2047 850 tercio
2101 783 2170 848 in
2227 780 2509 847 sedecim
2565 781 2631 846 fl.
2690 780 3016 868 puniatur.
3097 779 3186 845 Et
3236 779 3513 846 dicimus

678 877 859 945 illum
886 877 1382 964 inobedientem,
1425 883 1535 967 qui
1566 881 1933 969 praeceptis
1966 881 2376 947 conventuris
2400 879 2636 947 bursae
2683 902 2857 965 suae,
2885 881 3202 963 nationis,
3227 879 3507 966 collegii,

677 977 1001 1044 facultatis
1043 988 1155 1045 aut
1196 982 1465 1045 rectoris
1511 980 1859 1047 secundum
1899 979 2373 1047 conclusionem
2398 980 2654 1046 consilii
2688 980 3138 1046 universitatis
3171 979 3276 1045 vel
3303 981 3515 1045 tocius

677 1079 1116 1144 universitatis
1159 1102 1290 1145 non
1331 1079 1649 1146 obedierit
1690 1082 1759 1145 in
1802 1080 2102 1145 futurum.

630 1188 663 1243 5
850 1177 1087 1245 Omnia
1130 1189 1193 1244 et
1247 1178 1504 1266 singula
1543 1179 1916 1245 ordinamus
1975 1189 2042 1245 et
2078 1178 2463 1245 mandamus
2507 1202 2626 1267 per
2669 1178 2967 1246 doctores
2981 1226 3001 1262 ,
3057 1179 3407 1266 magistros
3451 1185 3519 1243 et

678 1279 1018 1366 supposita
1056 1278 1498 1344 universitatis
1537 1281 1874 1368 praefatae
1915 1278 2378 1345 inviolabiliter
2415 1277 2652 1345 debere
2695 1278 3055 1362 observari,
3094 1300 3225 1344 non
3256 1277 3512 1346 obstan-

679 1376 852 1443 tibus
896 1377 1475 1462 constitutionibus,
1522 1378 2067 1463 ordinationibus,
2113 1380 2367 1446 statutis
2410 1387 2474 1444 et
2517 1376 3088 1444 consuetudinibus
3131 1378 3512 1443 universita-

679 1480 798 1561 tis,
862 1476 1239 1543 facultatum
1255 1526 1274 1561 ,
1318 1477 1771 1565 collegiorum,
1814 1480 2148 1544 nationum
2192 1501 2306 1545 seu
2342 1478 2706 1562 bursarum,
2751 1478 3111 1564 ceterisque
3140 1478 3515 1565 praemissis

681 1580 749 1643 in
791 1577 1184 1645 contrarium
1223 1577 1642 1643 facientibus:
1686 1577 2173 1665 quibuscunque
2214 1601 2370 1645 vero
2406 1578 2552 1644 aliis
2595 1579 2850 1644 statutis
2890 1588 2957 1643 et
2997 1576 3516 1644 ordinationibus

601 1686 666 1743 10
685 1678 939 1761 vestris,
980 1677 1356 1764 praemissis
1399 1699 1530 1744 non
1569 1677 2002 1761 obviantibus,
2045 1680 2115 1744 in
2154 1702 2268 1746 suo
2309 1679 2548 1745 robore
2591 1677 2938 1744 duraturis.

842 1809 1199 1875 Hortamur
1238 1811 1456 1896 igitur,
1496 1812 1688 1875 immo
1732 1811 2194 1899 praecipiendo
2224 1812 2513 1879 districte
2554 1811 2959 1893 mandamus,
3001 1821 3315 1897 quatenus
3354 1812 3518 1877 haec

681 1918 941 1975 nostrae
982 1909 1471 1975 reformacionis
1524 1919 1763 1976 statuta
1802 1909 2100 1976 benivole
2150 1913 2486 2001 recipiatis
2544 1935 2623 1978 ac
2663 1914 2732 1977 in
2772 1909 2941 1975 libro
2985 1915 3369 1975 statutorum
3409 1926 3516 1970 ve-

685 2018 963 2077 strorum
1004 2009 1275 2075 inscribi
1315 2011 1570 2075 faciatis
1606 2011 1645 2092 ¹,
1705 2009 1949 2076 eisdem
1992 2009 2073 2075 de
2121 2022 2333 2079 cetero
2388 2014 2597 2095 usuri,
2661 2010 2781 2076 sub
2834 2010 3091 2098 poenis,
3150 2007 3515 2096 privatione

686 2108 933 2175 sallarii
952 2110 1267 2196 primum,
1292 2108 1568 2193 demum,
1606 2109 1665 2174 si
1692 2110 2021 2175 temeritas
2042 2112 2663 2198 transgrediencium
2694 2110 2820 2177 hoc
2841 2110 3137 2197 exigerit,
3163 2105 3283 2173 sub
3307 2126 3518 2193 poena

605 2219 668 2274 15
689 2207 1076 2276 exclusionis
1120 2208 1205 2274 ab
1244 2210 1663 2274 universitate
1701 2208 2012 2296 praefata.

851 2308 1122 2374 Actum²
1143 2307 1363 2375 datum
1396 2308 1660 2395 Lipczk,
1707 2319 1771 2373 et
1810 2309 2022 2396 sigillo
2057 2320 2319 2376 nostrae
2344 2311 2369 2353 ³
2397 2311 2752 2376 maiestatis
2778 2318 2843 2374 et
2864 2306 3267 2373 auctoritatis
3307 2304 3515 2393 ponti-

686 2408 891 2475 ficalis
958 2410 1248 2496 appens'o
1314 2407 1721 2490 roboratum,
1790 2431 1958 2475 anno
2027 2409 2271 2476 domini
2326 2408 2849 2491 M⁰cccc⁰XLV1⁰,
2922 2405 3029 2471 die
3089 2419 3218 2471 ΧΠ·
3281 2404 3523 2469 mensis

687 2508 995 2574 Ianuarii.

786 2846 846 2910 '5.
914 2859 1050 2911 DES
1084 2860 1434 2913 BISCHOFS
1470 2859 1642 2913 TILO
1679 2861 2197 2916 REFORMATION
2234 2865 2318 2916 ΙΜ
2351 2859 2742 2914 AUFTRAGE
2779 2858 2924 2912 Um)
2963 2859 3095 2909 Mn·
3130 2855 3420 2909 zus'rm·

606 2932 678 2990 Ἄ)
1095 2944 1297 2997 MUNG
1333 2946 1477 2997 DER
1507 2944 1840 2997 HERZOGE
1876 2947 2260 3000 ALBRECHT
2295 2948 2439 3000 UND
2482 2944 2725 2997 GEORG
2756 2942 3125 2998 ERLASSEN

1761 3044 1846 3081 am
1888 3035 1964 3083 18.
2005 3029 2238 3082 October
2276 3031 2464 3083 1496.⁴

861 3161 937 3228 In
978 3163 1232 3229 nomine
1275 3160 1519 3253 domipi
1542 3160 1773 3228 Amen.
1859 3162 2037 3232 Tilo
2057 3214 2076 3248 ,
2120 3161 2226 3229 dei
2255 3173 2318 3229 et
2360 3162 2757 3251 apostolicae
2802 3159 2974 3228 sedis
3010 3159 3239 3247 gracia
3278 3157 3522 3246 episco-

695 3285 815 3351 pus
857 3261 1410 3351 Merssburgensis
1421 3311 1441 3347 ,
1495 3263 1723 3328 unicus
1781 3261 1992 3330 almae
2045 3264 2485 3330 universitatis
2538 3262 2735 3329 studii
2775 3261 3155 3350 Lipczensis
3212 3255 3524 3323 cancella·

695 3364 829 3429 rius
873 3362 1283 3449 eiusdemque
1306 3389 1319 3416 ι
1340 3361 1734 3450 apostolicus
1787 3373 2233 3448 conservator,
2290 3363 2771 3429 venerabilibus
2825 3362 2986 3427 viris
3030 3356 3522 3447 spectabilibus-

612 3470 680 3530 25
701 3485 824 3552 que
869 3460 1166 3546 dominis,
1212 3464 1468 3546 rectori,
1512 3462 1864 3560 magistris,
1909 3463 2287 3529 doctoribus
2317 3474 2382 3529 et
2422 3462 2844 3546 studentibus,
2887 3462 2956 3528 in
2998 3459 3174 3526 dicta
3216 3457 3534 3523 universi-

695 3574 833 3629 tate
869 3563 1217 3650 Lipczensi
1259 3561 1801 3652 commorantibus
1817 3612 1836 3646 ‚
1899 3561 2171 3628 salutem
2229 3572 2293 3628 et
2336 3562 2750 3629 clemenciam
2791 3561 3163 3630 salutarem.
3245 3558 3531 3623 Maiores

696 3662 931 3744 nostri,
985 3662 1095 3747 qui
1133 3659 1237 3727 vel
1280 3659 1448 3727 bello
1493 3664 1737 3727 strenui
1776 3662 1879 3728 vel
1922 3663 2300 3750 asperrimis
2342 3661 2536 3728 rebus
2579 3662 2808 3727 invicti
2848 3670 2962 3727 aut
3001 3659 3362 3725 litterarum
3405 3666 3532 3722 stu-

698 3762 806 3829 dio
849 3758 1168 3848 praeclari
1207 3769 1321 3824 aut
1359 3759 1485 3826 alio
1530 3783 1843 3827 summum
1885 3762 2149 3828 honoris
2191 3760 2442 3827 culmen
2477 3763 2756 3828 assecuti
2787 3770 2953 3844 sunt,
2996 3759 3122 3826 hoc
3162 3780 3359 3822 unum
3400 3777 3532 3821 om·

697 3863 875 3927 nium
916 3881 1230 3926 consensu
1278 3861 1552 3946 posteris
1594 3861 2227 3928 commemorandum
2264 3860 2695 3949 reliquerunt,
2739 3870 2809 3927 ut
2852 3868 3162 3948 quantum
3203 3856 3403 3922 animi
3437 3854 3534 3919 vi·

619 3971 688 4027 30
705 3982 826 4049 gor
870 3960 1162 4046 corporis
1205 3957 1358 4024 moli
1402 3969 1711 4046 praestat,
1758 3971 1937 4029 tanto
1977 3963 2267 4028 vicissim
2304 3960 2603 4048 agilitati,
2649 3960 3082 4048 magnitudini
3115 3956 3535 4044 corporisque

706 4060 1036 4128 venustati
1079 4059 1434 4145 ceterisque
1478 4062 1761 4126 externis
1801 4062 2097 4127 fortunae
2140 4061 2326 4128 bonis
2368 4063 2575 4128 virtus
2619 4060 3087 4145 industriaque.
3171 4055 3346 4121 Hinc
3365 4063 3536 4119 vete-

700 4184 806 4227 res
847 4159 1179 4244 nostrique
1220 4156 1753 4245 praedecessores
1771 4210 1791 4244 ,
1847 4159 2237 4248 posthabitis
2297 4163 2580 4227 omnium
2623 4159 3049 4225 humanarum
3107 4177 3322 4221 rerum
3366 4175 3534 4220 com-

701 4261 990 4344 merciis,
1047 4258 1366 4325 bonarum
1407 4260 1641 4324 artium
1701 4262 2036 4347 omnisque
2077 4260 2398 4326 scibilium
2445 4261 2703 4347 generis
2747 4257 3272 4347 philosophicam
3315 4254 3533 4341 cogni·

703 4362 962 4444 tionem,
1009 4381 1137 4446 qua
1177 4357 1401 4442 solum,
1439 4358 1595 4444 quid
1638 4382 1957 4449 asperum,
2001 4359 2159 4446 quid
2199 4370 2714 4443 consentaneum,
2756 4359 2915 4445 quid
2956 4355 3298 4424 comodum
3340 4354 3533 4420 detri-

620 4469 688 4527 35
705 4470 1047 4547 mentoque
1089 4457 1485 4546 reipublicae
1536 4481 1885 4546 verumque
1952 4470 2016 4525 et
2067 4482 2440 4547 repugnans
2492 4461 2881 4526 sacerrimae
2941 4457 3334 4523 christianae
3387 4452 3535 4520 reli-

703 4562 885 4649 gioni
921 4561 1179 4643 existat,
1222 4559 1695 4644 internoscitur,
1742 4559 2215 4648 praetulerunt:
2259 4562 2603 4649 gymnasia
2627 4559 3169 4643 achademiasque
3196 4556 3533 4621 instituen-

706 4660 825 4726 das
862 4669 1123 4745 totoque
1164 4656 1322 4724 orbe
1360 4658 1781 4747 philosophos
1825 4659 2386 4728 commercandos⁶
2427 4683 2805 4746 omnemque
2846 4682 3088 4741 curam,
3129 4654 3535 4737 industriam,

845 4850 866 4900 1
903 4843 986 4899 Ist
1012 4841 1171 4898 nicht
1200 4840 1526 4913 geschehen.
1597 4848 1628 4898 2
1663 4842 1961 4900 Vielleicht
1993 4845 2190 4899 Actum
2228 4850 2280 4897 et
2310 4845 2514 4899 danem.
2586 4848 2618 4899 3
2654 4844 2880 4900 nostro!

843 4952 875 5002 4
909 4945 1028 5000 Das
1071 4943 1348 5016 Original,
1396 4944 1486 4999 ein
1518 4960 1760 5015 grosses‚
1795 4944 1896 4999 mit
1939 4945 2065 5001 sehr
2101 4944 2316 5001 kleiner
2352 4943 2563 5000 Schrift
2593 4943 3010 5000 beschriebenes
3044 4939 3539 5015 Pergamentblatt,

706 5027 951 5086 befindet
982 5029 1097 5085 sich
1135 5028 1238 5085 auf
1265 5029 1389 5084 dem
1422 5028 2031 5099 Universitfitsarchive‚
2065 5030 2174 5101 vgl.
2208 5027 2481 5085 Urkundl.
2522 5028 2753 5094 Quellen
2790 5029 2844 5085 S.
2884 5032 2982 5083 549
3017 5027 3114 5084 Nr.
3151 5032 3233 5085 76.
3299 5026 3418 5082 Der
3437 5022 3538 5080 fol·
3661 5057 3670 5064 ‚

707 5114 885 5185 gende
908 5113 1175 5169 Abdruck
1213 5114 1286 5167 ist
1320 5129 1503 5184 genau
1538 5113 1641 5167 mit
1670 5113 1795 5169 dem
1822 5113 2073 5186 Original
2098 5112 2440 5185 verglichen3
2475 5114 2725 5169 letzteres
2752 5110 2968 5168 scheint
2989 5112 3124 5168 aber
3147 5109 3304 5167 nicht
3327 5106 3538 5166 {ibex-all

709 5204 925 5256 correct
956 5215 1025 5253 zu
1069 5198 1198 5255 sein.
1265 5197 1374 5253 Die
1408 5195 1762 5271 Bezifferung
1794 5198 1893 5254 der
1923 5197 2209 5255 Rubriken
2244 5196 2404 5253 riihrt
2439 5214 2548 5253 von
2586 5196 2690 5251 mir
2720 5193 2831 5254 her.

846 5308 876 5356 5
911 5300 1070 5356 Etwa
1102 5299 1429 5355 instituendo
1467 5343 1479 5355 .
1518 5343 1530 5355 .
1569 5344 1579 5356 .
1613 5300 2060 5356 commercando?
