4038 6358
1347 655 1452 690 von
1486 630 1702 703 Herzog
1736 639 1932 689 Moritz
1965 638 2228 700 bestitigt.
3127 628 3205 692 91

323 832 506 905 scat,
567 834 806 890 utrum
859 823 1057 912 aliqui
1110 825 1178 891 in
1235 821 1362 888 hac
1401 822 1821 888 universitate
1863 822 2001 886 sine
2043 815 2575 907 praeceptoribus
2618 814 3075 893 obversentur3
3130 830 3212 873 ac

323 923 382 988 si
427 924 598 1012 quis
653 924 744 991 ad
784 923 965 989 illum
1005 923 1256 989 delatus
1296 924 1522 1006 fuerit,
1580 921 1929 988 secundum
1983 921 2284 1006 superius
2325 917 2628 1004 exposita
2671 913 2995 987 annitetur
3037 910 3212 975 intra

324 1023 730 1107 octiduum,
768 1022 881 1090 ille
921 1033 992 1090 ut
1029 1032 1520 1111 praeceptorem
1559 1021 1817 1088 habeat.
1900 1021 1980 1086 In
2022 1041 2148 1107 quo
2180 1019 2236 1084 si
2262 1014 2566 1105 discipuli
2590 1013 2951 1102 pertinacia
2973 1008 3213 1076 rectori

323 1131 393 1188 ct
446 1123 927 1190 assessoribus
976 1123 1172 1189 fuerit
1226 1122 1590 1210 refragata,
1647 1122 1728 1189 de
1781 1143 1993 1210 poena
2047 1119 2235 1184 huius
2279 1141 2320 1182 a
2369 1125 2619 1181 rectore
2663 1120 2729 1177 et
2769 1108 3210 1176 assessoribus

325 1220 765 1289 deliberetur
782 1274 802 1308 ,
857 1225 1038 1312 sique
1090 1224 1306 1289 visum
1359 1223 1555 1289 fuerit
1569 1273 1588 1307 ‚
1645 1222 1727 1288 de
1776 1220 1950 1287 illius
2001 1216 2422 1307 improbitate
2484 1224 2551 1280 et
2591 1213 2855 1279 levitate
2896 1210 3209 1276 certiores
3225 1219 3260 1274 5

325 1320 721 1388 reddentur
773 1333 1078 1412 parentes
1132 1330 1246 1387 aut
1299 1324 1650 1412 propinqui
1712 1322 1923 1408 ipsius
1938 1369 1957 1403 ‚
2015 1330 2092 1386 ut
2149 1315 2450 1384 omnibus
2494 1313 2706 1380 modis
2746 1310 3009 1378 licentia
3053 1309 3214 1375 haec

329 1425 526 1488 vitae
576 1422 1020 1490 scholasticae
1060 1421 1341 1489 tollatur.

1508 1591 1844 1642 Statutum
1891 1591 2062 1641 xxn.

1255 1707 1350 1755 DE
1392 1668 1913 1757 mmsmcnomz
1955 1705 2319 1755 RECTORIS.

508 1824 1053 1903 Iurisdictionem
1109 1823 1508 1890 ordinariam
1561 1821 1759 1887 habet
1815 1831 2029 1888 rector
2082 1822 2152 1886 in
2203 1843 2426 1886 omnes
2466 1817 2908 1884 universitatis
2950 1819 3212 1878 nostrae
3234 1819 3298 1874 10

336 1923 799 1991 scholasticae
843 1924 1076 1989 ditioni
1113 1924 1492 2011 suppositos
1535 1923 1604 1987 in
1645 1923 1863 1987 causis
1904 1921 2206 1987 civilibus
2246 1930 2310 1985 et
2353 1920 2753 1985 iniuriarum.
2815 1916 2882 1981 Is
2913 1913 2995 1979 de
3022 1911 3215 2000 plano

335 2034 403 2089 et
463 2025 624 2089 sine
681 2026 962 2112 strepitu
1025 2023 1251 2089 iudicii
1305 2042 1538 2087 causas
1597 2030 1944 2108 cognoscet
1992 2030 2058 2086 et
2117 2021 2316 2087 litem.
2413 2019 2599 2100 Quae
2650 2038 2781 2082 non
2834 2013 3038 2102 pluris
3095 2011 3220 2075 erit

338 2123 777 2211 quadrante¹
817 2124 1069 2207 florem,
1111 2124 1285 2187 intra
1328 2121 1658 2189 octiduum
1699 2121 1972 2187 decidet.
2053 2122 2313 2202 Potest,
2359 2122 2415 2185 si
2464 2139 2727 2184 necesse
2764 2116 2990 2197 fuerit,
3044 2120 3110 2177 et
3150 2111 3215 2175 in

335 2225 644 2310 negotiis
704 2233 770 2289 et
825 2222 1284 2289 controversiis
1334 2221 1737 2291 scholasticis
1782 2223 2012 2311 quovis
2054 2229 2377 2309 tempore,
2437 2221 2633 2285 etiam
2669 2218 3010 2298 feriarum,
3066 2233 3215 2301 pro·

342 2323 610 2389 cedere.
697 2321 1025 2390 Iudicium
1077 2332 1292 2389 autem
1346 2323 1617 2388 rectoris
1672 2321 1915 2387 nullum
1973 2321 2164 2388 huius
2208 2318 2577 2385 scholastici
2618 2317 2912 2405 corporis
2954 2314 3296 2378 univer-15

342 2425 566 2489 sitatis
626 2433 894 2491 nostrae
918 2423 945 2465 ²
1000 2422 1360 2488 membrum
1417 2422 1744 2488 declinare
1800 2430 2030 2509 potest.
2114 2420 2305 2502 Quod
2361 2421 2417 2486 si
2468 2421 2612 2509 quis
2658 2417 2745 2484 ad
2782 2426 3098 2482 rectorem
3144 2414 3214 2478 in

344 2526 447 2589 ius
492 2534 781 2591 vocatus
826 2521 1245 2616 iureiurando
1290 2522 1618 2588 affirmare
1656 2544 1787 2587 non
1832 2521 2248 2603 dubitaverit,
2292 2519 2418 2585 sibi
2461 2530 2641 2585 certa
2681 2517 2763 2582 de
2785 2538 2984 2583 causa
3008 2522 3213 2579 recto·

345 2646 488 2689 rem
534 2645 692 2690 esse
728 2622 1010 2688 iudicem
1055 2632 1447 2709 suspectum,
1490 2631 1628 2687 tum
1668 2621 1794 2687 hoc
1833 2622 2006 2687 facto
2047 2630 2261 2689 rector
2306 2620 2736 2706 cognitionem
2770 2638 3005 2682 causae
3039 2614 3214 2702 prin-

355 2723 597 2811 cipalis
650 2721 906 2809 deleget
945 2722 1142 2787 alicui
1183 2744 1313 2789 non
1347 2732 1648 2809 suspecto
1664 2770 1683 2804 ‚
1740 2723 1852 2808 qui
1903 2730 2121 2786 tamen
2178 2720 2257 2784 de
2302 2741 2576 2806 corpore
2620 2719 2705 2782 sit
2749 2714 3213 2796 universitatis,

350 2832 414 2888 et
438 2824 465 2866 ³
508 2821 714 2888 alteri
758 2820 1105 2888 demandet
1147 2824 1581 2909 cognitionem
1621 2822 2009 2909 suspicionis
2052 2819 2391 2902 adductae,
2422 2820 2543 2907 ‘qui
2585 2840 2705 2883 sua
2732 2818 2876 2881 vice
2906 2814 3214 2880 diiudicet
3230 2823 3300 2879 20

354 2933 417 2987 et
457 2932 718 2988 statuat
762 2921 966 3009 (quod
1007 2921 1151 2987 fieri
1184 2921 1395 3004 debet,
1441 2920 1751 2986 adhibitis
1797 2920 2184 2986 consiliariis
2229 2920 2673 2985 universitatis
2719 2924 3004 2998 nostrae,
3046 2915 3221 2978 intra

355 3021 744 3099 octiduum).
797 3020 903 3086 Ab
948 3021 1072 3087 hoc
1114 3024 1170 3087 si
1212 3021 1328 3086 illa
1367 3020 1773 3108 improbatur
1793 3022 1839 3104 ⁴,
1884 3020 1971 3086 ad
2000 3019 2283 3085 iudicem
2306 3027 2690 3100 recusatum,
2732 3016 2859 3082 hoc
2884 3022 3214 3083 estrecto-

354 3144 523 3206 rem,
572 3122 1016 3208 cognitionem
1060 3143 1298 3187 causae
1341 3119 1721 3209 principalis
1764 3121 2061 3186 remittet.
2145 3119 2351 3184 Nemo
2409 3127 2622 3184 autem
2671 3118 2958 3184 omnium
2999 3113 3215 3179 subdi-

355 3231 572 3287 torum
635 3223 1043 3288 universitati
1100 3231 1363 3290 nostrae
1414 3220 1688 3286 alterum
1729 3219 2082 3309 quemlibet
2121 3218 2449 3284 subditum
2490 3218 2699 3284 eidem
2744 3216 2830 3282 ad
2875 3225 3215 3282 externum

358 3320 571 3387 sorum
619 3343 736 3387 seu
779 3321 1092 3388 iudicium
1133 3320 1478 3388 extrahere
1521 3319 1713 3386 debet
1753 3330 1866 3386 aut
1906 3323 2142 3407 potest,
2186 3318 2301 3386 sed
2346 3341 2568 3385 coram
2608 3326 2879 3400 rectore,
2926 3317 2982 3381 si
3023 3337 3213 3403 quem
3229 3323 3296 3380 25

357 3420 651 3488 voluerit
666 3471 685 3507 ‚
731 3422 1079 3488 convenire
1123 3441 1390 3488 necesse
1426 3419 1642 3487 habet.
1703 3475 1714 3480 -

1587 3605 1918 3676 statutum
1954 3606 2153 3657 xxm.

758 3722 851 3770 NE
895 3722 1052 3783 QUIS
1098 3723 1430 3805 uANDA'rA
1471 3724 1563 3771 ET
1606 3722 2112 3770 AUTORITATEM
2150 3721 2493 3771 RECTORIS
2534 3719 2972 3768 DETRECTET.

524 3838 794 3903 Rectori
835 3848 1220 3908 conventum
1260 3838 1700 3904 universitatis
1744 3836 2055 3902 indicenti
2096 3847 2159 3902 et
2202 3836 2463 3925 publice
2493 3838 2774 3920 vocanti,
2814 3836 3098 3922 itemque
3124 3837 3210 3901 ci·

365 3939 522 4002 tanti
570 3937 662 4003 ad
702 3937 1014 4005 iudicium
1055 3962 1305 4005 necnon
1349 3937 1704 4004 sententiae
1747 3935 1831 4002 ab
1873 3936 1985 4003 illo
2028 3936 2200 4002 latae
2216 3987 2234 4019 ,
2292 3947 2426 4002 tam
2467 3936 2756 4003 iudiciali
2802 3959 2996 4025 quam
3036 3934 3207 4001 arbi-
3232 3943 3303 4000 30

363 4039 636 4119 uariae,
693 4037 998 4104 omnibus
1048 4038 1358 4127 denique,
1416 4059 1580 4124 quae
1636 4059 1784 4102 cum
1819 4038 2074 4103 ratione
2115 4036 2556 4121 mandaverit,
2610 4059 2875 4126 parere,
2928 4035 3217 4119 obedire,

366 4136 598 4203 subiici
655 4141 874 4204 omnia
914 4137 1105 4204 huius
1147 4138 1442 4225 corporis
1483 4138 1930 4203 universitatis
1971 4147 2235 4204 nostrae
2279 4137 2573 4204 membra
2614 4136 2905 4223 obligata
2947 4145 3097 4201 sunt
3136 4157 3216 4200 ac

368 4234 618 4303 debent.
705 4235 779 4301 Si
822 4239 968 4326 quis
1007 4247 1225 4303 tamen
1271 4260 1341 4303 se
1382 4248 1732 4323 gravatum
1775 4239 2206 4321 existimavit,
2248 4238 2400 4304 licet
2442 4259 2636 4325 super
2675 4235 2799 4302 hoc
2829 4236 3212 4300 universita-

366 4335 445 4399 tis
482 4345 754 4403 nostrae
795 4337 1110 4403 auxilium
1152 4337 1473 4425 imploret.
1563 4337 1817 4404 Oitatus
1859 4337 1948 4403 ad
1990 4347 2310 4403 rectorem
2354 4341 2410 4402 si
2452 4360 2585 4403 non
2628 4337 3043 4424 apparuerit,
3097 4336 3213 4400 ite-

368 4456 501 4499 rum
558 4437 829 4520 citetur3
896 4439 950 4502 si
1010 4447 1075 4502 et
1123 4447 1260 4504 tum
1311 4446 1663 4503 contumax
1708 4436 1938 4520 fuerit,
1995 4437 2230 4504 solvito
2271 4460 2469 4502 unum
2509 4459 2847 4523 grossum3
2906 4438 2963 4500 si
3004 4435 3299 4518 tertio‚35

370 4538 405 4599 2
442 4533 568 4621 gl.3
613 4538 672 4600 si
712 4546 976 4623 quarto,
1018 4543 1055 4605 3
1096 4536 1182 4624 gl.
1267 4538 1392 4603 Est
1433 4547 1650 4601 tamen
1691 4536 1815 4604 hoc
1855 4538 1925 4600 in
1967 4546 2284 4624 potestate
2320 4539 2623 4620 rectoris,
2682 4545 2783 4619 ut,
2837 4557 3037 4601 causa
3078 4535 3215 4599 exi-

369 4645 550 4718 gente
565 4685 586 4720 ,
665 4638 733 4700 in
792 4633 1054 4703 citando
1105 4661 1303 4704 unum
1358 4641 1704 4702 terminum
1760 4639 2265 4725 peremptorium
2329 4660 2447 4725 pro
2499 4636 2796 4703 omnibus
2851 4636 3213 4701 constituat.

499 4924 521 4973 1
561 4916 940 4976 Geschrieben
974 4918 1121 4976 steht
1156 4921 1472 4989 quadranti.

489 5008 522 5058 2
557 5001 694 5056 Man
730 5003 964 5059 beachte
997 5003 1086 5058 die
1119 5003 1567 5077 Umschreibung
1602 5003 2023 5076 (scholasticum)
2058 5020 2260 5073 corpus
2296 5002 2670 5056 universitate&
2697 5009 2919 5056 nostrae
2950 5006 3090 5056 statt
3120 5002 3215 5057 des

373 5083 532 5141 altem
565 5087 894 5142 universitas
929 5090 1129 5155 anulii,
1173 5087 1264 5144 die
1303 5088 1655 5161 nothwendig
1691 5088 1839 5143 ward
1854 5129 1868 5157 ,
1915 5087 2021 5142 seit
2060 5087 2117 5140 in
2154 5087 2486 5141 universitas
2518 5086 2608 5141 die
2650 5086 3075 5159 urspriingliche
3110 5085 3213 5143 Be·

371 5167 952 5310 lineghrmnglffjzffhwffl
984 5189 1044 5227 es
1072 5189 1218 5243 ganz
1255 5173 1547 5246 allgemein
1580 5172 1809 5242 „Zunft,
1841 5170 2237 5243 Corporation,
2270 5170 2604 5226 Gemeinde“
2638 5170 3021 5243 bezeichnete,
3055 5171 3213 5228 nicht

492 5344 523 5394 3
543 5272 933 5396 εέθωὴήοὺθιι
949 5300 1115 5397 ‘steht
1148 5341 1250 5397 vol.
1454 5346 1487 5396 4
1517 5340 1895 5399 Geschrieben
1929 5341 2004 5396 ist
2041 5339 2375 5409 approbata.
