4038 6358
1509 555 1610 604 Die
1644 555 1884 605 Statuten
1924 570 2032 606 von
2075 556 2216 607 1554.
3159 557 3281 623 263

377 738 528 823 qui
569 735 911 823 negligens
954 745 1252 823 repertus
1295 735 1504 817 fuerit,
1551 755 1825 821 poenam
1866 736 2126 823 collegii
2171 734 2611 819 arbitrariam,
2655 759 2822 825 quae
2863 757 3113 804 summa
3139 761 3283 805 esse

377 837 685 922 poterit,
745 834 994 923 absque
1046 835 1426 899 remissione
1485 834 1832 921 persolvat.
1894 835 2095 901 Vemt
2135 836 2332 899 etiam
2373 834 2736 922 collegium,
2781 859 2860 901 ne
2902 840 3047 925 quis
3091 840 3278 904 fasci-

378 934 581 1000 culis
633 944 700 999 et
764 935 1107 1000 sarmentis
1160 933 1481 1021 lignorum
1536 934 1754 1049 ignem
1808 934 2057 1016 foveat,
2116 932 2313 1021 idque
2364 933 2448 999 ob
2503 936 2762 1001 aedium
2817 939 3154 1023 angustias
3217 949 3280 1004 et

376 1031 738 1120 lignorum
783 1043 1184 1098 vetustatem
1268 1032 1590 1119 Repertus
1635 1036 1808 1098 enim
1850 1035 1959 1121 qui
2003 1043 2233 1102 contra
2273 1033 2516 1117 fecerit,
2559 1038 2751 1108 toties
2794 1055 3079 1121 aureum,
3125 1059 3278 1126 quo—

384 1136 538 1198 ties
579 1129 714 1221 [49]
758 1129 1122 1219 deliquerit,
1167 1131 1438 1219 collegio
1481 1132 1832 1220 persolvat.
3328 1146 3361 1201 5

1605 1316 1700 1364 DE
1744 1315 2108 1366 nmmum.

1612 1434 1963 1484 statutum
1998 1434 2101 1484 vl.

580 1547 831 1612 Munda
870 1545 1184 1614 habitatio
1227 1548 1323 1612 uti
1369 1547 1618 1613 confert
1654 1546 2032 1631 valetudini,
2086 1550 2180 1612 ita
2220 1571 2350 1614 non
2406 1571 2634 1637 parum
2692 1558 2882 1614 ornat
2938 1547 3274 1636 hospitem.

388 1646 623 1712 Dabit
682 1648 882 1733 igitur
940 1669 1203 1734 operam
1259 1647 1528 1732 quisque
1585 1668 1706 1734 pro
1771 1668 1859 1728 se,
1913 1669 1997 1711 ne
2051 1643 2335 1711 offendat
2390 1648 2677 1712 vicinum
2736 1670 2922 1711 suum
2977 1647 3275 1713 sordibus

392 1759 525 1812 aut
564 1769 696 1812 non
742 1745 1116 1811 everrendis
1160 1755 1272 1810 aut
1313 1747 1381 1809 in
1425 1745 1733 1832 angulum
1774 1744 2216 1831 congerendis,
2275 1745 2354 1810 In
2397 1747 2582 1812 atriis
2621 1749 2813 1811 etiam
2857 1746 3268 1829 mundandis,
3295 1759 3357 1813 10

392 1869 577 1932 quae
628 1846 1096 1932 purgatissima
1149 1866 1291 1909 esse
1333 1844 1630 1910 volumus
1686 1844 1769 1910 ob
1828 1854 2264 1910 commeantes
2319 1843 2629 1928 homineS,
2687 1855 3027 1912 serventur
3080 1867 3269 1935 quae·

395 1944 565 2010 dam
608 1946 789 2009 vices
845 1969 885 2009 a
936 1946 1168 2009 vicinis
1224 1944 1363 2008 sine
1418 1943 1954 2009 contentionibus.
2040 1943 2235 2025 Quod
2292 1945 2560 2032 quisque
2615 1967 2771 2010 vero
2828 1944 3115 2010 sordium
3169 1944 3274 2010 vel

394 2045 744 2109 straminis
803 2042 919 2126 (ad
980 2042 1447 2130 asportandum
1502 2043 1571 2106 in
1634 2042 1937 2129 angulum
1997 2037 2128 2131 [50]
2188 2064 2380 2107 areae
2445 2045 2846 2124 consuetum)
2903 2042 3129 2126 habet,
3205 2043 3273 2107 id

399 2165 624 2232 poena
678 2142 931 2207 dimidii
984 2141 1212 2208 floreni
1265 2164 1300 2207 e
1348 2142 1633 2207 fenestra
1674 2164 1805 2207 non
1850 2142 2088 2206 eiiciat.
2172 2141 2312 2208 Nec
2351 2150 2635 2207 stramen
2679 2139 3102 2230 deportando,
3159 2142 3273 2207 sed

395 2245 650 2330 potina,
707 2242 917 2308 sicubi
960 2243 1026 2306 in
1072 2243 1214 2306 vias
1258 2239 1592 2323 exciderit,
1650 2264 1683 2305 e
1724 2243 2001 2328 vestigio
2050 2241 2307 2306 deverri
2352 2250 2548 2323 curet,
2602 2243 2728 2305 nisi
2784 2241 3088 2306 mulctam
3147 2239 3353 2306 sol-15

395 2364 564 2406 vere
607 2340 813 2406 malit.
897 2341 1078 2406 Idem
1122 2349 1547 2428 praeceptum
1592 2350 1728 2406 esto
1770 2339 1851 2405 de
1901 2341 2303 2426 segminibus
2348 2340 2692 2428 lignorum,
2738 2350 2809 2405 ut
2850 2340 3000 2405 ilico
3046 2364 3269 2428 aspor-

400 2439 562 2505 tatis
605 2439 689 2505 iis
734 2451 1165 2528 consequatur
1223 2439 1476 2527 aliquis,
1541 2442 1653 2526 qui
1709 2439 1920 2505 locum
1960 2439 2281 2506 verrendo
2339 2437 2424 2505 ad
2483 2442 2827 2527 pristinam
2890 2439 3270 2504 munditiem

400 2537 688 2626 redigat.
772 2540 906 2604 Par
950 2550 1048 2604 est
1104 2550 1166 2603 et
1220 2538 1479 2636 illorum
1530 2538 1793 2622 levitas,
1852 2541 1965 2627 qui
2025 2539 2111 2603 ad
2170 2538 2455 2625 plateam
2512 2540 2688 2604 foras
2752 2548 2864 2604 aut
2919 2540 2987 2603 in
3049 2561 3268 2604 aream

405 2638 706 2704 chartam
751 2647 816 2703 et
856 2659 1180 2752 papyrum
1223 2627 1589 2725 proiiciunt.
1652 2638 1824 2702 Nam
1867 2639 1919 2703 si
1967 2638 2294 2726 simplices
2335 2636 2486 2702 illae
2530 2639 2769 2703 fuerint
2812 2635 3098 2721 chartae,
3144 2638 3266 2702 eie-

405 2754 546 2804 ctor
586 2749 721 2803 tres
764 2759 1049 2823 grossOS,
1109 2737 1164 2801 si
1223 2736 1524 2821 lusoriae,
1583 2761 1701 2804 sex
1744 2761 2006 2824 grossos
2052 2737 2271 2803 solvet.
2355 2737 2559 2803 Multo
2601 2739 2813 2802 minus
2855 2736 3124 2802 ferenda
3170 2743 3353 2800 est20

404 2836 795 2923 angulorum
851 2835 1107 2922 collegii
1151 2835 1530 2902 defoedafio,
1610 2837 1861 2903 Pueros
1911 2838 2115 2923 igitur
2159 2836 2242 2901 ab
2300 2838 2491 2901 urina
2543 2836 2953 2924 impudenter
2998 2853 3071 2902 eo
3127 2838 3267 2900 mit-

404 2935 603 3001 tenda
641 2945 705 3000 et
745 2935 1137 3000 stercoribus
1194 2937 1441 3023 passim
1486 2936 1871 3023 spargendis
1917 2936 2233 3001 arcebunt
2273 2945 2752 3023 praeceptores,
2808 2958 2889 3001 ne
2941 2933 3267 3001 offendan-

403 3044 510 3101 tur
554 3031 1026 3122 homi[51]num
1070 3034 1257 3099 oculi.
1342 3034 1746 3123 Delinquens
1805 3035 1930 3101 hoc
1982 3037 2260 3117 nomine,
2318 3034 2622 3100 mulctam
2678 3034 2956 3104 tolerare
3001 3043 3269 3120 cogetur

408 3134 663 3201 dimidii
723 3134 972 3202 floreni.
1056 3133 1311 3201 Eadem
1366 3156 1576 3221 poena
1630 3134 1976 3218 tenebitur,
2036 3136 2146 3223 qui
2196 3134 2448 3199 urinam
2515 3143 2579 3199 et
2639 3144 2927 3200 stercora
2985 3134 3143 3201 locis
3203 3145 3266 3199 et

405 3234 808 3322 temporibus
853 3236 1121 3299 insuetis
1164 3257 1199 3298 e
1242 3233 1537 3301 cubiculo
1582 3256 1697 3299 suo
1749 3235 1817 3299 in
1869 3234 2222 3321 publicum,
2277 3237 2663 3321 praesertim
2708 3234 2840 3317 diu,
2894 3235 2963 3299 in
3002 3234 3262 3301 matulis
3284 3243 3350 3301 25

406 3334 743 3401 collectam
799 3333 1127 3416 effuderit,
1188 3334 1425 3423 quique
1481 3332 1765 3398 obscena
1819 3332 1906 3398 ad
1963 3335 2248 3420 parietes
2306 3342 2419 3399 aut
2466 3332 2873 3420 impudentia
2928 3333 3105 3398 dicta
3158 3333 3265 3399 de-

406 3434 695 3519 pinxerit
741 3444 855 3499 aut
894 3434 1327 3521 inscripserit,

1046 3601 1142 3648 DE
1182 3599 1598 3659 HONESTATE
1641 3598 1733 3647 ΕΤ
1775 3598 2143 3649 SUSPECTIS
2183 3599 2624 3649 MULIERIBUS.

1580 3716 1914 3769 Statutum
1951 3718 2094 3768 VII.

571 3832 986 3899 Commeatus
1040 3832 1378 3898 infamium
1431 3831 1774 3897 mulierum
1830 3853 2050 3897 coram
2106 3840 2332 3896 tenera
2387 3840 2600 3898 aetate
2660 3832 2919 3898 minime
2975 3832 3259 3898 ferimus.
3279 3842 3349 3899 30

402 3931 507 3995 Ab
553 3931 677 3997 hoc
717 3933 920 4018 igitur
961 3931 1287 3997 abstinere
1333 3930 1626 3997 volumus
1669 3926 2162 4017 univer[52]sos.
2217 3926 2411 4011 Quod
2454 3933 2509 3995 si
2547 3933 2759 3996 famae
2802 3942 2864 3997 et
2908 3931 3262 4019 pudicitiae

404 4041 777 4118 suspectam
837 4031 1171 4097 mulierem
1214 4032 1358 4119 quis
1421 4033 1489 4095 in
1533 4030 1805 4116 collegio
1864 4050 2083 4095 secum
2138 4029 2464 4112 habuerit,
2524 4029 2735 4095 solvat
2790 4040 2923 4096 tres
2979 4032 3262 4099 florinos.

404 4130 479 4199 Si
518 4129 800 4195 secundo
844 4130 969 4195 hoc
1010 4133 1268 4197 nomine
1314 4130 1676 4218 deliquerit,
1722 4128 1932 4194 solvat
1975 4128 2277 4217 duplum3
2322 4130 2376 4193 si
2421 4131 2621 4196 tercio
2639 4130 2676 4213 ¹,
2719 4131 3014 4195 eiiciatur
3056 4155 3090 4195 e
3133 4130 3261 4196 eol-

402 4228 595 4314 legio.
681 4227 876 4310 Quod
948 4229 1244 4294 similiter
1308 4229 1390 4293 de
1453 4228 2034 4294 commessantibus
2099 4229 2202 4293 vel
2273 4228 2708 4294 assidentibus
2773 4228 2900 4294 illis
2963 4229 3258 4318 turpibus

403 4326 781 4392 mulieribus
823 4327 1312 4415 intelligendum
1360 4337 1475 4392 est.
3276 4340 3343 4399 3⁵

1336 4494 1429 4542 DE
1470 4494 1560 4558 VI,
1600 4492 1844 4542 DAMNO
1887 4495 1978 4543 ET
2023 4492 2327 4544 mmRns.

1564 4614 1889 4663 Statutum
1927 4614 2108 4664 VIII.

567 4726 894 4813 Quicquid
943 4749 1181 4793 causae
1228 4738 1515 4795 coortum
1554 4730 1723 4794 inter
1762 4728 2115 4814 inquilinos
2156 4728 2381 4812 fuerit,
2437 4726 2512 4793 id
2553 4730 2923 4814 praeposito
2965 4738 3031 4794 et
3071 4728 3261 4794 colle-

400 4827 509 4911 gio
565 4825 947 4891 vindicandi
1005 4827 1106 4892 ius
1167 4829 1653 4913 integerrimum
1713 4837 1825 4891 est.
1909 4827 2080 4890 Nam
2140 4826 2401 4913 plenam
2458 4830 2687 4913 cuique
2746 4826 3017 4913 collegio
3071 4830 3260 4893 iuris-

572 5062 595 5112 1
638 5058 765 5114 Von
796 5058 921 5114 dem
955 5064 1136 5114 ersten
1180 5059 1361 5117 solvat
1395 5058 1481 5113 bis
1516 5060 1685 5113 tercio
1720 5058 1869 5111 ward
1912 5056 2392 5126 eingeklammert,
2435 5076 2496 5112 so
2533 5058 2664 5113 dass
2698 5059 2816 5114 also
2856 5058 3044 5115 fortan
3078 5060 3260 5132 gleieh

400 5139 503 5195 auf
530 5141 622 5197 die
658 5148 804 5196 erste
828 5142 1241 5213 Uebertretung
1278 5143 1375 5198 des
1410 5143 1626 5199 Statuts
1656 5142 1749 5196 die
1783 5140 1967 5196 Strafe
2001 5142 2100 5196 der
2133 5141 2516 5211 Ausstossung
2553 5158 2654 5199 aus
2689 5143 2811 5199 dem
2849 5142 3042 5213 Colleg
3079 5145 3258 5198 stand.

405 5225 606 5296 Spater
638 5226 790 5281 ward
824 5226 922 5282 der
955 5244 1134 5298 ganze
1172 5225 1393 5282 Artikel
1431 5225 1939 5297 durchgestriehen.
