4038 6358
840 657 961 727 508
1823 661 1923 714 Die
1968 662 2409 728 philosophische
2442 663 2700 714 Facultat.

843 863 987 907 esse
1030 842 1369 909 asstrictus
1414 844 1676 911 eosdem
1719 846 1804 911 ad
1848 843 2341 932 ingrediendum
2386 845 2753 912 huiusmodi
2798 844 3270 934 disputationes
3316 845 3670 914 ordinarias

844 941 963 1007 sub
1023 945 1217 1010 certis
1277 945 1664 1034 poenalibus
1721 948 1978 1011 statutis
2024 946 2438 1034 compellere,
2483 955 2546 1011 et
2586 947 2758 1033 quod
2799 949 2869 1013 in
2911 946 3028 1012 tali
3070 946 3511 1036 disputatione
3548 956 3671 1013 tam

842 1042 955 1108 diu
997 1054 1452 1131 permaneant,
1505 1046 1709 1112 donec
1762 1048 2046 1134 quinque
2088 1046 2412 1112 audierint
2467 1049 2814 1134 magistros
2873 1055 3218 1134 arguentes
3241 1097 3260 1130 ,
3326 1048 3384 1112 si
3460 1046 3671 1112 saltem

838 1151 932 1208 tot
971 1143 1212 1210 fuerint
1251 1156 1644 1231 praesentes.
1732 1147 1979 1213 Contra
2019 1168 2176 1212 vero
2215 1145 2446 1211 frivole
2500 1146 2778 1230 faciens,
2818 1146 2993 1212 ultra
3035 1168 3312 1234 poenam
3358 1148 3673 1213 carentiae

756 1250 790 1307 5
847 1245 1325 1330 acturegentiae
1379 1267 1496 1332 per
1537 1255 1738 1311 totam
1791 1245 1970 1311 illam
2026 1248 2480 1330 mutationem,
2524 1269 2566 1311 a
2611 1246 2855 1313 decano
2910 1269 3056 1311 cum
3099 1247 3231 1311 suis
3273 1246 3493 1312 tribus
3541 1270 3674 1313 con-

847 1343 1172 1430 deputatis
1240 1345 1689 1410 executoribus
1745 1355 1836 1429 et,
1901 1347 1953 1410 si
2030 1368 2192 1433 opus
2256 1346 2481 1428 fuerit,
2545 1345 2851 1412 facultate
2904 1356 3041 1411 tota
3091 1345 3354 1412 realiter
3417 1357 3485 1411 et
3546 1369 3672 1411 cum

840 1442 1072 1507 effectu
1107 1466 1319 1529 poena
1360 1447 1801 1531 suspensionis
1843 1444 1927 1510 ab
1970 1444 2267 1510 omnibus
2311 1447 2737 1511 emolimentis
2792 1470 2909 1533 per
2954 1446 3239 1512 medium
3283 1469 3530 1511 annum
3572 1469 3674 1533 pu·

843 1540 1116 1607 niendus
1156 1544 1350 1607 venit.
1431 1543 1693 1609 Debent
1732 1545 1928 1611 etiam
1973 1556 2398 1611 conventores
2442 1546 2784 1612 bursarum
2827 1545 3171 1633 diligenter
3211 1546 3567 1629 attendere,
3604 1569 3675 1611 ne

841 1643 1204 1727 praemissa
1243 1644 1311 1707 in
1356 1644 1487 1707 suis
1536 1643 1752 1709 bursis
1794 1646 1954 1709 fiant
1971 1695 1988 1726 ,
2049 1654 2142 1728 et,
2192 1655 2501 1733 quantum
2544 1647 2611 1712 in
2652 1648 2747 1711 eis
2793 1655 2917 1729 est,
2962 1647 3057 1710 sic
3102 1645 3492 1711 excedentes
3538 1668 3675 1733 pro-

762 1751 828 1807 10
845 1741 1103 1825 hibere3
1164 1744 1221 1807 si
1282 1753 1498 1808 autem
1553 1765 1776 1809 eorum
1839 1744 2264 1832 prohibitioni
2321 1748 2733 1834 acquiescere
2789 1745 3112 1810 noluerint
3166 1756 3230 1810 et
3286 1743 3675 1810 denunctiati

847 1842 1103 1924 fuerint,
1147 1865 1421 1929 poenam
1468 1844 1907 1931 supradictam
1951 1847 2317 1912 executioni
2361 1847 2644 1912 decanus
2696 1843 2972 1909 fideliter
3012 1843 3378 1910 demandet.
3464 1843 3553 1908 Et
3605 1867 3676 1908 ne

842 1942 987 2027 quis
1022 1944 1474 2027 magistrorum
1511 1953 1855 2029 praetextu
1890 1945 2299 2030 ignorantiae
2338 1968 2407 2010 se
2451 1942 2872 2033 quovismodo
2917 1966 3231 2009 excusare
3271 1943 3511 2026 valeat,
3553 1944 3676 2029 qui·

840 2038 999 2106 libet
1042 2040 1323 2106 decanus
1367 2065 1485 2129 pro
1530 2055 1821 2130 tempore
1865 2045 2152 2109 existens
2206 2047 2274 2109 in
2331 2044 2653 2133 principio
2710 2045 3018 2127 cuiusque
3074 2044 3489 2124 mutationis,
3534 2043 3677 2108 dum

841 2149 1022 2205 actus
1074 2138 1441 2207 scholastici
1484 2144 1902 2230 incipiuntur,
1963 2143 2241 2231 desuper
2287 2146 2535 2209 emittat
2593 2142 2923 2230 publicum
2983 2142 3483 2229 prohibitorium
3540 2165 3678 2230 poe·

760 2247 821 2303 15
840 2236 986 2303 nale
1029 2240 1460 2307 mandatum.¹

923 2428 1024 2490 26.
1083 2420 1203 2509 [Bl.
1249 2430 1327 2491 43
1346 2421 1398 2512 ι]
1471 2442 1683 2502 QUALI
1724 2443 1989 2492 naam]
2034 2444 2395 2494 morosas
2442 2445 2860 2495 ORDmARIAS
2901 2441 3290 2491 an'rlomas
3329 2441 3607 2489 necans

1150 2541 1479 2592 Danaam
1521 2543 1614 2590 m·
1657 2543 2140 2592 DISPUTANTES
2185 2544 2567 2594 ounmARm
2609 2547 2701 2593 ΕΤ
2745 2541 3367 2592 ΕΧΤΒΑΟΒΜΝΑΒΙΕ

2001 2645 2123 2692 nr1
2163 2645 2510 2693 ΒΕΒΕΑΝΤ.

1004 2773 1368 2861 Disputans
1424 2777 1764 2862 magister,
1821 2776 2149 2843 ordinarie
2207 2779 2346 2843 sive
2399 2777 2949 2859 extraordinarie,
3014 2774 3243 2840 habitu
3299 2771 3681 2860 magistrali,

755 2871 911 2936 20id
953 2883 1051 2937 est
1090 2873 1365 2940 tabardo
1409 2897 1556 2940 cum
1602 2877 1800 2940 mitra
1846 2878 1984 2941 sive
2028 2876 2237 2943 bireto
2280 2879 2348 2942 in
2394 2879 2637 2963 capite,
2681 2875 2875 2941 debet
2915 2897 3057 2941 esse
3098 2873 3394 2939 vestitus.
3480 2872 3679 2937 Tene-

836 2970 1015 3037 bitur
1058 2975 1252 3038 etiam
1312 2974 1436 3039 sibi
1492 2974 1572 3039 de
1626 2975 2167 3061 respondentibus
2190 3026 2208 3059 ,
2256 2985 2391 3041 tam
2444 2975 2829 3041 baccalariis
2885 2997 3080 3063 quam
3135 2969 3573 3058 simplicibus,
3612 2982 3679 3035 ut

846 3072 1191 3160 zophistis,
1233 3075 1303 3137 in
1342 3074 1640 3139 omnibus
1684 3073 2267 3163 disputationibuS,
2328 3075 2674 3142 ordinariis
2734 3084 2798 3139 et
2853 3070 3424 3154 extraordinariis,
3472 3074 3680 3159 provi-

842 3171 1028 3255 dere,
1084 3171 1205 3238 sub
1263 3196 1475 3261 poena
1529 3197 1660 3239 non
1720 3176 2220 3263 computationis
2278 3174 2641 3242 huiusmodi
2698 3173 3181 3262 disputationis.
3280 3170 3681 3236 Exercentes

842 3296 1000 3338 vero
1054 3274 1355 3360 magistri
1410 3296 1524 3338 suo
1580 3274 1806 3340 habitu
1860 3285 2163 3341 consueto
2221 3277 2406 3340 iuxta
2447 3285 2729 3341 veterem
2788 3272 3315 3340 consuetudinem
3370 3273 3565 3336 etiam
3616 3272 3680 3335 in

756 3383 821 3438 25
839 3373 1000 3439 locis
1042 3373 1320 3461 publicis
1365 3374 1460 3438 uti
1503 3385 1791 3461 possunt.

841 3562 942 3623 27.
983 3574 1305 3624 bacmos
1339 3575 1482 3625 ουκ
1527 3574 1671 3624 sms
1715 3575 2251 3624 exscu'romsns
2295 3575 2528 3622 unam·
2570 3574 2848 3621 HABERE
2891 3572 3219 3621 Dmmnns
3262 3570 3685 3620 scammum

1021 3674 1240 3722 SUPER
1286 3675 1697 3725 mmenn'rm
1739 3676 1875 3723 PER
1920 3675 2285 3724 anronns
2321 3676 2413 3722 ΕΤ
2457 3673 2913 3722 EXERCENTES
2956 3673 3235 3737 FOENDA,
3278 3672 3371 3719 Er
3414 3671 3511 3718 m:

1291 3773 1828 3825 sermnem-cru
1868 3775 2405 3839 mfflsrnonun,
2456 3773 2547 3821 NE
2591 3773 2823 3822 DOLUS
2866 3774 2959 3820 m·
3001 3770 3222 3819 rmus

1292 3852 1296 3863 '
2000 3872 2529 3930 coumrra‘rnn.

759 4015 830 4073 30
1017 4006 1191 4088 Quia
1229 4029 1465 4094 parum
1522 4018 1620 4073 est
1662 4017 1906 4073 statuta
1948 4007 2258 4090 condere,
2302 4007 2430 4071 nisi
2470 4006 2664 4072 etiam
2705 4005 3071 4070 executioni
3110 4002 3388 4068 fideliter
3428 4003 3686 4069 deman-

840 4106 1091 4189 dentur,
1136 4106 1220 4171 ob
1259 4106 1328 4171 id
1371 4107 1601 4194 placet,
1647 4107 1819 4194 quod
1859 4106 2128 4192 quilibet
2165 4106 2448 4172 decanus
2489 4107 2555 4171 in
2602 4106 2932 4192 principio
2976 4106 3078 4169 sui
3120 4103 3317 4168 officii
3361 4125 3507 4167 cum
3553 4106 3688 4169 suis

839 4205 1293 4271 executoribus
1353 4229 1572 4273 omnes
1635 4218 1699 4272 et
1753 4205 2042 4293 singulos
2099 4206 2426 4271 facultatis
2484 4204 2848 4269 ordinarios
2888 4202 3164 4268 lectores
3206 4202 3539 4287 requirere
3583 4202 3688 4268 de-

837 4305 1018 4388 beat,
1084 4314 1148 4370 et
1206 4304 1487 4392 desuper
1550 4308 1841 4392 recipere
1906 4307 2299 4392 promissum
2321 4354 2339 4387 ,
2397 4305 2488 4369 eis
2552 4301 2949 4388 iniungendo
2972 4351 2989 4385 ,
3049 4313 3365 4390 quatenus
3419 4304 3489 4367 in
3557 4304 3687 4367 suis

837 4403 1221 4471 lectionibus
1280 4402 1628 4489 dignentur
1683 4406 1898 4469 facere
1956 4404 2359 4492 diligentiam
2419 4426 2538 4491 pro
2592 4402 2868 4468 utilitate
2923 4412 2986 4467 et
3040 4403 3438 4467 incremento
3494 4401 3688 4465 studii

758 4504 1169 4573 35sacultatis
1224 4513 1288 4568 et
1345 4526 1609 4569 suorum
1665 4503 2056 4569 scholarium
2111 4502 2738 4592 promovendorum,
2794 4501 3142 4589 legantque
3206 4499 3463 4587 publice
3519 4511 3585 4565 et
3623 4502 3687 4565 in

840 4606 999 4673 locis
1043 4602 1341 4691 publicis,
1382 4613 1446 4668 et
1498 4626 1626 4668 non
1683 4625 1756 4669 eo
1804 4605 2014 4669 minus
2060 4616 2290 4692 postea
2352 4603 2692 4669 sollicitum
2754 4601 2997 4667 habeat
3058 4600 3434 4665 scrutinium
3494 4622 3689 4687 super

839 4704 1174 4791 diligentia
1216 4702 1557 4786 lectorum,
1600 4725 1683 4767 an
1727 4705 1899 4769 omni
1943 4704 2050 4769 die
2104 4702 2382 4790 legibili,
2445 4705 2640 4767 etiam
2694 4702 2765 4766 in
2815 4702 2998 4766 festis
3067 4699 3524 4785 collegiorum,
3568 4722 3687 4787 pro

839 4805 1053 4869 fructu
1095 4812 1159 4867 et
1199 4803 1475 4867 utilitate
1518 4802 1885 4867 auditorum
1951 4826 2102 4868 suas
2164 4802 2474 4868 lectiones
2539 4799 2814 4887 legendo
2881 4799 3226 4887 diligenter
3283 4800 3687 4882 continuent3

843 4913 907 4969 et
953 4904 1009 4968 si
1051 4912 1450 4989 compertum
1509 4901 1703 4965 fuerit
1719 4950 1738 4984 ,
1805 4901 1976 4988 quod
2046 4901 2278 4989 aliquis
2347 4923 2567 4966 eorum
2628 4899 2790 4965 adeo
2855 4899 3194 4986 negligens
3253 4898 3471 4982 fuerit,
3517 4898 3689 4984 quod

757 5002 1178 5070 wauditores
1221 5001 1319 5066 sui
1361 5001 1815 5066 universaliter
1859 5002 2138 5087 desuper
2193 5009 2687 5084 conquerantur,
2755 5009 2908 5064 tunc
2961 4997 3125 5078 alius
3172 5001 3239 5063 in
3283 4999 3423 5063 eius
3478 4997 3685 5064 locum

1011 5273 1033 5323 1
1074 5265 1357 5323 Hiernach
1393 5265 1494 5321 hat
1524 5263 1762 5320 dieselbe
1796 5264 1962 5319 Hand
1996 5262 2385 5335 geschrieben:
2435 5264 2697 5334 Sequitur
2727 5271 2987 5319 statutum
3025 5269 3119 5334 263
3174 5280 3301 5319 man
3341 5262 3489 5319 sieht
3522 5262 3687 5330 nicht,

839 5368 941 5408 aus
978 5350 1235 5407 welchem
1271 5350 1502 5409 Grande
1532 5349 1649 5405 dies
1684 5347 1909 5419 speciell
1941 5346 2391 5421 hervorgehoben
2427 5347 2577 5405 wird.
