4038 6358
888 653 1008 718 324
1879 646 1981 702 Die
2015 619 2457 716 philosophische
2488 646 2743 704 Rucuma

887 854 1006 917 pro
1050 830 1295 896 decano
1336 829 1683 914 habeatur3
1741 831 1797 895 si
1840 853 1996 897 vero
2039 832 2244 898 maior
2297 853 2454 919 pars
2496 832 2565 895 in
2608 830 2886 919 aliquem
2926 853 3058 897 non
3107 830 3514 914 consenserit,
3558 840 3712 897 tunc

884 930 971 995 ad
1023 930 1399 996 scrutinium
1442 928 1847 1018 procedatur,
1900 932 1969 996 in
2013 952 2138 1019 quo
2182 933 2237 996 si
2276 928 2487 995 nullus
2531 931 2681 1013 erit,
2731 928 2842 995 fiet
2883 931 3436 1018 compromissum.
3491 928 3573 994 Et
3613 931 3708 995 sic

887 1028 1126 1096 electus
1168 1031 1238 1094 in
1281 1029 1597 1095 decanum
1650 1030 1869 1094 statim
1924 1039 2177 1096 tenetur
2223 1029 2575 1095 decanatus
2628 1029 2907 1095 officium
2927 1041 3297 1113 assumere,
3354 1027 3473 1094 sub
3511 1050 3713 1116 poena

885 1132 1076 1195 unius
1130 1150 1526 1215 sexagenae3
1585 1136 1650 1194 et
1703 1126 1934 1198 decani
1992 1130 2241 1215 antiqui
2282 1128 2564 1195 officium
2603 1151 2734 1194 non
2778 1128 3126 1216 expirabit,
3186 1128 3400 1222 donec·
3426 1129 3492 1192 in
3529 1126 3710 1193 deca·
3783 1211 3798 1228 .
3909 1215 3910 1228 χ

804 1236 837 1293 5
889 1250 1041 1293 num
1104 1229 1198 1294 sic
1253 1226 1492 1292 electus
1550 1225 1946 1314 acceptabit3
2016 1231 2073 1296 si
2131 1251 2287 1294 vero
2350 1229 2445 1294 sic
2511 1227 2751 1294 electus
2803 1227 3154 1294 decanatus
3208 1228 3489 1294 officium
3538 1249 3707 1292 assu-

893 1349 1070 1392 mere
1108 1336 1470 1410 recusaret,
1525 1327 1769 1392 tociens
1821 1329 2127 1414 quociens
2171 1326 2411 1393 electus
2451 1326 2674 1411 fuerit,
2726 1350 2920 1394 unam
2962 1349 3358 1414 sexagenum
3401 1325 3712 1414 persolvet

889 1425 1202 1492 facultati.

1078 1527 1089 1532 ’
1824 1551 1882 1610 5.
1923 1560 2018 1608 nn
2060 1527 2466 1611 maanus-ro
2506 1560 2785 1610 neom.

2078 1680 2199 1744 Vgl.
2234 1696 2282 1731 a.
2323 1680 2402 1734 St.
2437 1681 2525 1732 5⁸.

811 1801 876 1857 10
1055 1791 1219 1856 Item
1262 1790 1502 1857 electus
1544 1791 1613 1856 in
1659 1790 1972 1858 decanum
2024 1792 2350 1860 facultatis
2403 1796 2651 1861 arcium
2690 1794 2933 1860 iurabit
2971 1793 3209 1859 seniori
3247 1791 3571 1860 facultatis
3609 1815 3706 1858 no-

892 1891 1064 1955 mine
1106 1890 1397 1956 eiusdem
1437 1890 1761 1956 facultatis
1806 1891 1925 1957 sub
1971 1891 2096 1957 hac
2135 1893 2371 1959 forma:
2435 1895 2623 1981 „Ego
2665 1894 2759 1959 .N.
2798 1896 2959 1976 iuro,
3001 1892 3172 1981 quod
3215 1901 3455 1958 statuta
3492 1901 3557 1957 et
3595 1903 3708 1957 sta·

890 1988 1131 2054 tuenda
1187 2012 1309 2074 pro
1345 1989 1517 2055 bono
1557 1989 1881 2058 facultatis
1924 1993 2173 2058 arcium
2213 1991 2483 2059 firmiter
2524 1993 2718 2059 velim
2757 1991 3105 2059 observare
3149 2001 3241 2076 et,
3299 2001 3602 2079 quantum
3647 1994 3706 2056 in

889 2111 991 2154 me
1038 2097 1162 2173 est,
1210 2091 1348 2154 sine
1389 2088 1535 2158 dolo
1578 2100 1642 2156 et
1678 2089 1906 2156 fraude
1947 2088 2033 2156 ab
2077 2090 2377 2159 omnibus
2417 2093 2632 2158 facere
2674 2091 3070 2158 observari.“

1002 2262 1058 2324 6.
1098 2272 1194 2320 ns
1237 2272 1641 2323 musmo
1683 2273 1944 2323 sumno
1988 2275 2124 2323 PER
2163 2274 2578 2324 Assum'rtm
2617 2274 2710 2324 AD
2756 2273 3129 2323 consmmu
3169 2271 3611 2321 neumam-Is.

809 2399 872 2454 15
1820 2465 1823 2468 Ἴ
1971 2393 2093 2458 Vgl.
2128 2409 2178 2446 a.
2218 2393 2293 2445 St.
2330 2394 2362 2446 6
2397 2409 2447 2447 ιι.
2485 2391 2566 2455 27,
2605 2394 2649 2445 1.

1052 2505 1216 2570 Item
1260 2503 1529 2591 quilibet
1571 2507 1883 2593 magister
1923 2507 2210 2573 existens
2252 2506 2333 2573 de
2370 2507 2677 2574 facultate
2717 2506 2965 2571 arcium
2997 2503 3103 2571 vel
3145 2502 3227 2568 de
3266 2525 3440 2570 novo
3476 2506 3706 2570 inu-ans

890 2602 1231 2672 consilium
1284 2603 1528 2670 iurabit
1583 2604 1828 2671 decano
1882 2604 2003 2671 sub
2063 2606 2188 2671 hac
2237 2606 2477 2673 forma:
2556 2604 2746 2691 „Ego
2790 2605 2890 2669 .N.
2944 2605 3086 2669 iuro
3128 2602 3320 2669 vobis
3377 2603 3616 2669 decano
3651 2613 3706 2668 et

891 2705 1127 2774 vestris
1187 2702 1667 2770 successoribus
1722 2706 2167 2771 reverenciam
2221 2714 2286 2771 et
2341 2704 2787 2772 obedienciam
2835 2704 2906 2772 in
2959 2703 3153 2769 licitis
3205 2711 3273 2767 et
3324 2702 3607 2769 honestis
3653 2709 3708 2767 et

897 2823 1158 2869 servare
1204 2811 1447 2867 statuta
1489 2812 1553 2868 et
1603 2803 1943 2870 statuenda
1983 2827 2105 2892 pro
2148 2826 2339 2893 posse
2383 2815 2448 2870 et
2499 2826 2693 2871 nosse
2734 2812 2798 2868 et
2837 2824 3189 2890 procurare
3239 2802 3479 2868 bonum
3530 2801 3704 2868 facul-

809 2908 879 2966 Ἆ)
898 2902 1067 2966 tatis.
1151 2900 1315 2966 Item
1367 2903 1527 2985 iuro,
1584 2901 1777 2989 quod,
1838 2906 2397 2992 quocienscunque
2449 2904 2518 2972 in
2574 2903 2885 2969 decanum
2938 2912 3050 2967 aut
3099 2903 3168 2967 in
3224 2902 3702 2966 examinatorem

896 2998 1481 3089 promovendorum
1520 3001 1588 3065 in
1629 3000 1877 3068 artibus
1915 3012 2049 3068 tam
2090 3003 2176 3069 ad
2199 2999 2661 3089 'magisterium
2702 3024 2894 3089 quam
2938 3000 3024 3066 ad
3058 3000 3560 3066 baccalariatum
3597 2999 3700 3064 ele-

895 3109 1032 3166 ctus
1074 3100 1279 3187 fuero,
1337 3100 1676 3166 admittere
1716 3100 1913 3166 velim
1952 3102 2361 3191 simpliciter¹
2406 3101 2640 3191 dignos
2682 3112 2746 3167 et
2786 3103 3029 3167 reicere
3069 3099 3391 3187 indignos.
3476 3099 3582 3165 Sic
3617 3120 3703 3164 me

894 3199 1054 3267 deus
1097 3199 1363 3269 adiuvet
1400 3210 1465 3267 et
1504 3211 1731 3271 sancta
1772 3201 1878 3268 dei
1917 3202 2326 3289 evangelia-²
2340 3202 2379 3237 “

1375 3389 1428 3448 7.
1475 3401 1595 3462 Qm
1631 3401 1914 3451 nussum
1952 3400 2200 3477 assum
2239 3401 2332 3451 AD
2373 3399 2747 3451 consmmu
2785 3399 3231 3451 metrumne.

808 3541 875 3599 25
1838 3536 1959 3601 νει.
2003 3551 2053 3588 a.
2091 3534 2166 3587 st.
2203 3537 2249 3589 7.
2291 3535 2373 3597 24,
2407 3535 2455 3588 3.
2494 3537 2576 3605 26,
2614 3537 2661 3588 2.
2700 3537 2780 3588 15.

1054 3666 1219 3731 Item
1272 3664 1484 3733 nullus
1538 3665 1997 3752 magistrorum
2046 3666 2116 3730 in
2169 3675 2360 3731 antea
2414 3664 2501 3733 ad
2561 3664 2895 3733 consilium
2949 3663 3275 3735 facultatis
3329 3662 3696 3742 admittatur,

891 3765 1017 3830 nisi
1059 3766 1127 3829 in
1168 3766 1573 3833 consciencia
1613 3786 1732 3830 sua
1772 3763 1974 3848 dicat,
2031 3763 2205 3853 quod
2248 3773 2545 3852 quartum
2585 3786 2824 3831 annum
2866 3766 2968 3831 sui
3008 3764 3368 3849 magisterii
3404 3764 3476 3829 in
3515 3758 3698 3828 studio

890 3863 1211 3929 manendo
1255 3864 1543 3949 attigerit
1584 3874 1648 3929 et
1703 3862 2032 3929 biennium
2077 3886 2262 3929 suum
2308 3885 2455 3928 cum
2508 3864 2738 3928 effectu
2787 3862 2894 3928 hic
2933 3861 3037 3929 vel
3092 3861 3250 3928 alibi
3289 3859 3694 3950 compleverit,

891 3971 956 4031 et
1018 3962 1192 4051 quod
1252 3964 1322 4028 in
1366 3961 1813 4048 quadraginta
1876 3960 2431 4049 disputacionibus
2494 3961 2839 4029 ordinariis
2904 3960 3247 4049 arguebat,
3307 3959 3414 4027 vel
3481 3959 3697 4025 tociens

808 4070 878 4126 30
893 4083 1205 4148 praesens
1241 4061 1364 4126 fuit
1405 4071 1470 4127 et
1508 4059 1719 4127 locum
1760 4061 2079 4147 arguendi
2120 4061 2364 4127 habere
2400 4084 2532 4127 non
2572 4063 2885 4148 potuerit,
2941 4070 3008 4127 et
3048 4061 3221 4147 quod
3262 4062 3474 4128 occies
3511 4064 3694 4123 extra-

892 4159 1220 4227 ordinarie
1259 4159 1638 4247 disputavit.

1410 4424 1417 4430 θ
1496 4332 1554 4395 8.
1597 4323 1719 4415 [Bl.
1760 4332 1838 4394 57
1849 4323 1903 4413 ⁸]
1942 4344 2039 4392 ns
2079 4343 2280 4393 nono
2327 4342 2730 4392 comnmrm
2771 4342 3127 4394 smmum.

2043 4463 2163 4529 Vgl.
2206 4477 2257 4515 a.
2297 4460 2372 4513 St„
2408 4462 2490 4526 22,
2528 4462 2574 4516 8.

1054 4577 1219 4643 Item
1255 4574 1478 4642 volens
1529 4574 1853 4663 complere
1892 4575 2224 4642 biennium
2264 4576 2622 4663 magisterii
2674 4577 2774 4642 sui
2825 4584 3077 4643 tenetur
3129 4597 3249 4663 per
3304 4573 3466 4640 duos
3516 4588 3692 4637 annos

810 4687 876 4744 35
899 4675 1183 4765 quolibet
1223 4674 1434 4741 medio
1475 4674 1693 4762 legere
1736 4674 1824 4740 ad
1863 4677 2075 4742 minus
2115 4699 2235 4764 per
2271 4686 2405 4742 tres
2455 4698 2707 4741 menses
2765 4675 3017 4764 aliquas
3068 4675 3389 4741 lecciones
3437 4670 3519 4739 ad
3567 4687 3690 4755 gra·

891 4776 1046 4843 dum
1085 4775 1442 4862 magisterii
1487 4773 1591 4840 vel
1642 4772 2118 4843 baccalariatus
2162 4776 2576 4864 pertinentes,
2633 4783 2697 4840 et
2747 4784 3090 4864 antequam
3130 4772 3495 4843 huiusmodi
3542 4766 3690 4833 bien·

890 4877 1073 4945 nium
1109 4873 1557 4962 compleverit*
1571 4872 1679 4939 hic
1711 4872 1817 4941 vel
1858 4873 2037 4959 alibi,
2078 4875 2165 4940 ad
2207 4873 2548 4941 consilium
2587 4872 2912 4943 facultatis
2952 4897 3082 4941 non
3123 4872 3510 4945 admittatur.

1050 5144 1074 5195 1
1112 5136 1439 5211 simpliciter
1481 5135 1557 5193 ist
1602 5152 1693 5193 am
1727 5136 1925 5195 Raude
1961 5137 2388 5211 nachgetragen.
2466 5137 2534 5194 In
2576 5140 2676 5197 der
2709 5136 3172 5210 urspriingliohen
3205 5130 3687 5197 Beeehlussfnnms

899 5220 1037 5279 fehlt
1068 5240 1127 5278 es
1161 5219 1448 5277 ebenfalls.

1066 5312 1097 5363 2
1132 5303 1425 5360 Beschluss
1460 5321 1587 5359 vom
1622 5309 1704 5360 30.
1739 5303 1888 5378 Aug.
1926 5310 2072 5362 1436.
