4038 6358
834 648 913 712 86
1792 646 1893 696 Die
1930 645 2171 697 Statuam
2204 660 2329 697 vom
2365 645 2530 696 Jahre
2576 650 2721 708 1⁵⁴3,

831 838 968 895 esto
1013 829 1096 895 ob
1139 827 1442 894 delictum
1485 828 1712 894 floreni
1757 827 2115 911 dimidiati,
2168 829 2237 893 in
2287 831 2639 916 quotnam¹
2683 828 3050 894 aestimatio
3088 830 3205 911 rei,
3250 838 3314 893 et
3354 816 3702 915 personae

834 940 898 996 et
935 930 1248 1017 temporis
1293 938 1357 995 et
1398 927 1523 994 loci
1569 938 1890 1016 respectu,
1934 951 2133 1016 penes
2180 927 2523 995 arbitrium
2563 927 2864 995 electoris
2904 928 3126 994 futura
3166 936 3279 995 est.

2034 1099 2368 1151 statutum
2402 1099 2467 1151 V.

1715 1248 1809 1297 ΠΤ
1852 1248 2114 1298 LAESAE
2156 1250 2365 1298 PARTI
2408 1246 2779 1298 SATISFIAT.

785 1377 818 1432 5
995 1364 1213 1451 Atque
1252 1365 1319 1429 in
1359 1365 1439 1430 iis
1480 1363 1773 1430 omnibus
1818 1364 2099 1449 casibus,
2145 1366 2255 1453 qui
2296 1367 2428 1430 iam
2472 1365 2955 1430 commemorati
2999 1373 3166 1448 sunt,
3211 1386 3405 1430 suum
3456 1364 3705 1450 cuique

831 1467 933 1531 ius
978 1464 1226 1530 salvum
1269 1487 1410 1529 esse
1451 1462 1784 1547 volumus3
1827 1475 1891 1529 et
1933 1467 2011 1548 is,
2056 1466 2167 1553 qui
2208 1463 2397 1530 alteri
2440 1465 2744 1529 iniuriam
2784 1464 3016 1530 fecisse
3055 1464 3448 1552 probabitur
3468 1513 3490 1546 ,
3536 1461 3701 1548 quid

830 1565 1007 1632 laeso
1045 1565 1265 1630 facere
1305 1574 1415 1630 aut
1457 1563 1615 1629 dare
1654 1563 1908 1648 debeat,
1948 1574 2162 1631 rector
2203 1586 2350 1631 cum
2399 1562 2836 1631 assessoribus
2879 1564 3183 1631 decernet
3198 1615 3218 1649 ,
3260 1567 3318 1631 si
3364 1586 3511 1632 non
3556 1571 3699 1651 pot-

838 1668 962 1733 erit
1003 1688 1108 1731 res
1148 1664 1324 1732 bona
1364 1665 1580 1751 gratia
1621 1666 1940 1751 componi.

2026 1833 2363 1884 statutum
2400 1833 2492 1883 v1.

756 1977 819 2032 10
1580 1981 1674 2030 DE
1719 1982 2085 2031 mmmm
2132 1982 2344 2031 TUBPI
2386 1981 2939 2032 consussrtmnm.

995 2099 1196 2165 Nemo
1239 2097 1469 2164 ditioni
1508 2098 1947 2163 universitatis
1988 2109 2249 2164 nostrae
2293 2099 2664 2185 suppositus
2708 2097 2883 2184 apud
2926 2119 2996 2163 se
3039 2095 3284 2163 habere
3336 2098 3699 2165 mulierem

835 2209 1174 2287 suspectae
1212 2197 1562 2287 pudicitiae
1602 2220 1811 2287 neque
1854 2197 2209 2265 domestica
2247 2197 2423 2264 illius
2466 2196 2930 2264 consuetudine
2968 2199 3060 2262 uti
3100 2198 3291 2264 ausit.
3351 2197 3491 2280 Qui
3516 2198 3687 2263 fece·

835 2300 953 2380 rit,
1008 2321 1282 2386 poenam
1338 2299 1647 2364 sustineto
1707 2298 2002 2365 solvendi
2055 2298 2318 2364 florines
2374 2307 2506 2364 tres
2558 2306 2671 2364 aut
2723 2298 2793 2362 in
2841 2319 3103 2363 carcere
3144 2321 3272 2364 uno
3314 2318 3548 2365 mense
3597 2298 3696 2363 in·

834 2396 1129 2465 cluditor.

755 2573 816 2629 15
2007 2567 2353 2623 statutum
2389 2567 2510 2617 vn.

1492 2716 1587 2765 DE
1630 2714 2180 2766 DIVERSAN'rmUs
2220 2717 2292 2765 m
2334 2716 2534 2766 LOCIS
2576 2716 2970 2765 mFAthJs.

998 2830 1202 2896 Nemo
1246 2833 1529 2898 omnium
1574 2853 1658 2898 ex
1698 2833 1940 2898 nostris
1982 2833 2209 2898 infami
2250 2832 2320 2896 in
2361 2831 2504 2898 loco
2564 2832 2927 2898 diversetur
2985 2841 3097 2897 aut
3152 2831 3408 2898 habitet
3463 2831 3695 2919 ibique

832 2931 1221 2996 lenocinium
1264 2940 1328 2996 et
1367 2931 1785 3019 turpitudinis
1828 2931 2029 2998 veluti
2068 2931 2389 2997 officinam
2437 2933 2691 3019 aperiat
2733 2930 2838 2996 vel
2879 2933 3189 2998 lasciviae
3210 2953 3289 2997 ac
3323 2930 3684 2998 libidinum

834 3030 1240 3096 occasionem
1294 3040 1359 3095 et
1414 3033 1671 3119 copiam
1729 3031 1874 3098 aliis
1930 3030 2275 3120 praebeat,
2331 3033 2423 3097 uti
2479 3031 2572 3098 ibi
2627 3030 2891 3098 lustrari
2938 3031 3397 3119 crapularique
3443 3042 3511 3099 et
3554 3029 3691 3095 alia

753 3139 821 3196 20
837 3128 1029 3196 foeda
1067 3129 1243 3195 facta
1284 3130 1497 3197 facere
1538 3129 1742 3199 libere
1784 3132 2057 3220 possint.
2124 3131 2257 3214 Qui
2297 3132 2585 3215 fecerint,
2627 3133 2695 3198 in
2731 3136 2850 3198 'eos
2890 3133 3236 3199 vehemens
3261 3141 3326 3199 et
3349 3131 3688 3219 condigna

836 3229 1068 3297 delicto
1110 3239 1289 3296 tanto
1330 3252 1545 3318 poena
1586 3254 1627 3297 a
1665 3242 1914 3298 rectore
1954 3243 2021 3298 et
2061 3231 2329 3298 consilio
2372 3231 2544 3328 illius
2587 3241 2922 3299 statuetur.

1988 3402 2029 3454 S
2048 3409 2332 3453 tatutnm
2370 3402 2512 3455 vm.

1423 3549 1517 3598 DE
1561 3550 1888 3600 vrrmms
1933 3551 2271 3601 TABERNIS
2313 3553 2405 3602 ΕΤ
2448 3551 2649 3602 Locls
2696 3553 3085 3603 nummus.

994 3665 1198 3731 Nemo
1240 3665 1684 3731 universitatis
1725 3677 1985 3734 nostrae
2024 3667 2320 3734 subditus
2363 3668 2468 3735 die
2523 3679 2801 3736 noctuve
2844 3672 2913 3734 in
2968 3669 3257 3735 tabernis
3312 3674 3426 3732 aut
3483 3664 3677 3731 cellis

749 3773 816 3830 25
834 3765 1105 3830 vinariis
1147 3774 1257 3829 aut
1310 3764 1470 3830 locis
1525 3765 1874 3832 infamibus
1928 3768 2338 3856 impudenter
2395 3778 2856 3836 commessetur
2912 3778 3026 3834 aut
3084 3792 3228 3833 cum
3290 3765 3675 3834 mulieribus

830 3863 1180 3930 infamibus
1220 3863 1544 3951 flagitiose
1586 3868 1979 3933 convivetur.
2064 3867 2198 3950 Qui
2235 3870 2479 3954 fecerit,
2520 3892 2648 3935 uno
2691 3868 2922 3935 florino
2966 3868 3403 3934 mulctabitur.

2009 4037 2346 4090 statutum
2384 4039 2474 4090 IX.

1969 4187 2064 4234 DE
2105 4187 2540 4238 NOCTIVAGIS.

999 4296 1383 4388 Quicunque
1437 4311 1631 4366 noctu
1682 4301 1788 4367 vel
1846 4311 2077 4389 aperta
2128 4302 2236 4368 vel
2284 4313 2457 4369 tecta
2508 4305 2674 4370 facie
2728 4328 2848 4392 per
2903 4302 3216 4391 oppidum
3262 4300 3675 4367 cursitaverit

745 4407 815 4464 30
831 4408 944 4464 aut
985 4400 1185 4463 armis
1233 4402 1575 4486 strepitum
1615 4403 2002 4467 excitaverit
2054 4411 2166 4467 aut
2220 4402 2615 4469 deformibus
2673 4415 2785 4469 aut
2836 4406 3081 4470 insanis
3125 4400 3516 4469 clamoribus
3578 4411 3673 4464 tu·

829 4497 1179 4564 multuatus
1217 4498 1443 4582 fuerit,
1502 4499 1778 4587 denique
1820 4503 2257 4589 cuiuscunque
2298 4505 2557 4588 generis
2600 4513 2948 4570 nocturnas
2998 4502 3225 4569 turbas
3267 4502 3670 4582 excitaverit,

828 4600 886 4662 is
928 4596 1233 4664 mulctam
1275 4602 1514 4666 rectori
1557 4600 1786 4668 solvito
1829 4600 2208 4667 florinorum
2246 4601 2461 4667 trium.

2032 4769 2363 4821 statutum
2400 4772 2466 4822 X.

1925 4919 2019 4967 DE
2061 4919 2562 4970 ALEATORIBUS.

741 5038 809 5094 35
989 5028 1306 5098 Scurriles
1329 5032 1355 5074 ²
1397 5031 1583 5098 ludos
1625 5042 1693 5100 et
1729 5033 1959 5121 aleam,
1999 5035 2256 5124 legibus
2300 5059 2557 5126 semper
2590 5039 2878 5121 vetitam,
2921 5060 3230 5104 exercere
3254 5059 3450 5124 quam
3478 5045 3668 5124 turpe

963 5233 986 5282 1
1032 5227 1107 5283 So
1139 5229 1286 5283 steht
1318 5230 1702 5302 geschrieben3
1738 5232 1829 5289 ich
1863 5235 2151 5292 vermuthe
2186 5235 2335 5305 aber,
2371 5235 2499 5291 dass
2537 5253 2609 5290 zu
2645 5236 2793 5292 lesen
2829 5237 2906 5291 sei
2938 5238 2999 5291 iu
3033 5244 3293 5307 quantum
3324 5255 3449 5292 non.

958 5317 991 5368 2
1024 5311 1396 5371 Gesehrieben
1432 5314 1580 5372 steht
1612 5317 1851 5375 Simila.
