4038 6358
896 633 1019 695 254
2031 624 2144 675 Das
2177 624 2356 676 kleine
2391 622 2601 689 colleg.

899 831 1092 896 quam
1148 805 1560 871 exactissime
1620 805 1992 870 scrutinium
2049 803 2382 873 habeatur.
2464 806 2620 873 Mox
2676 808 2771 873 sic
2826 804 2914 872 ad
2966 804 3342 872 electionem
3391 805 3780 873 solenniter

900 909 1337 996 perveniatur,
1381 916 1470 988 ut,
1516 904 1667 969 dato
1725 906 1910 990 signo
1954 906 2380 992 campanulae
2422 916 2490 972 et
2526 906 2872 994 implorato
2916 905 3137 972 divino
3180 905 3444 991 auxilio,
3513 904 3780 991 singuli

900 1005 1185 1091 collegae
1252 1003 1339 1069 ad
1413 1026 1641 1069 manus
1713 1005 2101 1090 praepositi,
2178 1008 2322 1093 ipse
2377 1001 2493 1093 [2]
2554 1006 2640 1071 ad
2710 1007 2982 1071 senioris
3047 1015 3269 1071 sancte
3339 1007 3776 1093 promittant,

893 1125 1407 1191 unumquemque
1466 1125 1715 1167 summa
1772 1101 1920 1186 fide,
1979 1105 2118 1168 sine
2172 1105 2401 1170 fraude
2458 1116 2523 1170 et
2574 1104 2743 1187 dolo,
2807 1103 3026 1171 sedulo
3081 1103 3152 1169 id
3204 1105 3548 1170 facturum
3606 1126 3777 1188 esse,

814 1217 846 1272 5
900 1228 1024 1294 quo
1070 1203 1267 1268 talem
1309 1202 1617 1289 deligant,
1677 1204 1788 1291 qui
1842 1224 2070 1268 amans
2115 1206 2199 1269 sit
2238 1227 2436 1270 verae
2490 1206 2751 1292 pietatis
2806 1214 2871 1269 et
2910 1226 3116 1291 purae
3170 1203 3520 1270 doctrinae
3569 1227 3774 1270 evan-

897 1305 1070 1392 gelii,
1130 1303 1313 1391 pacis
1367 1312 1430 1367 et
1471 1302 1856 1367 concordiae
1899 1301 2249 1386 studiosus,
2302 1305 2539 1391 quique
2582 1303 2852 1389 collegio
2907 1314 3308 1387 ornamento,
3366 1303 3774 1370 academiae

893 1405 1122 1470 honori
1168 1424 1311 1466 esse
1365 1403 1590 1488 possit.
1674 1397 1877 1487 Inque
1932 1402 2244 1467 electione
2294 1403 2402 1468 hic
2447 1413 2547 1468 est
2589 1401 3033 1468 observandus
3077 1403 3255 1487 ord0,
3305 1415 3379 1469 ut
3419 1404 3768 1491 imprimis

895 1505 1303 1569 emeritorum
1343 1498 1659 1565 habeatur
1697 1503 1886 1584 ratio,
1929 1500 2165 1567 deinde
2206 1524 2445 1586 eorum,
2490 1504 2601 1590 qui
2644 1502 3018 1569 academiae
3060 1505 3367 1587 serviant,
3409 1503 3664 1568 ultimo
3707 1511 3771 1568 et

891 1603 1118 1669 horum
1135 1650 1153 1684 ,
1211 1599 1291 1665 de
1343 1597 1575 1684 (111111118
1631 1598 1973 1686 praeclara
2030 1624 2179 1687 spes
2237 1603 2349 1686 sit,
2412 1603 2584 1691 quod
2641 1601 2989 1689 aliquando
3043 1602 3234 1668 utiles
3290 1626 3361 1669 se
3421 1602 3764 1690 praebere

724 1772 731 1778 ,
815 1713 878 1769 10
898 1702 1127 1768 studiis
1171 1697 1646 1764 adolescentiae
1699 1697 1972 1785 legendo
2013 1700 2119 1766 vel
2173 1700 2462 1769 docendo
2507 1703 2771 1790 possint
2855 1702 2935 1767 In
2978 1701 3270 1767 dicendis
3310 1725 3469 1770 vero
3523 1703 3763 1767 suffra·

892 1804 1016 1889 giis
1083 1798 1238 1865 ordo
1304 1799 1467 1863 senii
1536 1801 1788 1862 servari
1852 1797 2062 1864 debet.
2141 1799 2561 1888 Praepositus
2627 1793 2782 1865 vero
2850 1799 3201 1866 secundum
3263 1801 3761 1867 multitudinem

892 1900 1350 1985 suffragiorum
1388 1896 1747 1962 concludat.
1803 1896 1922 1962 Sin
1962 1899 2457 1986 suffragantium
2489 1911 2638 1967 vota
2683 1902 2810 1967 sint
2849 1902 3056 1987 paria,
3099 1902 3340 1987 poterit
3379 1904 3762 1988 cuicunque

889 1999 1163 2066 voluerit
1200 1998 1376 2084 parti
1418 1994 1856 2063 concludendo
1903 2001 2279 2065 consentire.

1560 2158 1650 2250 [S.
1676 2159 1738 2250 3]
1784 2182 1878 2229 m:
1920 2182 2434 2232 Pusmcamom:
2477 2183 2647 2232 now
2689 2182 3074 2233 commu-2.

808 2310 871 2366 15
2062 2301 2389 2352 statutum
2424 2302 2505 2356 11.

1059 2411 1409 2480 Celebrata
1451 2411 1759 2478 electione
1802 2413 2060 2479 curabit
2098 2438 2254 2480 mox
2296 2420 2707 2504 praepositus
2752 2438 2871 2503 per
2899 2415 3231 2503 publicum
3259 2415 3524 2503 collegii
3565 2417 3749 2480 mini·

892 2524 1115 2596 strum,
1169 2521 1241 2575 ut
1282 2510 1483 2576 electo
1525 2510 1823 2577 voluntas
1872 2513 2130 2600 collegii
2173 2514 2256 2581 de
2295 2520 2441 2604 ipso
2483 2517 2926 2598 denuncietur,
2981 2538 3060 2580 ea
3109 2515 3372 2603 quidem
3415 2515 3746 2602 significa-

892 2615 1086 2695 tione,
1139 2620 1229 2693 ut,
1284 2609 1439 2697 quid
1495 2632 1657 2697 opus
1715 2613 1800 2677 sit
1847 2614 1917 2677 in
1968 2635 2052 2678 ea
2094 2637 2185 2698 re,
2239 2616 2383 2702 ipse
2422 2638 2505 2680 ex
2551 2616 2924 2702 praeposito
2982 2626 3358 2701 cognoscat,
3419 2617 3538 2704 qui
3597 2624 3748 2679 tunc

892 2713 1091 2779 electo
1129 2707 1415 2795 collegae
1456 2721 1592 2774 tam
1637 2722 1882 2777 sumtus
1925 2724 1991 2778 et
2032 2736 2248 2796 onera,
2301 2737 2464 2802 quae
2502 2715 2673 2779 ferre
2715 2723 3007 2801 cogatur,
3060 2737 3251 2801 quam
3292 2714 3643 2780 commoda
3683 2723 3745 2778 et

808 2821 877 2878 20
896 2810 1339 2890 emolumenta,
1396 2832 1561 2896 quae
1603 2832 1685 2874 ex
1727 2813 2209 2878 accessionibus
2251 2812 2510 2899 collegii
2549 2813 2818 2896 habeat,
2877 2836 3074 2901 quam
3117 2814 3623 2900 diligentissime
3663 2835 3742 2877 ex

891 2911 1146 2977 statutis
1201 2908 1514 2973 ostendat.
1605 2908 1805 2976 Suum
1863 2923 2080 2978 autem
2136 2912 2375 2978 electus
2431 2915 2713 2978 animum
2770 2913 2940 2998 infra
2998 2913 3324 2980 octiduum
3378 2912 3740 2979 declarabit

886 3009 1281 3097 praeposito.

1582 3123 1674 3211 [S.
1717 3123 1779 3214 4]
1824 3145 1919 3194 DE
1956 3144 2395 3195 Asstmnom:
2439 3144 2608 3194 Nov1
2651 3145 3035 3196 confflem.

2057 3264 2382 3316 statutum
2418 3265 2532 3316 111.

805 3388 872 3443 25
1056 3374 1309 3443 Octavo
1354 3374 1460 3441 die
1497 3399 1537 3441 a
1580 3366 1883 3464 tempore.
1918 3375 2249 3449 electionis
2303 3379 2714 3466 praepositus
2773 3379 3198 3465 congregabit
3251 3376 3618 3464 collegium,
3669 3387 3734 3439 ut

893 3484 1244 3563 cognoscat
1289 3473 1477 3541 electi
1525 3478 1826 3559 animum,
1880 3479 1989 3566 qui
2044 3481 2100 3542 si
2143 3477 2630 3563 collegiaturam
2669 3480 3008 3565 receperit,
3061 3480 3498 3543 iuramentum
3540 3474 3730 3541 fideli-

888 3579 1039 3640 tatis
1082 3596 1355 3658 sequens
1396 3575 1777 3660 praestabit,
1817 3578 2003 3663 eique
2049 3587 2293 3641 statuta
2333 3576 2586 3663 collegii
2624 3577 2704 3642 de
2746 3576 3061 3643 sumtibus
3091 3589 3155 3642 et
3181 3576 3488 3642 oneribus
3525 3573 3726 3641 simul-

891 3698 1015 3764 que
1060 3673 1415 3740 commodis
1468 3684 1533 3739 et
1589 3674 2034 3755 emolumentis
2090 3674 2551 3744 recitabuntur.
2636 3676 2752 3742 Sin
2807 3688 3020 3743 autem
3075 3678 3499 3760 recusaverit,
3553 3673 3724 3740 colle-

887 3778 1062 3861 gium
1107 3775 1326 3840 statim
1367 3774 1454 3839 ad
1494 3797 1729 3840 novam
1771 3774 2149 3841 electionem
2187 3773 2444 3842 redibit.

801 3949 872 4006 30
1610 3937 1732 4028 ‚[S.
1774 3937 1838 4029 5]
1882 3958 2343 4008 mammon
2383 3958 2552 4008 Nov1
2596 3959 2983 4010 confflem.

2031 4076 2366 4128 statutum
2418 4078 2570 4129 1111.

1053 4187 1145 4276 [S.
1169 4186 1232 4275 6]
1279 4190 1466 4276 „Ego
1510 4190 1602 4255 .N.
1648 4193 1809 4274 iuro,
1853 4190 2067 4278 primo
2093 4191 2302 4274 vobis,
2348 4195 2720 4280 praeposito
2761 4192 2951 4257 huius
2993 4194 3165 4275 anni,
3204 4192 3570 4278 vestrisque
3593 4209 3719 4254 suc-

889 4289 1254 4355 cessoribus
1308 4312 1412 4353 me
1463 4291 1530 4353 in
1574 4290 1872 4355 omnibus
1916 4290 2112 4356 rebus
2165 4290 2472 4377 legitimis
2519 4301 2583 4356 et
2622 4291 2909 4357 honestis
2953 4291 3234 4356 debitam
3288 4290 3713 4378 morigeratio·

886 4413 1032 4455 nem
1076 4389 1534 4476 praestiturum
1577 4412 1734 4455 esse.
1816 4389 2135 4474 Secundo,
2197 4389 2369 4476 quod
2427 4392 2667 4456 seniori
2727 4401 2790 4456 et
2844 4389 3226 4457 electoribus
3280 4391 3441 4455 meis
3497 4392 3715 4455 iustam

804 4499 872 4556 35
890 4490 1315 4553 reverentiam
1372 4487 1681 4553 exhibere
1721 4489 1935 4554 velim.
2021 4490 2243 4554 Tertio
2291 4499 2563 4574 statuta„
2609 4514 2775 4579 quae
2818 4488 3078 4556 condita
3130 4498 3277 4554 sunt
3330 4499 3396 4554 et
3450 4490 3713 4583 legitime

888 4587 1263 4670 condentur,
1333 4587 1555 4653 sedulo
1597 4598 1663 4653 et
1719 4587 1994 4654 fideliter
2054 4610 2157 4653 me
2213 4600 2618 4654 servaturum
2679 4612 2838 4655 esse.
2926 4588 3193 4671 Quane,
3249 4588 3424 4676 quod
3485 4596 3715 4655 secreta

894 4686 1145 4772 collegii
1188 4685 1348 4752 nulli
1389 4688 1882 4770 communicare,
1927 4689 2269 4754 commoda
2309 4688 2563 4775 collegii
2606 4688 2939 4771 adiuvare,
2981 4686 3391 4754 incommoda
3438 4698 3710 4755 avertere

890 4789 1060 4850 omni
1111 4795 1403 4874 tempore
1454 4789 1752 4873 omnique
1808 4797 1980 4863 statu
2021 4789 2197 4853 vitae
2243 4787 2582 4874 diligenter
2623 4788 2835 4853 velim.
2907 4786 3149 4852 Ultimo
3192 4788 3516 4872 iniuriam,
3571 4785 3710 4853 mihi

885 4885 989 4950 vel
1034 4885 1232 4951 verbo
1254 4886 1358 4950 vel
1397 4887 1568 4951 facto
1613 4898 1726 4953 aut
1766 4890 1996 4974 quovis
2041 4888 2168 4953 alio
2211 4888 2403 4954 modo
2444 4910 2484 4952 a
2525 4887 2776 4974 collega
2814 4886 3081 4971 illatam,
3121 4908 3223 4953 me
3267 4889 3558 4954 consulto
3596 4907 3706 4951 non

805 4993 1034 5048 408888
1072 4985 1547 5051 vindicaturum
1591 4985 1707 5051 sed
1767 5009 1961 5074 super
2004 4986 2118 5052 illa
2173 4987 2489 5052 auxilium
2544 4986 2800 5073 collegii
2855 4987 3350 5075 imploraturum
3391 5008 3553 5054 esse.
3624 4985 3707 5050 Si·

893 5103 1017 5169 que
1059 5083 1277 5172 aliqua
1318 5088 1761 5152 controversia
1807 5089 1976 5151 inter
2019 5109 2126 5153 me
2180 5096 2248 5153 et
2300 5085 2613 5172 collegam
2664 5097 2895 5153 exorta
2947 5089 3167 5169 fuerit,
3219 5090 3287 5152 in
3343 5110 3423 5154 ea
3477 5106 3703 5172 compo-

889 5181 1102 5248 nenda
1145 5179 1231 5272 [7]
1273 5209 1374 5251 me
1418 5186 1750 5252 dictamini
1791 5188 2059 5252 maioris
2101 5188 2308 5274 partis
2354 5185 2756 5263 dominorum
2801 5198 2977 5253 stare
3018 5187 3203 5252 velle.
3268 5187 3379 5253 Sic
3419 5211 3525 5254 me
3569 5186 3703 5251 deus

888 5283 1150 5348 adiuvet
1204 5294 1267 5350 et
1319 5296 1610 5351 sanctum
1665 5285 1838 5353 illius
1899 5286 2371 5375 81811381111111.α
2447 5288 2820 5368 (Hierunter
2868 5291 3139 5352 Christus
3181 5311 3278 5353 am
3320 5293 3555 5353 Krene
3599 5287 3703 5348 und
