4038 6358
1473 602 1575 655 Die
1618 602 1838 654 altesten
1875 602 2131 657 Statnten.
3102 611 3222 675 559

332 807 506 852 non
554 788 907 871 destiterit,
949 787 1191 853 honore
1209 836 1227 870 ‚
1286 788 1619 854 commodo
1675 810 1755 853 ac
1812 789 2228 876 promocione
2270 786 2557 854 eiusdem
2600 788 2926 854 facultatis
2970 792 3054 855 sit
3096 791 3226 878 pri-

337 899 604 972 vatus3
668 890 724 952 si
783 890 928 975 quis
982 896 1193 951 autem
1248 886 1446 952 talem
1500 888 1763 953 fovere¹
1822 897 1933 952 aut
1989 886 2330 953 defensare
2395 890 2839 975 temptaverit,
2905 889 3223 955 consimili

336 1008 594 1072 poena
637 985 1013 1053 subiacebit.

547 1158 645 1222 32.
697 1152 888 1218 Anno
945 1152 1190 1218 domini
1241 1159 1396 1220 1456
1456 1152 1674 1217 ultimo
1736 1152 1841 1216 die
1882 1152 2270 1218 Decembris
2329 1150 2702 1218 conclusum
2754 1154 2877 1219 fuit
2918 1165 3224 1223 statutum

353 1251 830 1340 subscriptum
874 1250 1311 1332 concorditer,
1354 1249 1528 1317 nullo
1574 1251 2090 1335 contradicente,
2135 1251 2337 1340 quod,
2383 1253 2535 1339 quia
2578 1255 2646 1316 in
2689 1257 3025 1320 retroactis
3068 1266 3222 1320 tem·
3275 1266 3308 1321 5

343 1351 650 1437 poribus
709 1351 1097 1438 quibusdam
1158 1351 1490 1435 magistris
1551 1347 1721 1436 [18³]
1779 1351 2141 1437 theologiae
2194 1374 2235 1415 a
2292 1353 2485 1417 certis
2538 1352 2925 1419 baccalariis
2981 1377 3218 1440 graves

345 1451 858 1516 irreverenciae
903 1459 1051 1515 sunt
1079 1449 1346 1531 illatae,
1394 1472 1476 1513 ex
1530 1449 1764 1535 quibus
1824 1452 1891 1514 in
1948 1451 2367 1517 universitate
2412 1449 2728 1537 plurimae
2769 1451 3224 1537 dissensiones,

350 1551 903 1616 concertaciones
965 1559 1028 1614 et
1089 1548 1548 1636 displicenciae
1601 1563 2064 1635 promoverunt
2118 1552 2186 1613 in
2241 1550 2680 1616 confusionem
2734 1562 2797 1617 et
2849 1553 3224 1619 scandalum

353 1646 786 1734 theologicae
837 1648 1197 1730 facultatis,
1243 1657 1312 1712 ut
1354 1649 1552 1734 igitur
1595 1649 1662 1711 in
1706 1647 1930 1713 eadem
1975 1648 2281 1716 facultate
2323 1648 2706 1736 theologica,
2750 1652 2817 1715 in
2859 1675 2989 1737 qua
3037 1677 3222 1741 prae·

351 1749 576 1832 cipue
613 1749 839 1833 vigere
878 1747 1071 1812 debet
1121 1748 1189 1812 in
1244 1747 1495 1813 actibus
1553 1756 1616 1811 et
1673 1747 1962 1829 moribus
2015 1749 2546 1814 commendabilis
2589 1750 2900 1816 habitudo
2921 1801 2939 1834 ,
2983 1776 3119 1838 pax
3158 1764 3309 1823 etio

351 1847 765 1929 concordia,
820 1847 1028 1913 honor
1069 1857 1131 1911 et
1177 1846 1399 1910 debita
1454 1849 1830 1911 reverencia
1874 1847 2283 1933 dilligencius
2326 1860 2389 1913 et
2433 1849 2776 1915 sollicicius
2822 1850 3223 1935 observetur,

351 1947 438 2011 in
488 1955 684 2011 antea
721 1943 966 2010 nullum
1022 1947 1427 2035 suppositum
1484 1944 1810 2013 facultatis
1865 1948 2150 2013 eiusdem
2209 1947 2487 2036 aliquem
2540 1950 2925 2037 magistrum
2983 1950 3220 2018 theolo-

353 2047 530 2129 giae
614 2045 924 2110 conviciis
999 2046 1393 2132 inproperys
1418 2047 1442 2085 ²
1527 2056 1637 2108 aut
1715 2044 1859 2109 aliis
1940 2048 2375 2134 cuiuscunque
2435 2097 2451 2111 .
2498 2099 2512 2112 .
2558 2097 2573 2111 .
2617 2101 2630 2113 .
2656 2050 2681 2089 ³
2752 2052 3224 2133 irreverenciis,

355 2144 584 2210 verbo
615 2144 718 2209 vel
750 2146 941 2226 facto,
986 2166 1104 2231 per
1143 2165 1212 2208 se
1253 2141 1355 2207 vel
1399 2165 1516 2230 per
1554 2142 1769 2225 alium,
1813 2145 2123 2211 iniuriose
2165 2149 2439 2235 impetat
2481 2148 2582 2212 vel
2625 2147 2936 2231 molestet,
2978 2159 3091 2214 aut
3132 2152 3225 2215 sic

355 2245 720 2309 injurianti
741 2246 765 2285 ⁴
819 2243 923 2308 vel
979 2242 1346 2309 molestanti
1401 2242 1735 2308 consilium
1792 2244 2136 2331 praebeat,
2189 2245 2499 2311 auxilium
2563 2247 2666 2313 vel
2723 2250 3044 2333 favorem,
3101 2249 3221 2314 sub
3246 2262 3307 2315 15

360 2366 598 2430 poena
653 2353 908 2409 centum
963 2341 1388 2424 florenorum,
1448 2342 1735 2407 facultati
1799 2343 2409 2455 persolvendorum,
2463 2346 2563 2411 vel
2627 2346 3020 2413 exclusionis
3082 2372 3225 2439 per—

355 2454 616 2529 petuae
651 2466 692 2508 a
732 2440 1057 2510 facultate.

547 2630 646 2692 33.
695 2621 978 2713 [Bl.18b]
1037 2624 1228 2688 Anno
1271 2622 1515 2687 domini
1565 2629 1721 2690 1455
1765 2624 1871 2689 die
1916 2630 1993 2690 25
2036 2628 2275 2690 mensis
2320 2626 2490 2692 Iunii
2543 2630 2841 2715 magistri
2896 2631 3224 2696 facultatis

359 2722 783 2810 theologicae
837 2721 1246 2790 concorditer
1300 2721 1795 2788 declaraverunt
1860 2733 2127 2811 propter
2183 2725 2605 2815 multiplicem
2664 2739 2959 2793 monetae
3010 2730 3223 2795 varia-

362 2825 650 2907 cionem,
695 2822 886 2911 quod,
927 2822 1292 2907 ubicunque
1314 2822 1379 2885 in
1424 2818 1681 2887 ‘statutis
1724 2822 1796 2886 fit
1840 2825 2090 2888 mencio
2134 2823 2214 2888 de
2259 2824 2540 2908 floreniS,
2584 2850 2703 2912 per
2746 2829 3309 2915 promovendoszo

363 2924 711 3008 magistris
757 2920 857 2986 vel
898 2920 1192 2985 facultati
1240 2919 1594 2999 solvendis,
1661 2920 1830 3007 quod
1885 2922 2008 2987 hoc
2057 2922 2452 3009 intelligatur
2495 2928 2563 2989 in
2606 2949 2763 2991 auro
2816 2938 2878 2991 et
2933 2927 3106 3016 quod
3157 2930 3223 2993 in

366 3038 575 3086 antea
621 3023 716 3086 sic
760 3021 1101 3087 solvatur.⁵

546 3192 646 3254 34.
690 3186 879 3254 Anno
925 3185 1173 3251 domini
1204 3193 1360 3252 1457
1400 3187 1468 3250 in
1511 3188 1675 3254 festo
1713 3185 2013 3252 undecim
2057 3188 2305 3255 milium
2343 3191 2667 3275 virginum
2712 3199 2797 3267 (d.
2822 3199 2918 3260 21.
2945 3192 3221 3282 October)

372 3286 753 3352 conclusum
795 3287 915 3350 fuit
960 3309 1079 3371 per
1120 3284 1512 3367 facultatem,
1557 3286 1729 3372 quod
1777 3287 1858 3350 de
1898 3298 2115 3353 cetero
2159 3292 2589 3372 sentenciarii,
2632 3292 2827 3357 finitis
2858 3296 3220 3377 sentenciis,

367 3410 522 3451 cum
572 3385 881 3474 pedibus⁰
915 3384 1211 3470 legerint,
1246 3407 1365 3469 pro
1411 3382 1779 3467 collacione,
1824 3409 1991 3472 quae
2040 3399 2192 3452 tunc
2234 3389 2376 3454 fieri
2421 3393 2754 3455 consuevit
2791 3414 2913 3477 pro
2955 3394 3304 3459 visitan-25

365 3486 549 3551 tibus
591 3495 655 3550 et
697 3483 1141 3564 audientibus,
1195 3483 1367 3547 ultra
1421 3505 1614 3548 unam
1674 3506 2068 3570 sexagenam
2124 3508 2500 3572 grossorum
2558 3513 2875 3555 novorum
2926 3515 3055 3557 non
3111 3516 3221 3558 ex·

366 3595 653 3671 ponant,
700 3583 820 3649 sub
863 3606 1076 3671 poena
1116 3581 1329 3668 dupli,
1391 3582 1638 3648 scilicet
1690 3583 1965 3649 duarum
2026 3609 2495 3672 sexagenarum
2552 3611 2864 3654 novarum
2925 3592 3219 3657 facultati

366 3683 848 3765 solvendarum,
894 3683 975 3747 de
1015 3703 1141 3767 quo
1188 3685 1322 3746 suis
1366 3685 1742 3748 iuramentis
1793 3685 1894 3747 se⁷
1925 3685 2317 3770 purgabunt,
2362 3699 2707 3772 antequam
2753 3689 2837 3754 ad
2879 3689 3218 3757 licenciam

373 3783 818 3847 admittentur.
903 3782 1064 3846 Item
1111 3781 1358 3867 placuit
1397 3781 1635 3847 ibidem
1655 3832 1673 3864 ,
1716 3785 1770 3847 si
1814 3781 2070 3870 aliquae
2111 3788 2564 3870 promociones
2607 3773 3087 3856 licenciatorum
3130 3792 3217 3857 ad

366 3882 690 3946 bii-retum
734 3901 1119 3966 quocunque
1163 3891 1454 3967 tempore
1496 3884 1625 3946 sint
1662 3882 2027 3966 faciendae,
2085 3885 2258 3970 quod
2312 3888 2724 3952 sentenciarii
2766 3912 2891 3976 pro
2933 3901 3087 3957 tunc
3127 3890 3214 3957 le-
3233 3901 3302 3957 30

370 3990 603 4066 gentes
645 3979 730 4044 ad
775 3979 1300 4066 respondendum
1355 3982 1422 4044 in
1466 3985 1779 4067 vesperiis
1824 3993 1888 4046 et
1939 3985 2007 4047 in
2063 3982 2212 4047 aula
2256 3981 2423 4072 [19³]
2480 3989 2607 4051 sint
2663 3991 2946 4072 astricti,
3001 3994 3216 4056 iunior

367 4079 724 4145 videlicet
706 4103 775 4143 m
808 4080 1126 4165 vesperiis
1159 4089 1223 4143 et
1251 4083 1466 4144 senior
1502 4084 1603 4146 in⁸
1637 4080 1806 4162 aula,
1854 4083 1908 4146 si
1949 4105 2107 4147 vero
2152 4105 2316 4148 unus
2357 4095 2607 4151 tantum
2649 4086 2898 4174 legerit,
2945 4099 3009 4154 et
3052 4090 3216 4156 alius

370 4179 460 4244 ad
499 4175 844 4293 legendum
891 4187 1261 4264 assumptus
1317 4180 1516 4244 flierit
1567 4203 1686 4245 nec
1731 4182 1885 4245 dum
1923 4183 2278 4269 inceperit,
2336 4183 2506 4281 idem
2563 4188 2772 4252 eciam
2824 4190 3219 4278 respondere

365 4288 702 4362 teneatur3
760 4279 814 4343 si
858 4299 1013 4342 vero
1065 4277 1280 4342 nullus
1335 4278 1656 4345 admissus
1713 4281 1940 4364 fuerit,
1982 4286 2263 4347 extunc⁹
2306 4286 2417 4370 qui
2460 4287 2811 4353 novissime
2855 4293 3216 4357 sentencias

545 4530 567 4580 1
609 4524 983 4582 Geschrieben
1018 4521 1180 4581 steht
1199 4532 1420 4596 favere.

541 4614 572 4664 2
607 4608 682 4664 So
720 4608 868 4664 steht
901 4608 1148 4664 deutlich
1189 4609 1562 4682 geschrieben.

541 4697 570 4748 3
608 4691 747 4748 Sehr
779 4693 1102 4748 undentlich
1137 4695 1509 4765 geschrieben,
1548 4696 1603 4750 in
1637 4696 1791 4752 einer
1830 4696 2204 4770 Abkiirzung,
2239 4699 2329 4756 die
2362 4701 2658 4772 cigentlich
2691 4697 2885 4778 qram's
2917 4711 3143 4783 ergiebt

543 4782 576 4830 4
611 4777 983 4834 Geschrieben
1019 4777 1167 4832 steht
1210 4780 1458 4835 furienti.

543 4866 573 4915 5
612 4861 720 4916 Am
757 4862 980 4917 Rande:
1017 4862 1346 4933 yoztyaedden.

541 4949 575 4999 6
610 4943 685 5000 So
721 4944 866 5001 steht
899 4946 1146 5002 deutlich
1182 4947 1557 5018 geschrieben.
1641 4949 1817 5005 Stand
1867 4956 2008 5005 etwa
2057 4951 2129 5005 im
2167 4953 2417 5025 Original
2471 4976 2591 5012 eum
2637 4962 2870 5029 quibu-53
2904 4966 3018 5020 und
3067 4984 3212 5024 zwar

367 5028 551 5083 hinter
585 5030 968 5085 audiena-‘buu

537 5119 566 5168 7
602 5130 660 5166 se
693 5112 846 5170 fehlt.

538 5201 570 5252 8
604 5198 664 5251 in
693 5195 849 5254 fehlt.

538 5285 570 5336 9
608 5281 981 5337 Geschrieben
1019 5282 1164 5342 steht
1198 5292 1249 5338 et
1284 5293 1489 5338 extunc,
