4038 6358
818 627 940 695 556
1896 634 1996 685 Die
2037 635 2402 699 theologische
2438 634 2699 688 Facultat.

827 814 1308 879 assecucionem
1351 814 1900 903 praebendarum,
1978 820 2047 884 in
2098 828 2407 907 quantum
2465 826 2594 883 stat
2653 842 2771 906 per
2813 818 3191 886 facultatem
3220 821 3255 883 ¹.
3350 817 3684 885 Similiter

817 909 990 999 [14³]
1033 923 1096 978 et
1135 913 1349 980 locum
1392 915 1742 982 secundum
1785 942 2029 985 morem
2083 918 2444 1000 facultatis,
2507 941 2637 983 non
2677 919 3009 1003 obstante,
3078 921 3131 985 si
3186 920 3509 1006 magister
3559 916 3685 984 vel

819 1012 1114 1097 magistri
1158 1017 1599 1080 universitatis
1641 1014 2012 1103 Pragensis‚
2062 1028 2395 1104 promotus
2451 1017 2555 1083 vel
2614 1021 2897 1106 promoti
2952 1019 3039 1085 ad
3090 1020 3544 1105 magisterium
3600 1019 3685 1082 in

816 1111 1144 1199 theologia
1187 1124 1335 1179 ante
1375 1138 1700 1181 recessum
1741 1120 1933 1183 trium
1976 1119 2319 1183 nacionum
2363 1117 2444 1182 de
2486 1118 2706 1205 Praga
2726 1168 2744 1201 ,
2797 1117 3037 1184 habeat
3093 1118 3197 1184 vel
3240 1117 3534 1183 habeant
3570 1117 3675 1183 lo·

735 1220 766 1275 5
822 1234 966 1276 cum
1010 1211 1114 1277 vel
1156 1212 1299 1278 loca
1336 1215 1402 1278 in
1446 1217 1866 1282 universitate
1925 1227 1988 1283 et
2047 1220 2115 1281 in
2169 1216 2422 1282 actibus
2475 1216 2877 1303 theologicae
2935 1217 3261 1283 facultatis
3326 1227 3482 1282 ante
3534 1240 3677 1282 ma-

817 1311 1089 1396 gistrum
1136 1311 1235 1376 vel
1277 1315 1623 1399 magistros
1666 1316 1772 1381 hic
1815 1327 2178 1402 promotum
2208 1316 2310 1381 vel
2349 1325 2684 1402 promotos
2714 1326 2863 1382 ante
2896 1320 3423 1405 assumpcionem
3448 1316 3675 1382 huius-

819 1410 994 1476 modi
1033 1413 1330 1498 magistri
1374 1412 1479 1477 vel
1520 1417 1976 1501 magistrorum
2022 1415 2371 1481 secundum
2416 1439 2663 1482 morem
2703 1416 3110 1504 praedictum
3132 1418 3177 1481 ².

986 1618 1083 1680 22.
1127 1611 1317 1678 Anno
1361 1613 1604 1680 domini
1639 1621 1791 1683 1427
1831 1615 1937 1681 die
1971 1625 1996 1683 1
2041 1619 2277 1683 mensis
2319 1617 2489 1681 Iunii
2530 1615 2900 1683 conclusum
2942 1616 3080 1700 fuit,
3126 1615 3299 1704 quod
3344 1619 3415 1681 in
3453 1626 3671 1704 poste·

817 1737 960 1779 rum
1000 1711 1209 1776 nullus
1254 1713 1633 1779 admittatur
1677 1715 1761 1779 ad
1813 1740 2105 1799 cursum,
2162 1716 2247 1781 ad
2304 1716 2698 1798 sentencias,
2744 1715 2830 1781 ad
2884 1715 3236 1800 birretum,
3294 1717 3429 1781 nisi
3484 1716 3663 1797 iuret,

741 1824 804 1879 10
826 1812 996 1898 quod
1037 1822 1182 1899 post
1226 1815 1614 1899 principium
1659 1817 1723 1878 in
1768 1838 2030 1880 cursum
2074 1815 2173 1881 vel
2220 1816 2570 1881 sententias
2614 1826 2677 1881 et
2719 1826 2868 1903 post
2920 1819 3371 1904 recepcionem
3438 1816 3663 1881 birreti

816 1922 1074 1977 maneat
1138 1913 1204 1975 in
1259 1912 1524 2000 Lyptzk
1586 1937 1702 2001 per
1763 1914 2091 1981 biennium
2149 1926 2213 1982 et
2269 1917 2444 2004 legat
2499 1925 2562 1980 et
2620 1914 2822 1980 faciat
2876 1939 2989 1998 ea,
3048 1938 3213 2003 quae
3265 1927 3659 1987 concernunt

824 2035 1006 2077 suum
1050 2010 1343 2097 gradum.

976 2168 1074 2230 23.
1115 2161 1306 2227 Anno
1351 2161 1595 2230 domini
1642 2171 1797 2232 1427
1841 2166 1946 2231 die
1988 2172 2066 2233 25
2112 2168 2349 2232 mensis
2395 2167 2687 2232 Ianuarii
2742 2165 3112 2231 conclusum
3156 2175 3255 2230 est
3296 2188 3414 2252 per
3456 2163 3658 2230 facul·

814 2273 1011 2327 tatem
1054 2260 1482 2348 theologicam
1538 2265 1975 2348 concorditer,
2032 2265 2202 2354 quod
2269 2265 2749 2353 promovendus
2813 2263 2898 2330 ad
2958 2264 3273 2331 birretum
3334 2266 3403 2329 in
3474 2287 3662 2329 sacra

737 2374 798 2427 15
821 2361 1151 2448 theologia
1191 2361 1293 2426 vel
1348 2364 1433 2428 ad
1486 2364 1886 2431 doctoratum
1905 2415 1922 2447 ,
1977 2376 2322 2452 antequam
2378 2362 2890 2453 promovebitur,
2937 2362 3104 2452 [14¹³]
3161 2374 3442 2452 reponat
3498 2387 3662 2428 sum-

814 2486 988 2528 mam
1031 2472 1149 2528 etc.
1194 2459 1488 2546 (dariiber
1535 2469 1916 2549 ¹‹Je.‹›·cln·z'eben
1977 2472 2049 2534 18
2104 2487 2581 2551 sexagenarum
2633 2462 3074 2551 antiquarum)
3121 2465 3298 2551 apud
3341 2465 3661 2530 decanum

816 2563 1140 2628 facultatis
1183 2562 1606 2649 theologicae.
1699 2565 1863 2629 Item
1925 2574 2076 2651 post
2119 2566 2455 2652 vesperias
2510 2567 2579 2630 in
2633 2567 2917 2630 crastino
2974 2562 3168 2628 debet
3208 2565 3425 2630 facere
3471 2587 3662 2651 pran-

817 2662 994 2728 dium
1036 2659 1410 2728 doctoribus
1457 2686 1681 2729 sacrae
1721 2663 2087 2751 theologiae
2133 2676 2196 2732 et
2238 2665 2500 2732 eosdem
2540 2667 2607 2729 in
2654 2664 2819 2729 cibis
2865 2672 2932 2729 et
2980 2665 3048 2728 in
3095 2663 3356 2750 potibus
3400 2663 3662 2728 honori-

814 2763 936 2828 fice
984 2771 1281 2829 tractare.
1365 2762 1529 2826 Item
1584 2766 1751 2829 iuret
1801 2774 1951 2830 ante
2007 2766 2453 2852 recepcionem
2509 2763 2740 2828 birreti
2756 2811 2772 2844 ,
2828 2762 3001 2850 quod
3042 2761 3199 2827 velit
3251 2785 3371 2849 per
3428 2784 3503 2827 se
3548 2785 3660 2848 per

734 2871 804 2928 20
825 2862 987 2927 duos
1027 2883 1232 2927 annos
1275 2863 1573 2947 proxime
1619 2874 1957 2950 sequentes
2000 2874 2150 2952 post
2191 2865 2671 2953 promocionem
2709 2861 2928 2947 legere
2966 2863 3034 2925 in
3075 2859 3405 2947 theologia
3448 2885 3659 2941 sacra,

813 2964 939 3028 nisi
984 2983 1178 3048 super
1225 2961 1348 3027 hoc
1391 2984 1609 3026 secum
1652 2984 1770 3050 per
1816 2962 2190 3028 facultatem
2232 2965 2427 3029 fuerit
2465 2962 2929 3048 dispensatum.
3010 2961 3175 3026 Item
3227 2961 3298 3024 in
3349 2961 3479 3041 die,
3526 2984 3653 3046 qua

812 3060 1136 3127 tenebitur
1175 3060 1325 3126 aula
1364 3084 1483 3148 pro
1525 3060 1761 3148 aliquo,
1802 3061 1973 3127 idem
2015 3062 2310 3129 novellus
2354 3063 2578 3128 doctor
2621 3060 2815 3126 debet
2856 3062 3073 3125 facere
3116 3082 3391 3126 coenam
3433 3061 3651 3126 docto·

811 3160 991 3238 ribus
1036 3169 1098 3224 et
1138 3162 1208 3224 in
1252 3161 1533 3226 crastino
1573 3161 1659 3227 ad
1703 3161 2068 3247 prandium,
2102 3162 2418 3246 doctores,
2458 3170 2653 3250 prout
2693 3184 2891 3247 supra
2931 3168 3175 3226 tactum
3215 3171 3332 3243 est,
3381 3161 3451 3226 in
3484 3184 3659 3226 escu-

811 3261 1002 3326 lentis
1046 3269 1111 3325 et
1153 3258 1510 3347 poculentis
1552 3259 1905 3327 honorifice
1962 3262 2326 3328 tractando.

731 3421 796 3477 25
982 3415 1081 3476 24.
1139 3408 1328 3476 Anno
1370 3409 1611 3476 domini
1661 3418 1814 3479 1435
1863 3411 1968 3478 die
2011 3418 2092 3480 25
2135 3413 2373 3477 mensis
2416 3413 2582 3477 Iunii
2643 3410 3011 3477 conclusum
3070 3411 3193 3475 fuit
3249 3410 3656 3476 concorditer

815 3534 933 3599 per
971 3509 1364 3592 facultatem,
1408 3509 1581 3595 quod
1613 3509 1824 3574 nullus
1863 3513 2343 3597 magistrorum,
2387 3513 2455 3576 in
2497 3510 2824 3597 theologia
2867 3519 3217 3598 promotuS,
3258 3509 3657 3598 peramplius

813 3611 1189 3676 admittatur
1244 3608 1330 3674 ad
1387 3609 1727 3674 consilium
1785 3610 2112 3676 facultatis
2168 3609 2491 3692 eiusdem,
2554 3610 2681 3674 nisi
2742 3632 2927 3674 suum
2987 3608 3319 3675 biennium
3380 3610 3654 3699 comple·

809 3710 980 3775 verit
1025 3707 1372 3774 secundum
1419 3709 1589 3795 quod
1631 3710 1889 3775 iuravit.

978 3866 1075 3926 25.
1117 3857 1307 3922 Anno
1343 3865 1518 3939 1440,
1566 3860 1672 3925 die
1714 3883 1868 3928 vero
1909 3871 2098 3926 sexta
2139 3862 2378 3925 mensis
2416 3861 2609 3942 Iunii,
2652 3860 2719 3923 in
2763 3859 3277 3944 congregacione
3321 3860 3656 3944 magistro·

732 3970 958 4026 30rum
989 3956 1312 4023 facultatis
1346 3954 1517 4044 [15⁸]
1552 3958 1637 4022 ad
1665 3958 1791 4024 hoc
1836 3959 2204 4046 specialiter
2245 3961 2419 4025 facta
2463 3968 2702 4024 statuta
2744 3958 3114 4044 subscripta
3155 3969 3472 4044 concepta
3515 3970 3663 4023 sunt

814 4081 893 4123 ac
933 4054 1270 4137 conclusa,
1316 4066 1379 4120 et
1422 4055 1729 4144 deinceps
1771 4060 1978 4124 eciam
2036 4082 2154 4147 per
2204 4081 2424 4125 omnes
2486 4058 2867 4142 magistroS,
2929 4055 3101 4121 nullo
3156 4057 3657 4138 contradicente,

819 4155 1201 4244 approbata.
1289 4155 1547 4221 Primo³
1611 4158 1783 4244 quod
1846 4159 1912 4223 in
1959 4172 2152 4223 antea
2196 4157 2431 4244 singuli
2473 4158 2542 4220 in
2587 4179 2777 4221 sacra
2818 4155 3142 4241 theologia
3181 4156 3511 4223 licenciati
3543 4181 3657 4245 per

814 4257 953 4324 dies
998 4254 1399 4320 caniculares
1444 4266 1507 4320 et
1547 4259 1752 4322 eciam
1791 4256 1955 4322 alias
1987 4257 2129 4323 loco
2173 4268 2236 4322 et
2282 4260 2349 4322 in
2398 4257 2762 4322 subsidium
2805 4257 3267 4341 magistrorum
3309 4256 3396 4322 ad
3442 4256 3652 4343 legen·

816 4356 971 4420 dum
999 4353 1086 4418 ad
1115 4376 1571 4440 sermonesque
1604 4357 1671 4420 in
1703 4358 1920 4421 missis
1960 4358 2403 4421 universitatis
2446 4367 2509 4421 et
2550 4366 2738 4421 extra
2778 4353 3167 4420 collaciones
3207 4356 3657 4443 quoquomodo

727 4465 794 4521 35
814 4451 1201 4540 faciendum,
1247 4475 1394 4517 cum
1418 4456 1783 4520 ostensione
1813 4478 1890 4520 ac
1920 4456 2356 4544 inscripcione
2382 4454 2750 4537 eorundem,
2793 4453 3089 4540 requisiti
3132 4476 3250 4540 per
3290 4455 3661 4522 facultatem

989 4675 1012 4723 1
1051 4670 1162 4722 Am
1196 4667 1417 4722 Raude:
1475 4667 1699 4721 Senium
1744 4669 2057 4738 magisterii
2106 4676 2450 4739 computatur
2502 4667 2737 4737 Lipsiae
2785 4684 2823 4721 a
2863 4667 2956 4721 die
3002 4668 3342 4739 acceptionis
3377 4669 3523 4723 inter
3554 4687 3662 4722 ma-

807 4754 1009 4821 qictmos
1040 4754 1273 4807 nostros.

986 4843 1016 4891 2
1051 4835 1171 4890 Aus
1204 4836 1383 4891 dieser
1417 4835 1799 4906 Bestimmung
1831 4834 1967 4907 geht
2003 4835 2297 4891 zweifellos
2327 4834 2540 4903 hervor,
2588 4835 2717 4889 dass
2749 4834 2839 4889 die
2874 4833 3134 4890 Statuten
3174 4834 3259 4890 bis
3290 4833 3483 4892 hicher
3532 4836 3658 4892 bald

807 4920 950 4975 nach
984 4922 1083 4975 der
1115 4920 1585 4992 Uebersiedelung
1624 4939 1730 4975 von
1768 4921 1916 4991 Prag
1953 4919 2099 4975 nach
2135 4919 2370 4990 Leipzig
2403 4918 2689 4992 abgefasst
2725 4918 2863 4973 sind.
2935 4919 3083 4974 Dass
3130 4919 3209 4975 sie
3246 4937 3347 4976 vor
3387 4926 3514 4977 1427
3552 4919 3647 4975 fal·

807 5005 892 5058 len
911 5045 925 5070 ‚
977 5003 1203 5059 beweist
1234 5005 1336 5058 das
1372 5005 1580 5059 Datum
1615 5006 1714 5061 der
1748 5005 2044 5075 folgenden
2079 5002 2494 5076 Paragraphen‚
2529 5004 2632 5058 mit
2663 5004 2843 5058 denen
2875 5002 2964 5059 die
2998 5004 3521 5060 Zusatzbeschliisse
3560 5005 3645 5061 be-

806 5087 1010 5158 ginnen
1046 5088 1200 5158 (oder
1237 5088 1409 5143 sehon
1446 5088 1548 5142 mit
1588 5095 1701 5152 555,
1739 5089 1881 5156 23⁸?).

973 5177 1003 5226 3
1041 5172 1149 5226 Am
1185 5172 1406 5227 Raude:
1456 5173 1760 5226 Lice-ntia&
1800 5182 2065 5243 coquntur
2112 5172 2287 5240 ἱερᾶτο
2332 5173 2521 5226 diebu-s
2566 5172 2974 5226 canicularibus
3022 5179 3073 5226 et
3107 5190 3220 5243 pro
3264 5172 3530 5243 theoloqie
3574 5191 3658 5228 or-

810 5256 1073 5310 dinariis.
1207 5275 1213 5280 ·
