<?xml version="1.0" encoding="UTF-8"?>
<!DOCTYPE html PUBLIC "-//W3C//DTD XHTML 1.0 Transitional//EN"
    "http://www.w3.org/TR/xhtml1/DTD/xhtml1-transitional.dtd">
<html xmlns="http://www.w3.org/1999/xhtml" xml:lang="en" lang="en">
 <head>
  <title>
</title>
<meta http-equiv="Content-Type" content="text/html;charset=utf-8" />
  <meta name='ocr-system' content='tesseract 3.04.00' />
  <meta name='ocr-capabilities' content='ocr_page ocr_carea ocr_par ocr_line ocrx_word'/>
</head>
<body>
  <div class='ocr_page' id='page_1' title='image "./diestatutenbche02leipgoog_0377.png"; bbox 0 0 4038 6358; ppageno 0'>
   <div class='ocr_carea' id='block_1_1' title="bbox 1399 647 3226 720">
    <p class='ocr_par' dir='ltr' id='par_1_1' title="bbox 1399 647 3226 720">
     <span class='ocr_line' id='line_1_1' title="bbox 1399 647 3226 720; baseline 0.006 -13"><span class='ocrx_word' id='word_1_1' title='bbox 1399 647 1668 707; x_wconf 73' lang='lat' dir='ltr'><strong>Entwiirfe</strong></span> <span class='ocrx_word' id='word_1_2' title='bbox 1705 669 1830 708; x_wconf 81' lang='lat' dir='ltr'><strong>vom</strong></span> <span class='ocrx_word' id='word_1_3' title='bbox 1861 657 2031 710; x_wconf 71' lang='lat' dir='ltr'><strong>Jahn-e</strong></span> <span class='ocrx_word' id='word_1_4' title='bbox 2071 657 2212 712; x_wconf 79' lang='lat'>1444.</span> <span class='ocrx_word' id='word_1_5' title='bbox 3109 655 3226 720; x_wconf 86' lang='grc'><strong>361</strong></span> 
     </span>
    </p>
   </div>
   <div class='ocr_carea' id='block_1_2' title="bbox 1153 973 2530 1187">
    <p class='ocr_par' dir='ltr' id='par_1_2' title="bbox 1153 973 2530 1187">
     <span class='ocr_line' id='line_1_2' title="bbox 1153 973 2530 1036; baseline 0.005 -10"><span class='ocrx_word' id='word_1_6' title='bbox 1153 973 1223 1026; x_wconf 91' lang='lat'><strong>11.</strong></span> <span class='ocrx_word' id='word_1_7' title='bbox 1269 977 1456 1030; x_wconf 77' lang='lat' dir='ltr'><strong>zwm</strong></span> <span class='ocrx_word' id='word_1_8' title='bbox 1486 976 1886 1032; x_wconf 78' lang='lat' dir='ltr'>EN&#39;I&#39;WURFE</span> <span class='ocrx_word' id='word_1_9' title='bbox 1920 979 2081 1032; x_wconf 84' lang='lat' dir='ltr'><strong>VOM</strong></span> <span class='ocrx_word' id='word_1_10' title='bbox 2112 980 2345 1034; x_wconf 73' lang='lat' dir='ltr'><strong>JAHRE</strong></span> <span class='ocrx_word' id='word_1_11' title='bbox 2387 983 2530 1036; x_wconf 82' lang='lat'><strong>1444.</strong></span> 
     </span>
     <span class='ocr_line' id='line_1_3' title="bbox 1549 1131 2157 1187; baseline 0.002 -5"><span class='ocrx_word' id='word_1_12' title='bbox 1549 1131 1788 1182; x_wconf 79' lang='lat' dir='ltr'><strong>Erster</strong></span> <span class='ocrx_word' id='word_1_13' title='bbox 1833 1131 2157 1187; x_wconf 72' lang='lat' dir='ltr'><strong>Entwuxf.</strong></span> 
     </span>
    </p>
   </div>
   <div class='ocr_carea' id='block_1_3' title="bbox 831 1267 2870 1333">
    <p class='ocr_par' dir='ltr' id='par_1_3' title="bbox 831 1267 2870 1333">
     <span class='ocr_line' id='line_1_4' title="bbox 831 1267 2870 1333; baseline 0.002 -7"><span class='ocrx_word' id='word_1_14' title='bbox 831 1273 1278 1326; x_wconf 68' lang='lat' dir='ltr'><strong>mronmmo</strong></span> <span class='ocrx_word' id='word_1_15' title='bbox 1317 1277 1394 1326; x_wconf 78' lang='lat' dir='ltr'><strong>m</strong></span> <span class='ocrx_word' id='word_1_16' title='bbox 1431 1277 1846 1330; x_wconf 67' lang='lat' dir='ltr'><strong>nonnum</strong></span> <span class='ocrx_word' id='word_1_17' title='bbox 1884 1279 2147 1331; x_wconf 73' lang='lat' dir='ltr'><strong>Ancum</strong></span> <span class='ocrx_word' id='word_1_18' title='bbox 2186 1281 2373 1332; x_wconf 71' lang='lat' dir='ltr'><strong>mo</strong></span> <span class='ocrx_word' id='word_1_19' title='bbox 2417 1283 2574 1333; x_wconf 74' lang='lat' dir='ltr'><strong>Ere.</strong></span> <span class='ocrx_word' id='word_1_20' title='bbox 2617 1267 2870 1331; x_wconf 74' lang='lat' dir='ltr'><strong>xn11110.</strong></span> 
     </span>
    </p>
   </div>
   <div class='ocr_carea' id='block_1_4' title="bbox 1499 1394 3319 1763">
    <p class='ocr_par' dir='ltr' id='par_1_4' title="bbox 1503 1394 2370 1486">
     <span class='ocr_line' id='line_1_5' title="bbox 1503 1394 2370 1486; baseline -0.001 -24"><span class='ocrx_word' id='word_1_21' title='bbox 1503 1394 1890 1486; x_wconf 86' lang='lat' dir='ltr'><strong>Stargardia</strong></span> <span class='ocrx_word' id='word_1_22' title='bbox 2018 1397 2370 1466; x_wconf 82' lang='lat' dir='ltr'><strong>Saxonum.</strong></span> 
     </span>
    </p>

    <p class='ocr_par' dir='ltr' id='par_1_5' title="bbox 1499 1496 3319 1665">
     <span class='ocr_line' id='line_1_6' title="bbox 1499 1496 3319 1565; baseline 0.004 -5"><span class='ocrx_word' id='word_1_23' title='bbox 1499 1496 1732 1562; x_wconf 90' lang='lat' dir='ltr'><strong>Pirner</strong></span> <span class='ocrx_word' id='word_1_24' title='bbox 2012 1497 2424 1565; x_wconf 88' lang='lat' dir='ltr'><strong>Polonorum.</strong></span> <span class='ocrx_word' id='word_1_25' title='bbox 3285 1500 3319 1558; x_wconf 82' lang='grc'><strong>5</strong></span> 
     </span>
     <span class='ocr_line' id='line_1_7' title="bbox 1500 1594 2439 1665; baseline 0.004 -5"><span class='ocrx_word' id='word_1_26' title='bbox 1500 1594 1854 1663; x_wconf 68' lang='lat' dir='ltr'><strong>Mai-borch</strong></span> <span class='ocrx_word' id='word_1_27' title='bbox 2008 1597 2439 1665; x_wconf 89' lang='lat' dir='ltr'><strong>Bavarorum.</strong></span> 
     </span>
    </p>

    <p class='ocr_par' dir='ltr' id='par_1_6' title="bbox 1501 1695 2483 1763">
     <span class='ocr_line' id='line_1_8' title="bbox 1501 1695 2483 1763; baseline 0.002 -3"><span class='ocrx_word' id='word_1_28' title='bbox 1501 1695 1832 1762; x_wconf 80' lang='lat' dir='ltr'><strong>Fortunae</strong></span> <span class='ocrx_word' id='word_1_29' title='bbox 1857 1698 1877 1740; x_wconf 85' lang='lat'><strong>¹</strong></span> <span class='ocrx_word' id='word_1_30' title='bbox 2003 1697 2483 1763; x_wconf 74' lang='lat' dir='ltr'><strong>Misenensium.</strong></span> 
     </span>
    </p>
   </div>
   <div class='ocr_carea' id='block_1_5' title="bbox 1117 1543 1437 1632">
    <p class='ocr_par' dir='ltr' id='par_1_7' title="bbox 1117 1543 1437 1632">
     <span class='ocr_line' id='line_1_9' title="bbox 1117 1543 1437 1632; baseline 0 -22"><span class='ocrx_word' id='word_1_31' title='bbox 1117 1543 1437 1632; x_wconf 87' lang='lat' dir='ltr'><strong>Deputati</strong></span> 
     </span>
    </p>
   </div>
   <div class='ocr_carea' id='block_1_6' title="bbox 275 1825 3317 2517">
    <p class='ocr_par' dir='ltr' id='par_1_8' title="bbox 275 1825 3317 2517">
     <span class='ocr_line' id='line_1_10' title="bbox 459 1825 3232 1917; baseline 0 -25"><span class='ocrx_word' id='word_1_32' title='bbox 459 1825 941 1896; x_wconf 84' lang='lat' dir='ltr'><strong>Reformacio</strong></span> <span class='ocrx_word' id='word_1_33' title='bbox 1015 1829 1101 1895; x_wconf 89' lang='lat' dir='ltr'><strong>ad</strong></span> <span class='ocrx_word' id='word_1_34' title='bbox 1169 1850 1480 1917; x_wconf 88' lang='lat' dir='ltr'><strong>praesens</strong></span> <span class='ocrx_word' id='word_1_35' title='bbox 1541 1830 1916 1895; x_wconf 89' lang='lat' dir='ltr'><strong>necessaria</strong></span> <span class='ocrx_word' id='word_1_36' title='bbox 1974 1839 2075 1897; x_wconf 86' lang='lat' dir='ltr'><strong>est</strong></span> <span class='ocrx_word' id='word_1_37' title='bbox 2133 1832 2202 1896; x_wconf 91' lang='lat' dir='ltr'><strong>in</strong></span> <span class='ocrx_word' id='word_1_38' title='bbox 2251 1829 2589 1914; x_wconf 85' lang='lat' dir='ltr'><strong>facultate,</strong></span> <span class='ocrx_word' id='word_1_39' title='bbox 2658 1840 2730 1897; x_wconf 89' lang='lat' dir='ltr'><strong>ut</strong></span> <span class='ocrx_word' id='word_1_40' title='bbox 2782 1829 2991 1896; x_wconf 88' lang='lat' dir='ltr'><strong>solum</strong></span> <span class='ocrx_word' id='word_1_41' title='bbox 3049 1827 3232 1914; x_wconf 82' lang='lat' dir='ltr'><strong>digni</strong></span> 
     </span>
     <span class='ocr_line' id='line_1_11' title="bbox 275 1926 3240 2016; baseline -0.001 -24"><span class='ocrx_word' id='word_1_42' title='bbox 275 1937 874 2013; x_wconf 77' lang='lat' dir='ltr'><strong>promoveantur</strong></span> <span class='ocrx_word' id='word_1_43' title='bbox 927 1937 990 1994; x_wconf 89' lang='lat' dir='ltr'><strong>et</strong></span> <span class='ocrx_word' id='word_1_44' title='bbox 1045 1938 1118 1995; x_wconf 87' lang='lat' dir='ltr'><strong>ut</strong></span> <span class='ocrx_word' id='word_1_45' title='bbox 1182 1929 1525 1995; x_wconf 78' lang='lat' dir='ltr'><strong>abusiones</strong></span> <span class='ocrx_word' id='word_1_46' title='bbox 1539 1977 1559 2012; x_wconf 95' lang='lat'><strong>,</strong></span> <span class='ocrx_word' id='word_1_47' title='bbox 1631 1931 1687 1994; x_wconf 89' lang='lat' dir='ltr'><strong>si</strong></span> <span class='ocrx_word' id='word_1_48' title='bbox 1729 1929 1989 2016; x_wconf 80' lang='lat' dir='ltr'><strong>aliquae</strong></span> <span class='ocrx_word' id='word_1_49' title='bbox 2029 1931 2243 1996; x_wconf 86' lang='lat' dir='ltr'><strong>forent</strong></span> <span class='ocrx_word' id='word_1_50' title='bbox 2257 1981 2275 2015; x_wconf 96' lang='lat'><strong>,</strong></span> <span class='ocrx_word' id='word_1_51' title='bbox 2343 1939 2813 1997; x_wconf 80' lang='lat' dir='ltr'><strong>removeantur.</strong></span> <span class='ocrx_word' id='word_1_52' title='bbox 2900 1926 3032 1994; x_wconf 87' lang='lat' dir='ltr'><strong>Sed</strong></span> <span class='ocrx_word' id='word_1_53' title='bbox 3084 1927 3240 2015; x_wconf 90' lang='lat' dir='ltr'><strong>quia</strong></span> 
     </span>
     <span class='ocr_line' id='line_1_12' title="bbox 278 2027 3317 2118; baseline -0 -26"><span class='ocrx_word' id='word_1_54' title='bbox 278 2027 590 2113; x_wconf 83' lang='lat' dir='ltr'><strong>grandis</strong></span> <span class='ocrx_word' id='word_1_55' title='bbox 625 2030 934 2117; x_wconf 83' lang='lat' dir='ltr'><strong>suspitio</strong></span> <span class='ocrx_word' id='word_1_56' title='bbox 974 2029 1044 2094; x_wconf 90' lang='lat' dir='ltr'><strong>in</strong></span> <span class='ocrx_word' id='word_1_57' title='bbox 1083 2028 1210 2094; x_wconf 88' lang='lat' dir='ltr'><strong>hac</strong></span> <span class='ocrx_word' id='word_1_58' title='bbox 1237 2053 1311 2095; x_wconf 90' lang='lat' dir='ltr'><strong>re</strong></span> <span class='ocrx_word' id='word_1_59' title='bbox 1354 2051 1395 2095; x_wconf 91' lang='lat' dir='ltr'><strong>a</strong></span> <span class='ocrx_word' id='word_1_60' title='bbox 1435 2027 1655 2096; x_wconf 87' lang='lat' dir='ltr'><strong>multis</strong></span> <span class='ocrx_word' id='word_1_61' title='bbox 1694 2028 1993 2118; x_wconf 84' lang='lat' dir='ltr'><strong>habetur,</strong></span> <span class='ocrx_word' id='word_1_62' title='bbox 2032 2029 2339 2096; x_wconf 87' lang='lat' dir='ltr'><strong>videlicet</strong></span> <span class='ocrx_word' id='word_1_63' title='bbox 2378 2031 2544 2096; x_wconf 84' lang='lat' dir='ltr'><strong>forte</strong></span> <span class='ocrx_word' id='word_1_64' title='bbox 2586 2031 2798 2096; x_wconf 89' lang='lat' dir='ltr'><strong>minus</strong></span> <span class='ocrx_word' id='word_1_65' title='bbox 2828 2031 2995 2095; x_wconf 84' lang='lat' dir='ltr'><strong>iuste</strong></span> <span class='ocrx_word' id='word_1_66' title='bbox 3037 2049 3231 2115; x_wconf 89' lang='lat' dir='ltr'><strong>quam</strong></span> <span class='ocrx_word' id='word_1_67' title='bbox 3253 2033 3317 2092; x_wconf 87' lang='lat'><strong>10</strong></span> 
     </span>
     <span class='ocr_line' id='line_1_13' title="bbox 287 2121 3239 2217; baseline -0 -26"><span class='ocrx_word' id='word_1_68' title='bbox 287 2125 374 2191; x_wconf 87' lang='lat' dir='ltr'><strong>ob</strong></span> <span class='ocrx_word' id='word_1_69' title='bbox 449 2125 766 2193; x_wconf 84' lang='lat' dir='ltr'><strong>lucrum</strong></span> <span class='ocrx_word' id='word_1_70' title='bbox 825 2139 891 2194; x_wconf 88' lang='lat' dir='ltr'><strong>et</strong></span> <span class='ocrx_word' id='word_1_71' title='bbox 943 2129 1300 2217; x_wconf 86' lang='lat' dir='ltr'><strong>profectum</strong></span> <span class='ocrx_word' id='word_1_72' title='bbox 1353 2152 1538 2196; x_wconf 90' lang='lat' dir='ltr'><strong>suum</strong></span> <span class='ocrx_word' id='word_1_73' title='bbox 1600 2121 1819 2217; x_wconf 87' lang='lat' dir='ltr'><strong>plures</strong></span> <span class='ocrx_word' id='word_1_74' title='bbox 1874 2131 2087 2196; x_wconf 89' lang='lat' dir='ltr'><strong>minus</strong></span> <span class='ocrx_word' id='word_1_75' title='bbox 2149 2129 2352 2195; x_wconf 88' lang='lat' dir='ltr'><strong>abiles</strong></span> <span class='ocrx_word' id='word_1_76' title='bbox 2408 2153 2489 2196; x_wconf 89' lang='lat' dir='ltr'><strong>ac</strong></span> <span class='ocrx_word' id='word_1_77' title='bbox 2537 2132 2748 2195; x_wconf 89' lang='lat' dir='ltr'><strong>minus</strong></span> <span class='ocrx_word' id='word_1_78' title='bbox 2791 2128 3080 2217; x_wconf 81' lang='lat' dir='ltr'><strong>ydoneos</strong></span> <span class='ocrx_word' id='word_1_79' title='bbox 3120 2148 3239 2212; x_wconf 91' lang='lat' dir='ltr'><strong>per</strong></span> 
     </span>
     <span class='ocr_line' id='line_1_14' title="bbox 291 2223 3236 2318; baseline -0 -28"><span class='ocrx_word' id='word_1_80' title='bbox 291 2249 364 2290; x_wconf 82' lang='lat' dir='ltr'><strong>se</strong></span> <span class='ocrx_word' id='word_1_81' title='bbox 405 2237 538 2292; x_wconf 83' lang='lat' dir='ltr'><strong>aut</strong></span> <span class='ocrx_word' id='word_1_82' title='bbox 562 2249 714 2316; x_wconf 86' lang='lat' dir='ltr'><strong>per</strong></span> <span class='ocrx_word' id='word_1_83' title='bbox 761 2229 927 2296; x_wconf 83' lang='lat' dir='ltr'><strong>alios</strong></span> <span class='ocrx_word' id='word_1_84' title='bbox 970 2229 1056 2294; x_wconf 89' lang='lat' dir='ltr'><strong>ad</strong></span> <span class='ocrx_word' id='word_1_85' title='bbox 1097 2229 1597 2295; x_wconf 81' lang='lat' dir='ltr'><strong>submittendum</strong></span> <span class='ocrx_word' id='word_1_86' title='bbox 1644 2251 1714 2294; x_wconf 89' lang='lat' dir='ltr'><strong>se</strong></span> <span class='ocrx_word' id='word_1_87' title='bbox 1755 2227 2165 2296; x_wconf 83' lang='lat' dir='ltr'><strong>examinibus</strong></span> <span class='ocrx_word' id='word_1_88' title='bbox 2204 2229 2445 2314; x_wconf 91' lang='lat' dir='ltr'><strong>induci,</strong></span> <span class='ocrx_word' id='word_1_89' title='bbox 2485 2228 2757 2318; x_wconf 91' lang='lat' dir='ltr'><strong>ideoque</strong></span> <span class='ocrx_word' id='word_1_90' title='bbox 2801 2227 3114 2314; x_wconf 87' lang='lat' dir='ltr'><strong>congruit,</strong></span> <span class='ocrx_word' id='word_1_91' title='bbox 3141 2223 3236 2290; x_wconf 91' lang='lat' dir='ltr'><strong>ibi</strong></span> 
     </span>
     <span class='ocr_line' id='line_1_15' title="bbox 293 2325 3239 2418; baseline -0.001 -25"><span class='ocrx_word' id='word_1_92' title='bbox 293 2325 526 2413; x_wconf 77' lang='lat' dir='ltr'><strong>primo</strong></span> <span class='ocrx_word' id='word_1_93' title='bbox 587 2328 763 2394; x_wconf 85' lang='lat' dir='ltr'><strong>fieri</strong></span> <span class='ocrx_word' id='word_1_94' title='bbox 821 2329 1348 2396; x_wconf 81' lang='lat' dir='ltr'><strong>reformationem</strong></span> <span class='ocrx_word' id='word_1_95' title='bbox 1399 2337 1729 2417; x_wconf 87' lang='lat' dir='ltr'><strong>tamquam</strong></span> <span class='ocrx_word' id='word_1_96' title='bbox 1767 2330 1837 2394; x_wconf 91' lang='lat' dir='ltr'><strong>in</strong></span> <span class='ocrx_word' id='word_1_97' title='bbox 1881 2330 2129 2416; x_wconf 88' lang='lat' dir='ltr'><strong>eapite,</strong></span> <span class='ocrx_word' id='word_1_98' title='bbox 2193 2340 2268 2395; x_wconf 92' lang='lat' dir='ltr'><strong>ut</strong></span> <span class='ocrx_word' id='word_1_99' title='bbox 2309 2331 2592 2418; x_wconf 88' lang='lat' dir='ltr'><strong>suspicio</strong></span> <span class='ocrx_word' id='word_1_100' title='bbox 2648 2329 2798 2396; x_wconf 88' lang='lat' dir='ltr'><strong>talis</strong></span> <span class='ocrx_word' id='word_1_101' title='bbox 2851 2326 3114 2396; x_wconf 87' lang='lat' dir='ltr'><strong>tollatur</strong></span> <span class='ocrx_word' id='word_1_102' title='bbox 3171 2331 3239 2390; x_wconf 93' lang='lat' dir='ltr'><strong>et</strong></span> 
     </span>
     <span class='ocr_line' id='line_1_16' title="bbox 299 2425 1372 2517; baseline 0.002 -25"><span class='ocrx_word' id='word_1_103' title='bbox 299 2425 560 2494; x_wconf 89' lang='lat' dir='ltr'><strong>deinde</strong></span> <span class='ocrx_word' id='word_1_104' title='bbox 628 2427 738 2494; x_wconf 84' lang='lat' dir='ltr'><strong>ad</strong></span> <span class='ocrx_word' id='word_1_105' title='bbox 783 2427 917 2495; x_wconf 85' lang='lat' dir='ltr'><strong>alia</strong></span> <span class='ocrx_word' id='word_1_106' title='bbox 958 2427 1372 2517; x_wconf 82' lang='lat' dir='ltr'><strong>procedatur.</strong></span> 
     </span>
    </p>
   </div>
   <div class='ocr_carea' id='block_1_7' title="bbox 307 2544 3316 3433">
    <p class='ocr_par' dir='ltr' id='par_1_9' title="bbox 307 2544 3316 3433">
     <span class='ocr_line' id='line_1_17' title="bbox 489 2544 3314 2635; baseline -0.001 -23"><span class='ocrx_word' id='word_1_107' title='bbox 489 2551 556 2612; x_wconf 86' lang='lat'><strong>1.</strong></span> <span class='ocrx_word' id='word_1_108' title='bbox 601 2545 859 2611; x_wconf 83' lang='lat' dir='ltr'><strong>Placet</strong></span> <span class='ocrx_word' id='word_1_109' title='bbox 914 2567 1068 2632; x_wconf 88' lang='lat' dir='ltr'><strong>ergo</strong></span> <span class='ocrx_word' id='word_1_110' title='bbox 1113 2545 1362 2633; x_wconf 88' lang='lat' dir='ltr'><strong>primo,</strong></span> <span class='ocrx_word' id='word_1_111' title='bbox 1429 2545 1602 2635; x_wconf 89' lang='lat' dir='ltr'><strong>quod</strong></span> <span class='ocrx_word' id='word_1_112' title='bbox 1658 2547 1725 2611; x_wconf 87' lang='lat' dir='ltr'><strong>in</strong></span> <span class='ocrx_word' id='word_1_113' title='bbox 1778 2553 1970 2612; x_wconf 89' lang='lat' dir='ltr'><strong>antea</strong></span> <span class='ocrx_word' id='word_1_114' title='bbox 2025 2544 2240 2612; x_wconf 90' lang='lat' dir='ltr'><strong>nullus</strong></span> <span class='ocrx_word' id='word_1_115' title='bbox 2284 2548 2776 2634; x_wconf 86' lang='lat' dir='ltr'><strong>magistrorum,</strong></span> <span class='ocrx_word' id='word_1_116' title='bbox 2836 2566 3045 2633; x_wconf 90' lang='lat' dir='ltr'><strong>neque</strong></span> <span class='ocrx_word' id='word_1_117' title='bbox 3082 2544 3314 2631; x_wconf 85' lang='lat' dir='ltr'><strong>ipse15</strong></span> 
     </span>
     <span class='ocr_line' id='line_1_18' title="bbox 307 2643 3231 2737; baseline -0 -28"><span class='ocrx_word' id='word_1_118' title='bbox 307 2665 535 2728; x_wconf 86' lang='lat' dir='ltr'><strong>neque</strong></span> <span class='ocrx_word' id='word_1_119' title='bbox 573 2665 717 2732; x_wconf 84' lang='lat' dir='ltr'><strong>per</strong></span> <span class='ocrx_word' id='word_1_120' title='bbox 755 2645 970 2728; x_wconf 86' lang='lat' dir='ltr'><strong>alium,</strong></span> <span class='ocrx_word' id='word_1_121' title='bbox 1018 2643 1259 2710; x_wconf 85' lang='lat' dir='ltr'><strong>directe</strong></span> <span class='ocrx_word' id='word_1_122' title='bbox 1286 2654 1398 2711; x_wconf 88' lang='lat' dir='ltr'><strong>aut</strong></span> <span class='ocrx_word' id='word_1_123' title='bbox 1418 2645 1751 2728; x_wconf 88' lang='lat' dir='ltr'><strong>indirecte,</strong></span> <span class='ocrx_word' id='word_1_124' title='bbox 1793 2644 1997 2712; x_wconf 84' lang='lat' dir='ltr'><strong>verbo</strong></span> <span class='ocrx_word' id='word_1_125' title='bbox 2021 2644 2127 2711; x_wconf 89' lang='lat' dir='ltr'><strong>vel</strong></span> <span class='ocrx_word' id='word_1_126' title='bbox 2166 2645 2339 2713; x_wconf 85' lang='lat' dir='ltr'><strong>facto</strong></span> <span class='ocrx_word' id='word_1_127' title='bbox 2382 2647 2488 2713; x_wconf 90' lang='lat' dir='ltr'><strong>vel</strong></span> <span class='ocrx_word' id='word_1_128' title='bbox 2532 2647 2762 2737; x_wconf 89' lang='lat' dir='ltr'><strong>quovis</strong></span> <span class='ocrx_word' id='word_1_129' title='bbox 2803 2643 2993 2711; x_wconf 89' lang='lat' dir='ltr'><strong>modo</strong></span> <span class='ocrx_word' id='word_1_130' title='bbox 3035 2646 3231 2710; x_wconf 88' lang='lat' dir='ltr'><strong>instet</strong></span> 
     </span>
     <span class='ocr_line' id='line_1_19' title="bbox 317 2743 3228 2832; baseline 0 -24"><span class='ocrx_word' id='word_1_131' title='bbox 317 2766 444 2830; x_wconf 88' lang='lat' dir='ltr'><strong>pro</strong></span> <span class='ocrx_word' id='word_1_132' title='bbox 481 2743 896 2811; x_wconf 83' lang='lat' dir='ltr'><strong>decanatu</strong></span> <span class='ocrx_word' id='word_1_133' title='bbox 876 2768 946 2811; x_wconf 88' lang='lat' dir='ltr'><strong>m</strong></span> <span class='ocrx_word' id='word_1_134' title='bbox 989 2743 1294 2812; x_wconf 83' lang='lat' dir='ltr'><strong>facultate</strong></span> <span class='ocrx_word' id='word_1_135' title='bbox 1337 2747 1600 2812; x_wconf 85' lang='lat' dir='ltr'><strong>arcium.</strong></span> <span class='ocrx_word' id='word_1_136' title='bbox 1645 2745 1778 2812; x_wconf 89' lang='lat' dir='ltr'><strong>Sed</strong></span> <span class='ocrx_word' id='word_1_137' title='bbox 1815 2746 2132 2832; x_wconf 85' lang='lat' dir='ltr'><strong>magistri,</strong></span> <span class='ocrx_word' id='word_1_138' title='bbox 2177 2767 2263 2811; x_wconf 83' lang='lat' dir='ltr'><strong>ex</strong></span> <span class='ocrx_word' id='word_1_139' title='bbox 2300 2767 2425 2832; x_wconf 91' lang='lat' dir='ltr'><strong>quo</strong></span> <span class='ocrx_word' id='word_1_140' title='bbox 2469 2749 2562 2812; x_wconf 87' lang='lat' dir='ltr'><strong>sit</strong></span> <span class='ocrx_word' id='word_1_141' title='bbox 2598 2746 2748 2813; x_wconf 88' lang='lat' dir='ltr'><strong>talis</strong></span> <span class='ocrx_word' id='word_1_142' title='bbox 2792 2744 3037 2828; x_wconf 80' lang='lat' dir='ltr'><strong>electiO,</strong></span> <span class='ocrx_word' id='word_1_143' title='bbox 3079 2765 3228 2809; x_wconf 88' lang='lat' dir='ltr'><strong>cum</strong></span> 
     </span>
     <span class='ocr_line' id='line_1_20' title="bbox 317 2843 3230 2933; baseline -0.001 -23"><span class='ocrx_word' id='word_1_144' title='bbox 317 2845 774 2910; x_wconf 80' lang='lat' dir='ltr'><strong>invocatione</strong></span> <span class='ocrx_word' id='word_1_145' title='bbox 835 2845 1102 2933; x_wconf 87' lang='lat' dir='ltr'><strong>spiritus</strong></span> <span class='ocrx_word' id='word_1_146' title='bbox 1162 2847 1370 2912; x_wconf 90' lang='lat' dir='ltr'><strong>sancti</strong></span> <span class='ocrx_word' id='word_1_147' title='bbox 1431 2846 1562 2911; x_wconf 87' lang='lat' dir='ltr'><strong>sint</strong></span> <span class='ocrx_word' id='word_1_148' title='bbox 1615 2846 1867 2911; x_wconf 84' lang='lat' dir='ltr'><strong>astricti</strong></span> <span class='ocrx_word' id='word_1_149' title='bbox 1919 2844 2007 2911; x_wconf 89' lang='lat' dir='ltr'><strong>ad</strong></span> <span class='ocrx_word' id='word_1_150' title='bbox 2051 2843 2419 2930; x_wconf 87' lang='lat' dir='ltr'><strong>eligendum</strong></span> <span class='ocrx_word' id='word_1_151' title='bbox 2460 2847 2581 2913; x_wconf 91' lang='lat' dir='ltr'><strong>sub</strong></span> <span class='ocrx_word' id='word_1_152' title='bbox 2626 2847 2759 2913; x_wconf 89' lang='lat' dir='ltr'><strong>suis</strong></span> <span class='ocrx_word' id='word_1_153' title='bbox 2804 2844 3230 2912; x_wconf 89' lang='lat' dir='ltr'><strong>conscienciis</strong></span> 
     </span>
     <span class='ocr_line' id='line_1_21' title="bbox 327 2943 3231 3035; baseline 0 -25"><span class='ocrx_word' id='word_1_154' title='bbox 327 2943 504 3010; x_wconf 88' lang='lat' dir='ltr'><strong>hunc</strong></span> <span class='ocrx_word' id='word_1_155' title='bbox 547 2945 629 3011; x_wconf 87' lang='lat' dir='ltr'><strong>in</strong></span> <span class='ocrx_word' id='word_1_156' title='bbox 677 2944 1020 3028; x_wconf 79' lang='lat' dir='ltr'><strong>decanum,</strong></span> <span class='ocrx_word' id='word_1_157' title='bbox 1065 2946 1176 3034; x_wconf 89' lang='lat' dir='ltr'><strong>qui</strong></span> <span class='ocrx_word' id='word_1_158' title='bbox 1217 2946 1382 3033; x_wconf 89' lang='lat' dir='ltr'><strong>ipsis</strong></span> <span class='ocrx_word' id='word_1_159' title='bbox 1419 2944 1678 3011; x_wconf 83' lang='lat' dir='ltr'><strong>videtur</strong></span> <span class='ocrx_word' id='word_1_160' title='bbox 1715 2944 1928 3031; x_wconf 88' lang='lat' dir='ltr'><strong>magis</strong></span> <span class='ocrx_word' id='word_1_161' title='bbox 1968 2943 2264 3032; x_wconf 78' lang='lat' dir='ltr'><strong>ydoneus</strong></span> <span class='ocrx_word' id='word_1_162' title='bbox 2316 2945 2404 3012; x_wconf 94' lang='lat' dir='ltr'><strong>ad</strong></span> <span class='ocrx_word' id='word_1_163' title='bbox 2446 2944 2929 3035; x_wconf 85' lang='lat' dir='ltr'><strong>expediendum</strong></span> <span class='ocrx_word' id='word_1_164' title='bbox 2970 2943 3231 3032; x_wconf 88' lang='lat' dir='ltr'><strong>singula</strong></span> 
     </span>
     <span class='ocr_line' id='line_1_22' title="bbox 327 3043 3316 3135; baseline 0.001 -27"><span class='ocrx_word' id='word_1_165' title='bbox 327 3045 400 3108; x_wconf 85' lang='lat' dir='ltr'><strong>in</strong></span> <span class='ocrx_word' id='word_1_166' title='bbox 465 3043 812 3112; x_wconf 85' lang='lat' dir='ltr'><strong>facultate</strong></span> <span class='ocrx_word' id='word_1_167' title='bbox 873 3045 1282 3111; x_wconf 91' lang='lat' dir='ltr'><strong>occurrentia</strong></span> <span class='ocrx_word' id='word_1_168' title='bbox 1358 3067 1480 3133; x_wconf 87' lang='lat' dir='ltr'><strong>pro</strong></span> <span class='ocrx_word' id='word_1_169' title='bbox 1547 3043 1792 3112; x_wconf 88' lang='lat' dir='ltr'><strong>honore</strong></span> <span class='ocrx_word' id='word_1_170' title='bbox 1857 3043 2219 3130; x_wconf 84' lang='lat' dir='ltr'><strong>facultatis3</strong></span> <span class='ocrx_word' id='word_1_171' title='bbox 2284 3054 2349 3111; x_wconf 86' lang='lat' dir='ltr'><strong>et</strong></span> <span class='ocrx_word' id='word_1_172' title='bbox 2434 3045 2609 3134; x_wconf 90' lang='lat' dir='ltr'><strong>quod</strong></span> <span class='ocrx_word' id='word_1_173' title='bbox 2674 3044 2889 3111; x_wconf 89' lang='lat' dir='ltr'><strong>nullus</strong></span> <span class='ocrx_word' id='word_1_174' title='bbox 2934 3068 3056 3135; x_wconf 89' lang='lat' dir='ltr'><strong>pro</strong></span> <span class='ocrx_word' id='word_1_175' title='bbox 3101 3044 3230 3112; x_wconf 88' lang='lat' dir='ltr'><strong>alio</strong></span> <span class='ocrx_word' id='word_1_176' title='bbox 3246 3051 3316 3111; x_wconf 77' lang='lat'><strong>20</strong></span> 
     </span>
     <span class='ocr_line' id='line_1_23' title="bbox 336 3142 3239 3235; baseline 0 -25"><span class='ocrx_word' id='word_1_177' title='bbox 336 3144 560 3211; x_wconf 86' lang='lat' dir='ltr'><strong>instet.</strong></span> <span class='ocrx_word' id='word_1_178' title='bbox 655 3143 778 3211; x_wconf 91' lang='lat' dir='ltr'><strong>Ad</strong></span> <span class='ocrx_word' id='word_1_179' title='bbox 829 3143 994 3211; x_wconf 89' lang='lat' dir='ltr'><strong>haec</strong></span> <span class='ocrx_word' id='word_1_180' title='bbox 1032 3153 1372 3212; x_wconf 89' lang='lat' dir='ltr'><strong>teneantur</strong></span> <span class='ocrx_word' id='word_1_181' title='bbox 1427 3142 1549 3211; x_wconf 91' lang='lat' dir='ltr'><strong>sub</strong></span> <span class='ocrx_word' id='word_1_182' title='bbox 1614 3165 1826 3233; x_wconf 88' lang='lat' dir='ltr'><strong>poena</strong></span> <span class='ocrx_word' id='word_1_183' title='bbox 1867 3144 2137 3232; x_wconf 86' lang='lat' dir='ltr'><strong>periurii</strong></span> <span class='ocrx_word' id='word_1_184' title='bbox 2182 3153 2247 3211; x_wconf 91' lang='lat' dir='ltr'><strong>et</strong></span> <span class='ocrx_word' id='word_1_185' title='bbox 2288 3146 2731 3235; x_wconf 84' lang='lat' dir='ltr'><strong>suspensionis</strong></span> <span class='ocrx_word' id='word_1_186' title='bbox 2775 3168 2818 3212; x_wconf 91' lang='lat' dir='ltr'><strong>a</strong></span> <span class='ocrx_word' id='word_1_187' title='bbox 2860 3145 3126 3213; x_wconf 87' lang='lat' dir='ltr'><strong>consilio</strong></span> <span class='ocrx_word' id='word_1_188' title='bbox 3170 3154 3239 3211; x_wconf 91' lang='lat' dir='ltr'><strong>et</strong></span> 
     </span>
     <span class='ocr_line' id='line_1_24' title="bbox 341 3244 3241 3335; baseline 0.001 -26"><span class='ocrx_word' id='word_1_189' title='bbox 341 3244 794 3313; x_wconf 85' lang='lat' dir='ltr'><strong>emolimentis</strong></span> <span class='ocrx_word' id='word_1_190' title='bbox 835 3244 1124 3311; x_wconf 89' lang='lat' dir='ltr'><strong>eiusdem</strong></span> <span class='ocrx_word' id='word_1_191' title='bbox 1163 3244 1494 3313; x_wconf 81' lang='lat' dir='ltr'><strong>facultatis</strong></span> <span class='ocrx_word' id='word_1_192' title='bbox 1537 3244 1624 3311; x_wconf 86' lang='lat' dir='ltr'><strong>ad</strong></span> <span class='ocrx_word' id='word_1_193' title='bbox 1663 3244 2062 3329; x_wconf 90' lang='lat' dir='ltr'><strong>decennium,</strong></span> <span class='ocrx_word' id='word_1_194' title='bbox 2104 3269 2299 3335; x_wconf 86' lang='lat' dir='ltr'><strong>quam</strong></span> <span class='ocrx_word' id='word_1_195' title='bbox 2340 3269 2619 3335; x_wconf 88' lang='lat' dir='ltr'><strong>poenam</strong></span> <span class='ocrx_word' id='word_1_196' title='bbox 2660 3246 3132 3313; x_wconf 74' lang='lat' dir='ltr'><strong>contra-faciens</strong></span> <span class='ocrx_word' id='word_1_197' title='bbox 3173 3255 3241 3311; x_wconf 90' lang='lat' dir='ltr'><strong>et</strong></span> 
     </span>
     <span class='ocr_line' id='line_1_25' title="bbox 343 3344 1936 3433; baseline 0.001 -24"><span class='ocrx_word' id='word_1_198' title='bbox 343 3367 465 3430; x_wconf 89' lang='lat' dir='ltr'><strong>pro</strong></span> <span class='ocrx_word' id='word_1_199' title='bbox 511 3345 860 3413; x_wconf 86' lang='lat' dir='ltr'><strong>decanatu</strong></span> <span class='ocrx_word' id='word_1_200' title='bbox 895 3344 1202 3411; x_wconf 86' lang='lat' dir='ltr'><strong>laborans</strong></span> <span class='ocrx_word' id='word_1_201' title='bbox 1242 3346 1518 3411; x_wconf 87' lang='lat' dir='ltr'><strong>incurrit</strong></span> <span class='ocrx_word' id='word_1_202' title='bbox 1556 3346 1704 3433; x_wconf 89' lang='lat' dir='ltr'><strong>ipso</strong></span> <span class='ocrx_word' id='word_1_203' title='bbox 1746 3346 1936 3412; x_wconf 86' lang='lat' dir='ltr'><strong>facte.</strong></span> 
     </span>
    </p>
   </div>
   <div class='ocr_carea' id='block_1_8' title="bbox 354 3413 3323 4150">
    <p class='ocr_par' dir='ltr' id='par_1_10' title="bbox 354 3413 3323 4150">
     <span class='ocr_line' id='line_1_26' title="bbox 511 3413 3235 3551; baseline -0.001 -22"><span class='ocrx_word' id='word_1_204' title='bbox 511 3467 577 3529; x_wconf 83' lang='lat'><strong>2.</strong></span> <span class='ocrx_word' id='word_1_205' title='bbox 618 3462 828 3546; x_wconf 87' lang='lat' dir='ltr'><strong>Item,</strong></span> <span class='ocrx_word' id='word_1_206' title='bbox 875 3473 946 3529; x_wconf 86' lang='grc' dir='ltr'><strong>ιιι</strong></span> <span class='ocrx_word' id='word_1_207' title='bbox 985 3462 1135 3529; x_wconf 88' lang='lat' dir='ltr'><strong>talis</strong></span> <span class='ocrx_word' id='word_1_208' title='bbox 1179 3463 1484 3549; x_wconf 84' lang='lat' dir='ltr'><strong>suspicio,</strong></span> <span class='ocrx_word' id='word_1_209' title='bbox 1530 3483 1716 3548; x_wconf 88' lang='lat' dir='ltr'><strong>quae,</strong></span> <span class='ocrx_word' id='word_1_210' title='bbox 1752 3471 1826 3527; x_wconf 91' lang='lat' dir='ltr'><strong>ut</strong></span> <span class='ocrx_word' id='word_1_211' title='bbox 1869 3464 2327 3551; x_wconf 88' lang='lat' dir='ltr'><strong>praemittitur,</strong></span> <span class='ocrx_word' id='word_1_212' title='bbox 2372 3462 2455 3528; x_wconf 91' lang='lat' dir='ltr'><strong>de</strong></span> <span class='ocrx_word' id='word_1_213' title='bbox 2499 3413 2744 3529; x_wconf 84' lang='lat' dir='ltr'><strong>decano</strong></span> <span class='ocrx_word' id='word_1_214' title='bbox 2770 3462 2816 3545; x_wconf 82' lang='lat'><strong>²,</strong></span> <span class='ocrx_word' id='word_1_215' title='bbox 2861 3462 3074 3548; x_wconf 85' lang='lat' dir='ltr'><strong>magis</strong></span> <span class='ocrx_word' id='word_1_216' title='bbox 3114 3460 3235 3526; x_wconf 93' lang='lat' dir='ltr'><strong>tol-</strong></span> 
     </span>
     <span class='ocr_line' id='line_1_27' title="bbox 354 3559 3318 3651; baseline 0 -25"><span class='ocrx_word' id='word_1_217' title='bbox 354 3560 525 3627; x_wconf 88' lang='lat' dir='ltr'><strong>latur</strong></span> <span class='ocrx_word' id='word_1_218' title='bbox 593 3572 668 3628; x_wconf 84' lang='lat' dir='ltr'><strong>et</strong></span> <span class='ocrx_word' id='word_1_219' title='bbox 717 3585 801 3628; x_wconf 90' lang='lat' dir='ltr'><strong>ne</strong></span> <span class='ocrx_word' id='word_1_220' title='bbox 871 3562 1058 3629; x_wconf 86' lang='lat' dir='ltr'><strong>detur</strong></span> <span class='ocrx_word' id='word_1_221' title='bbox 1117 3562 1243 3628; x_wconf 88' lang='lat' dir='ltr'><strong>sibi</strong></span> <span class='ocrx_word' id='word_1_222' title='bbox 1299 3562 1555 3628; x_wconf 90' lang='lat' dir='ltr'><strong>occasio</strong></span> <span class='ocrx_word' id='word_1_223' title='bbox 1601 3561 1879 3651; x_wconf 88' lang='lat' dir='ltr'><strong>aliquem</strong></span> <span class='ocrx_word' id='word_1_224' title='bbox 1924 3562 2236 3628; x_wconf 89' lang='lat' dir='ltr'><strong>inabilem</strong></span> <span class='ocrx_word' id='word_1_225' title='bbox 2278 3561 2685 3649; x_wconf 88' lang='lat' dir='ltr'><strong>impellendi,</strong></span> <span class='ocrx_word' id='word_1_226' title='bbox 2746 3560 2993 3649; x_wconf 88' lang='lat' dir='ltr'><strong>placet,</strong></span> <span class='ocrx_word' id='word_1_227' title='bbox 3060 3559 3318 3649; x_wconf 86' lang='lat' dir='ltr'><strong>quod25</strong></span> 
     </span>
     <span class='ocr_line' id='line_1_28' title="bbox 363 3660 3235 3751; baseline -0 -24"><span class='ocrx_word' id='word_1_228' title='bbox 363 3661 652 3729; x_wconf 84' lang='lat' dir='ltr'><strong>decanus</strong></span> <span class='ocrx_word' id='word_1_229' title='bbox 663 3698 689 3748; x_wconf 93' lang='lat'><strong>·,</strong></span> <span class='ocrx_word' id='word_1_230' title='bbox 748 3664 858 3751; x_wconf 91' lang='lat' dir='ltr'><strong>qui</strong></span> <span class='ocrx_word' id='word_1_231' title='bbox 897 3664 964 3729; x_wconf 89' lang='lat' dir='ltr'><strong>in</strong></span> <span class='ocrx_word' id='word_1_232' title='bbox 1009 3671 1202 3729; x_wconf 89' lang='lat' dir='ltr'><strong>antea</strong></span> <span class='ocrx_word' id='word_1_233' title='bbox 1237 3662 1434 3728; x_wconf 79' lang='lat' dir='ltr'><strong>fuerit</strong></span> <span class='ocrx_word' id='word_1_234' title='bbox 1476 3661 1718 3728; x_wconf 90' lang='lat' dir='ltr'><strong>electus</strong></span> <span class='ocrx_word' id='word_1_235' title='bbox 1733 3710 1752 3744; x_wconf 92' lang='lat'><strong>,</strong></span> <span class='ocrx_word' id='word_1_236' title='bbox 1820 3660 1902 3727; x_wconf 90' lang='lat' dir='ltr'><strong>de</strong></span> <span class='ocrx_word' id='word_1_237' title='bbox 1957 3660 2172 3728; x_wconf 85' lang='lat' dir='ltr'><strong>officio</strong></span> <span class='ocrx_word' id='word_1_238' title='bbox 2228 3660 2579 3727; x_wconf 88' lang='lat' dir='ltr'><strong>decanatus</strong></span> <span class='ocrx_word' id='word_1_239' title='bbox 2636 3661 2955 3728; x_wconf 86' lang='lat' dir='ltr'><strong>duntaxat</strong></span> <span class='ocrx_word' id='word_1_240' title='bbox 3012 3680 3235 3727; x_wconf 79' lang='lat' dir='ltr'><strong>xxxvl</strong></span> 
     </span>
     <span class='ocr_line' id='line_1_29' title="bbox 362 3761 3233 3857; baseline 0 -31"><span class='ocrx_word' id='word_1_241' title='bbox 362 3761 644 3830; x_wconf 86' lang='lat' dir='ltr'><strong>florenos</strong></span> <span class='ocrx_word' id='word_1_242' title='bbox 689 3764 982 3829; x_wconf 87' lang='lat' dir='ltr'><strong>rinenses</strong></span> <span class='ocrx_word' id='word_1_243' title='bbox 1053 3762 1124 3827; x_wconf 85' lang='lat' dir='ltr'><strong>in</strong></span> <span class='ocrx_word' id='word_1_244' title='bbox 1181 3783 1339 3829; x_wconf 87' lang='lat' dir='ltr'><strong>auro</strong></span> <span class='ocrx_word' id='word_1_245' title='bbox 1403 3785 1522 3851; x_wconf 89' lang='lat' dir='ltr'><strong>pro</strong></span> <span class='ocrx_word' id='word_1_246' title='bbox 1577 3772 1869 3849; x_wconf 88' lang='lat' dir='ltr'><strong>tempore</strong></span> <span class='ocrx_word' id='word_1_247' title='bbox 1941 3761 2445 3857; x_wconf 78' lang='lat' dir='ltr'><strong>circumcisionis</strong></span> <span class='ocrx_word' id='word_1_248' title='bbox 2508 3761 2797 3827; x_wconf 86' lang='lat' dir='ltr'><strong>obtineat</strong></span> <span class='ocrx_word' id='word_1_249' title='bbox 2810 3809 2829 3844; x_wconf 96' lang='lat'><strong>,</strong></span> <span class='ocrx_word' id='word_1_250' title='bbox 2895 3763 2950 3826; x_wconf 89' lang='lat' dir='ltr'><strong>si</strong></span> <span class='ocrx_word' id='word_1_251' title='bbox 3008 3770 3233 3849; x_wconf 87' lang='lat' dir='ltr'><strong>pastus</strong></span> 
     </span>
     <span class='ocr_line' id='line_1_30' title="bbox 367 3859 3235 3949; baseline 0.001 -24"><span class='ocrx_word' id='word_1_252' title='bbox 367 3863 962 3947; x_wconf 80' lang='lat' dir='ltr'><strong>promovendorum</strong></span> <span class='ocrx_word' id='word_1_253' title='bbox 1025 3861 1111 3928; x_wconf 86' lang='lat' dir='ltr'><strong>ad</strong></span> <span class='ocrx_word' id='word_1_254' title='bbox 1181 3868 1432 3927; x_wconf 87' lang='lat' dir='ltr'><strong>tantam</strong></span> <span class='ocrx_word' id='word_1_255' title='bbox 1497 3884 1816 3928; x_wconf 88' lang='lat' dir='ltr'><strong>summam</strong></span> <span class='ocrx_word' id='word_1_256' title='bbox 1873 3882 1943 3927; x_wconf 92' lang='lat' dir='ltr'><strong>se</strong></span> <span class='ocrx_word' id='word_1_257' title='bbox 2027 3859 2379 3945; x_wconf 82' lang='lat' dir='ltr'><strong>extendat3</strong></span> <span class='ocrx_word' id='word_1_258' title='bbox 2446 3860 2907 3948; x_wconf 87' lang='lat' dir='ltr'><strong>residuamque</strong></span> <span class='ocrx_word' id='word_1_259' title='bbox 2979 3869 3235 3949; x_wconf 88' lang='lat' dir='ltr'><strong>partem</strong></span> 
     </span>
     <span class='ocr_line' id='line_1_31' title="bbox 367 3959 3235 4050; baseline 0.001 -25"><span class='ocrx_word' id='word_1_260' title='bbox 367 3963 698 4048; x_wconf 85' lang='lat' dir='ltr'><strong>pecuniae,</strong></span> <span class='ocrx_word' id='word_1_261' title='bbox 747 3963 802 4028; x_wconf 92' lang='lat' dir='ltr'><strong>si</strong></span> <span class='ocrx_word' id='word_1_262' title='bbox 843 3984 976 4048; x_wconf 88' lang='lat' dir='ltr'><strong>qua</strong></span> <span class='ocrx_word' id='word_1_263' title='bbox 1013 3961 1239 4044; x_wconf 86' lang='lat' dir='ltr'><strong>fuerit,</strong></span> <span class='ocrx_word' id='word_1_264' title='bbox 1283 3982 1428 4026; x_wconf 91' lang='lat' dir='ltr'><strong>cum</strong></span> <span class='ocrx_word' id='word_1_265' title='bbox 1469 3960 1825 4047; x_wconf 88' lang='lat' dir='ltr'><strong>diligencia</strong></span> <span class='ocrx_word' id='word_1_266' title='bbox 1883 3959 2004 4027; x_wconf 88' lang='lat' dir='ltr'><strong>sub</strong></span> <span class='ocrx_word' id='word_1_267' title='bbox 2050 3982 2169 4026; x_wconf 88' lang='lat' dir='ltr'><strong>suo</strong></span> <span class='ocrx_word' id='word_1_268' title='bbox 2211 3962 2575 4026; x_wconf 88' lang='lat' dir='ltr'><strong>iuramento</strong></span> <span class='ocrx_word' id='word_1_269' title='bbox 2615 3959 2881 4050; x_wconf 86' lang='lat' dir='ltr'><strong>colligat</strong></span> <span class='ocrx_word' id='word_1_270' title='bbox 2918 3969 2983 4026; x_wconf 92' lang='lat' dir='ltr'><strong>et</strong></span> <span class='ocrx_word' id='word_1_271' title='bbox 3020 3960 3103 4027; x_wconf 85' lang='lat' dir='ltr'><strong>de</strong></span> <span class='ocrx_word' id='word_1_272' title='bbox 3156 3982 3235 4027; x_wconf 87' lang='lat' dir='ltr'><strong>ea</strong></span> 
     </span>
     <span class='ocr_line' id='line_1_32' title="bbox 372 4060 3323 4150; baseline 0.001 -25"><span class='ocrx_word' id='word_1_273' title='bbox 372 4069 658 4150; x_wconf 87' lang='lat' dir='ltr'><strong>tempore</strong></span> <span class='ocrx_word' id='word_1_274' title='bbox 701 4070 1043 4149; x_wconf 88' lang='lat' dir='ltr'><strong>computus</strong></span> <span class='ocrx_word' id='word_1_275' title='bbox 1083 4060 1380 4129; x_wconf 83' lang='lat' dir='ltr'><strong>facultati</strong></span> <span class='ocrx_word' id='word_1_276' title='bbox 1420 4062 1742 4127; x_wconf 90' lang='lat' dir='ltr'><strong>rationem</strong></span> <span class='ocrx_word' id='word_1_277' title='bbox 1785 4060 2003 4145; x_wconf 86' lang='lat' dir='ltr'><strong>faciat.</strong></span> <span class='ocrx_word' id='word_1_278' title='bbox 3252 4070 3323 4127; x_wconf 82' lang='lat'><strong>30</strong></span> 
     </span>
    </p>
   </div>
   <div class='ocr_carea' id='block_1_9' title="bbox 459 4176 3230 4346">
    <p class='ocr_par' dir='ltr' id='par_1_11' title="bbox 459 4176 3230 4346">
     <span class='ocr_line' id='line_1_33' title="bbox 611 4176 3230 4266; baseline 0 -23"><span class='ocrx_word' id='word_1_279' title='bbox 611 4185 728 4243; x_wconf 85' lang='lat' dir='ltr'><strong>Am</strong></span> <span class='ocrx_word' id='word_1_280' title='bbox 779 4184 1036 4244; x_wconf 70' lang='lat' dir='ltr'><strong>Raude:</strong></span> <span class='ocrx_word' id='word_1_281' title='bbox 1091 4178 1148 4243; x_wconf 86' lang='lat' dir='ltr'><strong>si</strong></span> <span class='ocrx_word' id='word_1_282' title='bbox 1187 4200 1320 4243; x_wconf 91' lang='lat' dir='ltr'><strong>non</strong></span> <span class='ocrx_word' id='word_1_283' title='bbox 1362 4182 1643 4257; x_wconf 72' lang='lat' dir='ltr'><strong>(ndmlich</strong></span> <span class='ocrx_word' id='word_1_284' title='bbox 1688 4188 1916 4266; x_wconf 85' lang='lat' dir='ltr'><strong>pastus</strong></span> <span class='ocrx_word' id='word_1_285' title='bbox 1971 4176 2059 4243; x_wconf 94' lang='lat' dir='ltr'><strong>ad</strong></span> <span class='ocrx_word' id='word_1_286' title='bbox 2098 4186 2349 4243; x_wconf 87' lang='lat' dir='ltr'><strong>tantam</strong></span> <span class='ocrx_word' id='word_1_287' title='bbox 2400 4200 2717 4244; x_wconf 87' lang='lat' dir='ltr'><strong>summam</strong></span> <span class='ocrx_word' id='word_1_288' title='bbox 2761 4199 2833 4243; x_wconf 86' lang='lat' dir='ltr'><strong>se</strong></span> <span class='ocrx_word' id='word_1_289' title='bbox 2873 4176 3230 4261; x_wconf 85' lang='lat' dir='ltr'><strong>extendat),</strong></span> 
     </span>
     <span class='ocr_line' id='line_1_34' title="bbox 459 4275 1160 4346; baseline 0 -2"><span class='ocrx_word' id='word_1_290' title='bbox 459 4280 828 4346; x_wconf 84' lang='lat' dir='ltr'><strong>contribuat</strong></span> <span class='ocrx_word' id='word_1_291' title='bbox 864 4275 1160 4345; x_wconf 85' lang='lat' dir='ltr'><strong>facultas.</strong></span> 
     </span>
    </p>
   </div>
   <div class='ocr_carea' id='block_1_10' title="bbox 387 4394 3317 4781">
    <p class='ocr_par' dir='ltr' id='par_1_12' title="bbox 387 4394 3317 4781">
     <span class='ocr_line' id='line_1_35' title="bbox 533 4394 3240 4481; baseline -0.002 -14"><span class='ocrx_word' id='word_1_292' title='bbox 533 4402 589 4467; x_wconf 82' lang='lat'><strong>3.</strong></span> <span class='ocrx_word' id='word_1_293' title='bbox 637 4398 838 4481; x_wconf 89' lang='lat' dir='ltr'><strong>Item,</strong></span> <span class='ocrx_word' id='word_1_294' title='bbox 902 4404 976 4462; x_wconf 90' lang='grc' dir='ltr'><strong>ιιι</strong></span> <span class='ocrx_word' id='word_1_295' title='bbox 1043 4404 1338 4461; x_wconf 86' lang='lat' dir='ltr'><strong>servetur</strong></span> <span class='ocrx_word' id='word_1_296' title='bbox 1401 4396 1705 4461; x_wconf 87' lang='lat' dir='ltr'><strong>amicicia</strong></span> <span class='ocrx_word' id='word_1_297' title='bbox 1770 4395 1977 4461; x_wconf 89' lang='lat' dir='ltr'><strong>maior</strong></span> <span class='ocrx_word' id='word_1_298' title='bbox 2049 4402 2113 4459; x_wconf 85' lang='lat' dir='ltr'><strong>et</strong></span> <span class='ocrx_word' id='word_1_299' title='bbox 2182 4394 2534 4460; x_wconf 91' lang='lat' dir='ltr'><strong>concordia</strong></span> <span class='ocrx_word' id='word_1_300' title='bbox 2573 4395 2744 4460; x_wconf 90' lang='lat' dir='ltr'><strong>inter</strong></span> <span class='ocrx_word' id='word_1_301' title='bbox 2784 4395 3132 4481; x_wconf 86' lang='lat' dir='ltr'><strong>magistros</strong></span> <span class='ocrx_word' id='word_1_302' title='bbox 3174 4404 3240 4461; x_wconf 85' lang='lat' dir='ltr'><strong>et</strong></span> 
     </span>
     <span class='ocr_line' id='line_1_36' title="bbox 387 4492 3234 4585; baseline 0 -26"><span class='ocrx_word' id='word_1_303' title='bbox 387 4495 546 4585; x_wconf 90' lang='lat' dir='ltr'><strong>quod</strong></span> <span class='ocrx_word' id='word_1_304' title='bbox 597 4500 786 4564; x_wconf 85' lang='lat' dir='ltr'><strong>rixae</strong></span> <span class='ocrx_word' id='word_1_305' title='bbox 827 4519 972 4562; x_wconf 90' lang='lat' dir='ltr'><strong>cum</strong></span> <span class='ocrx_word' id='word_1_306' title='bbox 1018 4495 1404 4562; x_wconf 88' lang='lat' dir='ltr'><strong>rancoribus</strong></span> <span class='ocrx_word' id='word_1_307' title='bbox 1444 4492 1526 4559; x_wconf 86' lang='lat' dir='ltr'><strong>de</strong></span> <span class='ocrx_word' id='word_1_308' title='bbox 1570 4493 1783 4561; x_wconf 89' lang='lat' dir='ltr'><strong>medio</strong></span> <span class='ocrx_word' id='word_1_309' title='bbox 1819 4494 2146 4579; x_wconf 86' lang='lat' dir='ltr'><strong>tollantur,</strong></span> <span class='ocrx_word' id='word_1_310' title='bbox 2192 4515 2360 4583; x_wconf 87' lang='lat' dir='ltr'><strong>quae</strong></span> <span class='ocrx_word' id='word_1_311' title='bbox 2399 4494 2723 4561; x_wconf 86' lang='lat' dir='ltr'><strong>interdum</strong></span> <span class='ocrx_word' id='word_1_312' title='bbox 2764 4502 3234 4561; x_wconf 86' lang='lat' dir='ltr'><strong>consueverunt</strong></span> 
     </span>
     <span class='ocr_line' id='line_1_37' title="bbox 389 4592 3317 4686; baseline 0 -28"><span class='ocrx_word' id='word_1_313' title='bbox 389 4596 532 4661; x_wconf 85' lang='lat' dir='ltr'><strong>oriri</strong></span> <span class='ocrx_word' id='word_1_314' title='bbox 567 4621 685 4686; x_wconf 90' lang='lat' dir='ltr'><strong>per</strong></span> <span class='ocrx_word' id='word_1_315' title='bbox 729 4595 1102 4663; x_wconf 90' lang='lat' dir='ltr'><strong>electionem</strong></span> <span class='ocrx_word' id='word_1_316' title='bbox 1142 4594 1476 4683; x_wconf 87' lang='lat' dir='ltr'><strong>publicam</strong></span> <span class='ocrx_word' id='word_1_317' title='bbox 1491 4643 1511 4678; x_wconf 91' lang='lat'><strong>,</strong></span> <span class='ocrx_word' id='word_1_318' title='bbox 1571 4592 1821 4681; x_wconf 86' lang='lat' dir='ltr'><strong>placet,</strong></span> <span class='ocrx_word' id='word_1_319' title='bbox 1867 4603 1944 4659; x_wconf 89' lang='grc' dir='ltr'><strong>ιιι</strong></span> <span class='ocrx_word' id='word_1_320' title='bbox 1984 4592 2065 4658; x_wconf 90' lang='lat' dir='ltr'><strong>de</strong></span> <span class='ocrx_word' id='word_1_321' title='bbox 2115 4602 2328 4659; x_wconf 86' lang='lat' dir='ltr'><strong>cetero</strong></span> <span class='ocrx_word' id='word_1_322' title='bbox 2370 4593 2651 4660; x_wconf 88' lang='lat' dir='ltr'><strong>decanus</strong></span> <span class='ocrx_word' id='word_1_323' title='bbox 2695 4618 2813 4683; x_wconf 88' lang='lat' dir='ltr'><strong>per</strong></span> <span class='ocrx_word' id='word_1_324' title='bbox 2858 4594 3235 4661; x_wconf 88' lang='lat' dir='ltr'><strong>scrutinium</strong></span> <span class='ocrx_word' id='word_1_325' title='bbox 3251 4603 3317 4659; x_wconf 84' lang='lat'><strong>35</strong></span> 
     </span>
     <span class='ocr_line' id='line_1_38' title="bbox 389 4692 2909 4781; baseline 0 -22"><span class='ocrx_word' id='word_1_326' title='bbox 389 4692 645 4781; x_wconf 84' lang='lat' dir='ltr'><strong>eligatur</strong></span> <span class='ocrx_word' id='word_1_327' title='bbox 691 4706 755 4762; x_wconf 89' lang='lat' dir='ltr'><strong>et</strong></span> <span class='ocrx_word' id='word_1_328' title='bbox 794 4698 924 4762; x_wconf 89' lang='lat' dir='ltr'><strong>sint</strong></span> <span class='ocrx_word' id='word_1_329' title='bbox 962 4704 1354 4762; x_wconf 85' lang='lat' dir='ltr'><strong>scrutatores</strong></span> <span class='ocrx_word' id='word_1_330' title='bbox 1397 4693 1681 4760; x_wconf 87' lang='lat' dir='ltr'><strong>decanus</strong></span> <span class='ocrx_word' id='word_1_331' title='bbox 1724 4692 2026 4778; x_wconf 88' lang='lat' dir='ltr'><strong>antiquus</strong></span> <span class='ocrx_word' id='word_1_332' title='bbox 2069 4714 2217 4759; x_wconf 89' lang='lat' dir='ltr'><strong>cum</strong></span> <span class='ocrx_word' id='word_1_333' title='bbox 2257 4695 2507 4760; x_wconf 87' lang='lat' dir='ltr'><strong>seniore</strong></span> <span class='ocrx_word' id='word_1_334' title='bbox 2548 4702 2909 4781; x_wconf 86' lang='lat' dir='ltr'><strong>praesente,</strong></span> 
     </span>
    </p>
   </div>
   <div class='ocr_carea' id='block_1_11' title="bbox 464 4824 3239 5018">
    <p class='ocr_par' dir='ltr' id='par_1_13' title="bbox 464 4824 3239 5018">
     <span class='ocr_line' id='line_1_39' title="bbox 464 4824 3239 4993; baseline -0 -99"><span class='ocrx_word' id='word_1_335' title='bbox 464 4926 506 4993; x_wconf 69' lang='lat' dir='ltr'><strong>d</strong></span> <span class='ocrx_word' id='word_1_336' title='bbox 617 4834 730 4895; x_wconf 83' lang='lat' dir='ltr'><strong>Am</strong></span> <span class='ocrx_word' id='word_1_337' title='bbox 768 4835 1022 4894; x_wconf 67' lang='lat' dir='ltr'><strong>Ranae.-</strong></span> <span class='ocrx_word' id='word_1_338' title='bbox 1077 4827 1332 4896; x_wconf 89' lang='lat' dir='ltr'><strong>duobus</strong></span> <span class='ocrx_word' id='word_1_339' title='bbox 1390 4824 1754 4893; x_wconf 86' lang='lat' dir='ltr'><strong>senioribus</strong></span> <span class='ocrx_word' id='word_1_340' title='bbox 1793 4834 1983 4892; x_wconf 83' lang='lat' dir='ltr'><strong>extra</strong></span> <span class='ocrx_word' id='word_1_341' title='bbox 2026 4824 2205 4892; x_wconf 88' lang='lat' dir='ltr'><strong>illam</strong></span> <span class='ocrx_word' id='word_1_342' title='bbox 2248 4825 2574 4893; x_wconf 88' lang='lat' dir='ltr'><strong>nationem</strong></span> <span class='ocrx_word' id='word_1_343' title='bbox 2587 4876 2607 4911; x_wconf 92' lang='lat'><strong>,</strong></span> <span class='ocrx_word' id='word_1_344' title='bbox 2650 4826 2735 4895; x_wconf 89' lang='lat' dir='ltr'><strong>de</strong></span> <span class='ocrx_word' id='word_1_345' title='bbox 2780 4849 2911 4916; x_wconf 89' lang='lat' dir='ltr'><strong>qua</strong></span> <span class='ocrx_word' id='word_1_346' title='bbox 2952 4824 3239 4933; x_wconf 83' lang='lat' dir='ltr'><strong>decanus</strong></span> 
     </span>
     <span class='ocr_line' id='line_1_40' title="bbox 505 4928 858 5018; baseline 0.012 -23"><span class='ocrx_word' id='word_1_347' title='bbox 505 4928 648 4999; x_wconf 86' lang='lat' dir='ltr'><strong>ebet</strong></span> <span class='ocrx_word' id='word_1_348' title='bbox 683 4930 858 5018; x_wconf 85' lang='lat' dir='ltr'><strong>eligi.</strong></span> 
     </span>
    </p>
   </div>
   <div class='ocr_carea' id='block_1_12' title="bbox 413 5134 3255 5420">
    <p class='ocr_par' dir='ltr' id='par_1_14' title="bbox 413 5134 3255 5420">
     <span class='ocr_line' id='line_1_41' title="bbox 527 5134 3255 5249; baseline -0.001 -14"><span class='ocrx_word' id='word_1_349' title='bbox 527 5184 550 5235; x_wconf 86' lang='lat'>1</span> <span class='ocrx_word' id='word_1_350' title='bbox 584 5179 691 5236; x_wconf 87' lang='lat' dir='ltr'><strong>Die</strong></span> <span class='ocrx_word' id='word_1_351' title='bbox 726 5180 910 5235; x_wconf 84' lang='lat' dir='ltr'><strong>vollen</strong></span> <span class='ocrx_word' id='word_1_352' title='bbox 943 5134 1160 5236; x_wconf 82' lang='lat' dir='ltr'><strong>Namen</strong></span> <span class='ocrx_word' id='word_1_353' title='bbox 1195 5180 1343 5235; x_wconf 86' lang='lat' dir='ltr'><strong>sind:</strong></span> <span class='ocrx_word' id='word_1_354' title='bbox 1391 5178 1565 5235; x_wconf 85' lang='lat' dir='ltr'><strong>Iacob</strong></span> <span class='ocrx_word' id='word_1_355' title='bbox 1601 5177 1834 5233; x_wconf 86' lang='lat' dir='ltr'><strong>Sculteti</strong></span> <span class='ocrx_word' id='word_1_356' title='bbox 1868 5180 1937 5235; x_wconf 89' lang='lat' dir='ltr'><strong>de</strong></span> <span class='ocrx_word' id='word_1_357' title='bbox 1973 5175 2326 5249; x_wconf 85' lang='lat' dir='ltr'><strong>Stargardia,</strong></span> <span class='ocrx_word' id='word_1_358' title='bbox 2372 5174 2571 5233; x_wconf 86' lang='lat' dir='ltr'><strong>Petrus</strong></span> <span class='ocrx_word' id='word_1_359' title='bbox 2616 5177 2813 5234; x_wconf 86' lang='lat' dir='ltr'><strong>Piruer</strong></span> <span class='ocrx_word' id='word_1_360' title='bbox 2846 5177 2917 5237; x_wconf 85' lang='lat' dir='ltr'><strong>de</strong></span> <span class='ocrx_word' id='word_1_361' title='bbox 2951 5176 3003 5237; x_wconf 84' lang='lat' dir='ltr'>N</span> <span class='ocrx_word' id='word_1_362' title='bbox 3005 5174 3255 5246; x_wconf 78' lang='lat' dir='ltr'><strong>ovoforo,</strong></span> 
     </span>
     <span class='ocr_line' id='line_1_42' title="bbox 413 5260 2543 5340; baseline -0.001 -21"><span class='ocrx_word' id='word_1_363' title='bbox 413 5260 660 5321; x_wconf 79' lang='lat' dir='ltr'><strong>Iohannes</strong></span> <span class='ocrx_word' id='word_1_364' title='bbox 695 5262 1022 5319; x_wconf 77' lang='lat' dir='ltr'><strong>Breitmcke</strong></span> <span class='ocrx_word' id='word_1_365' title='bbox 1057 5263 1128 5320; x_wconf 87' lang='lat' dir='ltr'><strong>de</strong></span> <span class='ocrx_word' id='word_1_366' title='bbox 1162 5264 1445 5336; x_wconf 62' lang='grc' dir='ltr'>Μαι-μοις,</span> <span class='ocrx_word' id='word_1_367' title='bbox 1484 5262 1802 5334; x_wconf 75' lang='lat' dir='ltr'><strong>Stephanus</strong></span> <span class='ocrx_word' id='word_1_368' title='bbox 1835 5262 2118 5323; x_wconf 73' lang='lat' dir='ltr'><strong>Fortunae</strong></span> <span class='ocrx_word' id='word_1_369' title='bbox 2151 5261 2223 5323; x_wconf 81' lang='lat' dir='ltr'><strong>de</strong></span> <span class='ocrx_word' id='word_1_370' title='bbox 2260 5260 2543 5340; x_wconf 74' lang='lat' dir='ltr'><strong>Freiburg.</strong></span> 
     </span>
     <span class='ocr_line' id='line_1_43' title="bbox 521 5348 1467 5420; baseline -0.008 -9"><span class='ocrx_word' id='word_1_371' title='bbox 521 5353 550 5411; x_wconf 81' lang='lat'>2</span> <span class='ocrx_word' id='word_1_372' title='bbox 579 5348 744 5409; x_wconf 78' lang='lat' dir='ltr'><strong>Fehlt</strong></span> <span class='ocrx_word' id='word_1_373' title='bbox 773 5354 944 5409; x_wconf 65' lang='lat' dir='ltr'><strong>m</strong></span> <span class='ocrx_word' id='word_1_374' title='bbox 959 5390 976 5420; x_wconf 91' lang='lat'><strong>,</strong></span> <span class='ocrx_word' id='word_1_375' title='bbox 1019 5354 1166 5407; x_wconf 76' lang='lat' dir='ltr'><strong>otwa</strong></span> <span class='ocrx_word' id='word_1_376' title='bbox 1199 5350 1424 5405; x_wconf 63' lang='lat' dir='ltr'><strong>habam</strong></span> <span class='ocrx_word' id='word_1_377' title='bbox 1438 5350 1467 5403; x_wconf 70' lang='lat'><em>3</em></span> 
     </span>
    </p>
   </div>
  </div>
 </body>
</html>
