4038 6358
1216 621 1388 678 Dritte
1423 623 1953 688 Statutenredaction,
1986 640 2094 678 von
2136 624 2522 683 mlh-1490.
3152 629 3275 695 413

343 797 840 872 calariandus
882 829 1038 873 vero
1082 806 1186 872 bis
1233 811 1565 895 magistris
1607 819 1666 874 et
1718 812 1964 875 tociens
2016 810 2403 877 baccalariis
2457 808 2544 875 ad
2600 819 2820 896 partes
2874 808 3270 897 principales

348 898 665 970 debeat
707 908 1143 994 respondisse.
1223 908 1409 974 Alias
1452 917 1666 974 tamen
1708 908 1872 975 duas
1925 913 2380 998 responsiones
2423 908 2853 995 magistrandi
2894 920 2959 973 et
3000 918 3274 997 quatuor

350 998 916 1071 baccalariandi
970 1028 1088 1094 per
1144 1011 1600 1096 responsiones
1644 1008 1728 1072 ad
1772 1020 1994 1096 partes
2048 1011 2259 1076 minus
2304 1009 2699 1098 principales
2750 1009 3030 1095 poterint
3071 1007 3273 1073 adim-

348 1099 610 1187 plere.
699 1105 958 1172 Placuit
1015 1117 1263 1192 tamen,
1329 1109 1508 1197 quod
1569 1108 1727 1175 nulli
1791 1110 2326 1196 respondencium
2389 1132 2545 1197 pars
2603 1109 2813 1172 minus
2872 1106 3274 1195 principalis,

350 1202 573 1268 sicut
646 1228 771 1271 nec
825 1206 1208 1294 principalis
1221 1257 1241 1291 ,
1298 1220 1431 1274 tam
1473 1212 1543 1274 in
1598 1208 2035 1296 disputatione
2091 1207 2616 1275 extraordinaria
2674 1230 2869 1296 quam
2925 1205 3274 1289 ordinaria,
3319 1216 3355 1271 5

363 1299 672 1370 debeat
716 1309 1103 1393 computari,
1162 1309 1288 1373 nisi
1332 1308 1695 1396 disputanti
1736 1310 1917 1395 prius
1959 1310 2185 1374 fecerit
2225 1307 2498 1374 verbum
2536 1318 2601 1373 et
2647 1310 2707 1372 ei
2750 1305 2899 1372 talis
2941 1306 3277 1393 responsio

360 1423 413 1464 a
455 1400 879 1491 disputante
918 1407 1004 1471 sit
1046 1409 1417 1495 assignata3
1463 1418 1525 1473 et
1557 1407 1732 1495 quod
1772 1408 1971 1473 iidem
2010 1407 2479 1496 respondentes
2524 1417 2828 1472 maneant
2869 1429 2911 1470 a
2952 1406 3274 1492 principio

359 1521 633 1588 usque
677 1503 766 1568 ad
806 1504 1002 1570 finem
1043 1506 1521 1595 disputationis,
1565 1509 1703 1572 sine
1743 1530 1943 1573 causa
1982 1506 2354 1573 rationabili
2403 1530 2534 1573 non
2573 1504 2958 1572 recedendo.
3044 1504 3174 1585 Qui
3217 1505 3274 1569 si

361 1599 730 1669 absentes
785 1604 1054 1689 fuerint,
1124 1606 1471 1673 dummodo
1525 1608 1619 1672 eis
1676 1609 1970 1693 arguitur
2027 1605 2132 1672 vel
2191 1615 2640 1692 argumentum
2706 1606 3106 1693 proponitur,
3177 1625 3276 1669 re-

360 1704 693 1786 sponsio
734 1702 905 1787 talis,
966 1705 1106 1770 sive
1147 1705 1530 1794 principalis
1568 1708 1704 1772 sive
1745 1709 1959 1776 minus
2001 1704 2384 1794 principalis
2425 1706 2644 1789 fuerit,
2701 1727 2830 1770 non
2873 1703 3064 1792 debet
3104 1713 3358 1769 com-10

365 1803 661 1884 putari.

748 1976 840 2037 11.
880 1988 975 2037 DE
1020 1988 1646 2039 msru'rAmomns
1688 1989 2189 2039 mffls'rssomm
2227 1990 2318 2039 ET
2362 1988 2960 2039 BAccALAmORUn.

1540 2118 1661 2190 vgl.
1695 2126 1788 2186 VI,
1826 2127 1877 2177 7.
1918 2126 2062 2190 vm,
2097 2127 2146 2181 7.

597 2239 763 2305 Item
805 2238 1018 2306 nullus
1062 2240 1542 2328 promovendus
1586 2240 1964 2305 admittatur
2009 2240 2095 2305 ad
2136 2262 2409 2306 examen
2442 2237 2547 2306 vel
2585 2249 2982 2328 temptamen
3019 2243 3086 2306 in
3126 2244 3278 2309 arti-

370 2336 555 2423 bus,
619 2342 748 2406 nisi
798 2341 869 2405 in
910 2341 1319 2407 consciencia
1362 2363 1481 2406 sua
1525 2339 1729 2423 dicat,
1789 2339 1964 2427 quod
2005 2342 2075 2405 in
2116 2341 2388 2425 triginta
2431 2338 2975 2426 disputationibus
3020 2341 3360 2409 ordina-15

384 2439 531 2503 riis
594 2441 1056 2524 magistrorum
1099 2463 1412 2527 praesens
1464 2440 1659 2505 fuerit
1699 2450 1832 2504 tam
1879 2438 2010 2523 diu,
2068 2439 2274 2505 donec
2316 2438 2615 2505 adminus
2656 2443 2938 2528 quinque
2981 2444 3279 2528 magistri

397 2536 817 2623 arguebant,
865 2540 919 2603 si
977 2537 1207 2605 saltem
1249 2550 1343 2606 tot
1382 2552 1529 2605 sunt
1575 2540 1669 2606 ibi
1718 2542 2017 2627 magistri
2060 2549 2421 2628 arguentes.
2501 2538 2591 2603 Et
2628 2538 2840 2604 nullus
2881 2538 3276 2607 baccalario-

387 2659 569 2701 rum
614 2636 810 2703 debet
854 2638 1113 2705 admitti
1157 2639 1242 2705 ad
1301 2650 1696 2727 temptamen
1739 2664 1860 2728 pro
1903 2641 2116 2727 gradu
2158 2639 2538 2725 magisterii,
2592 2639 2719 2703 nisi
2760 2641 2827 2703 in
2869 2641 3278 2707 consciencia

391 2758 537 2799 sua
603 2736 811 2821 dicat,
867 2738 1040 2826 quod
1098 2740 1279 2826 prius
1330 2740 1401 2802 in
1453 2740 1723 2824 triginta
1777 2739 2326 2827 disputationibus
2363 2726 2721 2803 ⁴ordinariis
2762 2738 3278 2829 baccalariorum

389 2834 760 2921 arguebat,
808 2838 865 2903 si
905 2836 1119 2903 locum
1161 2837 1478 2924 arguendi
1515 2836 1757 2931 babere
1795 2841 2021 2926 potuit.
2099 2868 2102 2869 ⁷
2452 2856 2463 2867 ·
3286 2850 3358 2909 20

1170 3020 1174 3031 ’
1221 3043 1316 3106 12.
1359 3055 1455 3103 DE
1502 3055 1792 3105 smmum
1830 3055 2480 3105 PRouovENnoaun.

1526 3193 1647 3257 vgl.
1682 3193 1772 3254 vx,
1811 3192 1859 3244 8.
1897 3193 2039 3255 vm,
2076 3192 2123 3245 8.

588 3321 755 3387 Item
808 3320 1023 3388 nullus
1066 3320 1545 3411 promovendus
1590 3325 1658 3389 in
1701 3322 1946 3390 artibus
1991 3323 2077 3388 ad
2123 3346 2395 3389 examen
2436 3324 2539 3390 vel
2596 3335 2990 3413 temptamen
3044 3325 3274 3393 admit-

404 3431 616 3505 tatur,
676 3423 806 3487 nisi
863 3423 933 3488 in
984 3423 1271 3509 collegiis
1332 3434 1446 3488 aut
1505 3421 1721 3489 bursis
1780 3446 1819 3488 a
1873 3423 2180 3490 facultate
2231 3424 2612 3511 approbatis
2671 3428 2967 3492 continue
3026 3428 3277 3492 steterit

412 3520 649 3609 ibique
693 3523 760 3586 in
805 3522 1163 3587 scolasticis
1207 3522 1460 3588 actibus
1500 3522 1917 3605 latinizandO,
1962 3522 2317 3607 arguendo,
2362 3523 2756 3610 disputando
2785 3535 2847 3589 et
2887 3526 3355 3613 opponendo25

410 3619 810 3707 diligencius
875 3624 944 3686 in
1010 3621 1237 3687 ordine
1295 3627 1414 3688 suo
1469 3645 1539 3688 se
1595 3623 2081 3707 exercitaverit,
2123 3632 2487 3708 ‘ceteraque
2541 3623 2792 3710 collegii
2859 3635 2976 3691 aut
3035 3624 3272 3692 bursae

410 3721 596 3804 iura,
654 3729 730 3785 ut
781 3743 976 3787 verus
1034 3721 1415 3810 inquilinus,
1475 3741 1593 3810 per
1626 3745 1721 3787 ·se
1775 3725 2068 3787 tenuerit.
2147 3723 2291 3788 Nisi
2346 3722 2517 3788 filius
2574 3724 2859 3788 civitatis
2914 3724 3111 3790 fuerit
3164 3726 3270 3792 vel

412 3820 582 3885 alias
642 3820 809 3886 adeo
865 3819 1253 3886 habundans
1296 3819 1401 3886 vel
1454 3820 1779 3904 notabilis,
1836 3820 2012 3906 quod
2065 3821 2326 3887 domum
2382 3822 2718 3910 propriam
2769 3833 2988 3889 tenere
3043 3835 3106 3891 et
3160 3849 3271 3893 ex-

410 3943 658 4006 pensas
721 3922 1024 4008 proprias
1082 3941 1358 3986 unacum
1415 3922 1729 4007 magistro
1773 3921 1876 3986 vel
1936 3922 2354 3988 informatore
2409 3923 2676 4008 poterit,
2726 3921 2833 3987 vel
2889 3936 3275 4013 paupertate

412 4031 729 4105 gravatus
791 4021 1132 4086 serviendo
1178 4020 1374 4086 alicui
1425 4023 1737 4107 magistro
1783 4021 1888 4085 vel
1945 4020 2104 4086 alibi
2158 4043 2482 4108 expensas
2526 4023 2592 4085 in
2636 4030 2772 4086 toto
2815 4023 2920 4088 vel
2973 4049 3091 4112 pro
3140 4039 3354 4096 me·30

418 4117 664 4184 dietate
707 4122 946 4208 poterit
988 4118 1231 4185 habere
1275 4123 1500 4206 gratis,
1559 4120 1641 4186 de
1686 4144 1813 4209 quo
1852 4120 2049 4186 fidem
2091 4120 2385 4185 facultati
2430 4119 2551 4185 sub
2596 4143 2710 4186 suo
2751 4124 3110 4192 iuramento
3152 4150 3271 4214 per

421 4217 588 4284 duos
628 4219 805 4285 viros
844 4220 1155 4306 ydoneos,
1215 4219 1445 4308 quibus
1488 4207 1613 4286 hoc
1655 4231 1937 4305 constat,
1994 4222 2133 4286 sive
2188 4242 2305 4307 per
2347 4219 2479 4286 alia
2528 4219 2847 4307 legittima
2890 4222 3271 4294 documenta

416 4318 638 4383 facere
679 4330 988 4386 teneatur.

737 4509 831 4571 13.
877 4499 998 4591 [Bl.
1046 4498 1185 4589 19⁸]
1231 4521 1325 4568 m:
1370 4518 1831 4568 ΔΡΡΔΒῙΟΙΟΝΕ
1875 4507 2458 4569 BAccALARmmm
2499 4519 2570 4569 m
2616 4520 2966 4572 scmms.

1672 4656 1792 4719 vgl.
1829 4656 1923 4721 VI,
1966 4656 2009 4708 l.
3281 4671 3348 4730 35

583 4785 750 4853 Item
809 4787 1080 4878 quilibet
1134 4786 1654 4853 baccalariorum
1713 4789 1780 4851 in
1838 4787 2090 4853 artibus
2146 4787 2372 4855 volens
2429 4790 2800 4877 promoveri
2854 4813 2974 4877 pro
3031 4793 3274 4862 honore

418 4886 755 4954 facultatis
814 4891 1061 4953 arcium
1125 4889 1191 4952 in
1258 4887 1479 4953 decem
1552 4886 2108 4974 disputacionibus
2169 4888 2538 4971 ordinariis,
2602 4889 2671 4952 in
2732 4887 2958 4956 habitu
3019 4894 3273 4982 integro

416 4997 566 5052 ante
615 4989 1017 5073 apertionem
1060 4989 1500 5074 temptaminis
1546 5010 1587 5052 a
1628 4989 1954 5074 principio
2002 4990 2190 5053 tercii
2231 4987 2672 5076 zophismatis,
2716 5012 3050 5082 quousque
3091 4997 3272 5080 quin-

420 5109 544 5173 que
586 5088 885 5173 magistri
928 5086 1322 5173 arguebant,
1380 5098 1474 5171 et,
1535 5109 1617 5151 ne
1661 5086 2132 5174 respondentes·
2170 5086 2503 5169 deficiant,
2561 5099 2830 5174 paratus
2877 5091 2964 5156 ad
3005 5115 3270 5181 respon-

416 5185 700 5252 dendum
745 5185 833 5252 ad
873 5207 1317 5274 quamcunque
1359 5197 1612 5274 partem
1655 5196 1907 5252 tenetur
1950 5208 2348 5274 comparere,
2403 5185 2524 5254 sub
2581 5211 2794 5276 poena
2849 5214 2978 5260 non
3033 5194 3269 5262 admis-
3286 5207 3357 5266 40

414 5287 614 5351 sionis
659 5285 745 5354 ad
791 5296 1179 5373 temptamen
1220 5295 1511 5374 tempore
1554 5309 1688 5352 suo.
