4038 6358
833 652 955 719 582
1899 647 2001 699 Dic
2040 645 2344 713 juristische
2381 645 2638 696 Facnlffit.

824 841 970 898 utro
1029 840 1365 920 promotus
1419 830 1661 897 habeat
1704 830 2026 896 duntaxat
2068 827 2410 895 dimidium
2450 837 2754 917 respectu
2794 826 3061 895 alterius
3112 829 3183 893 in
3221 836 3499 915 utroque
3544 825 3675 893 iure

824 933 1125 1019 promoti.

991 1082 1155 1130 xxn.
1196 1065 1364 1129 Item
1407 1064 1491 1129 ad
1532 1063 1927 1130 obviandum
1974 1063 2422 1152 displicentiis,
2470 1085 2635 1152 quae
2678 1063 2933 1149 possint
2971 1061 3141 1128 inter
3184 1061 3486 1128 doctores
3534 1061 3676 1127 sub-

823 1164 1015 1247 oriri,
1069 1163 1342 1251 placuit,
1387 1163 1581 1253 quod,
1624 1165 1813 1230 sicuti
1855 1165 1925 1229 in
1953 1163 2464 1251 promotionibus
2502 1161 3020 1229 baccalariorum
3057 1161 3463 1244 observatur,
3522 1184 3681 1249 quae

744 1272 779 1328 5
834 1263 915 1329 de
958 1263 1425 1330 consuetudine
1467 1262 1818 1329 secundum
1862 1262 2155 1329 ordinem
2200 1273 2265 1329 et
2309 1265 2560 1329 senium
2603 1262 2937 1328 doctorum
2978 1271 3439 1348 processerunt
3483 1271 3548 1327 et
3586 1263 3676 1327 in-

823 1361 1184 1447 valuerunt,
1228 1366 1323 1429 ita
1362 1373 1425 1428 et
1474 1364 1725 1428 servari
1767 1361 1960 1428 debet
1999 1365 2069 1427 in
2112 1362 2636 1449 promocionibus
2684 1361 3038 1443 doctorum,
3097 1359 3223 1426 hac
3264 1369 3486 1426 tamen
3527 1359 3685 1447 lege,

826 1461 1000 1549 quod
1043 1484 1083 1526 a
1128 1461 1491 1528 senioribus
1562 1460 1936 1528 doctoribus
1995 1466 2063 1527 in
2129 1462 2525 1528 sessionibus
2575 1470 2725 1527 actu
2780 1459 3157 1546 regentibus
3217 1460 3334 1525 fiat
3387 1460 3687 1548 inceptiO,

826 1561 1154 1647 gradatim
1198 1561 1285 1626 ad
1347 1562 1631 1627 iuniores
1686 1560 2100 1648 procedendo
2121 1611 2139 1644 ,
2222 1562 2316 1626 ita
2370 1571 2441 1626 ut
2497 1563 2711 1626 senior
2756 1560 2840 1625 sit
2892 1568 3226 1646 promotor
3282 1560 3688 1648 principalis,

831 1671 1060 1747 postea
1101 1683 1245 1726 eum
1292 1660 1661 1727 iminediate
1706 1683 1977 1746 sequens
2031 1671 2508 1748 compromotor
2567 1668 2633 1724 et
2675 1660 2909 1725 iterum
2956 1681 3231 1744 sequens
3273 1659 3689 1726 recomenda·

753 1768 816 1823 10
835 1769 955 1843 tor,
1001 1772 1066 1825 et
1108 1761 1233 1843 sic,
1296 1761 1602 1826 offerente
1646 1783 1714 1825 se
1760 1763 1994 1826 iterum
2043 1759 2352 1826 facultate
2401 1757 2861 1847 promovendi,
2922 1760 3035 1848 qui
3088 1768 3283 1824 antea
3347 1760 3474 1824 fuit
3516 1782 3684 1824 com·

830 1868 1196 1945 promotor,
1242 1859 1298 1925 si
1352 1882 1662 1945 praesens
1721 1868 1785 1925 et
1846 1870 1996 1924 actu
2037 1883 2271 1947 regens
2316 1861 2533 1941 fuerit,
2582 1861 2665 1923 sit
2712 1881 2832 1945 pro
2869 1868 3025 1923 tunc
3065 1867 3400 1946 promotor
3445 1860 3683 1945 princi-

832 1958 1000 2045 palis
1048 1969 1114 2023 et
1158 1958 1427 2023 eundem
1476 1980 1749 2047 sequens
1791 1969 2270 2048 compromotor
2324 1968 2387 2023 et
2425 1961 2666 2023 tercius
2708 1957 3219 2039 recomendator‚
3263 1968 3327 2022 et
3370 1960 3467 2023 sic
3512 1957 3683 2023 dein-

828 2080 982 2144 ceps
1038 2057 1266 2122 ordine
1322 2057 1503 2124 finito
1552 2059 1785 2123 iterum
1829 2057 1958 2146 [14]
2006 2082 2049 2124 a
2092 2060 2345 2124 seniore
2376 2057 2852 2145 reincipiendo.
2937 2057 3084 2122 Non
3144 2056 3464 2141 obstante,
3510 2056 3681 2143 quod

827 2165 978 2245 post
1017 2156 1388 2222 huiusmodi
1440 2158 1734 2223 ordinem
1774 2157 2028 2225 finitum
2072 2168 2139 2223 et
2176 2159 2278 2224 ius
2323 2158 2560 2223 seniori
2606 2180 2723 2244 per
2765 2157 3283 2244 assignacionem
3323 2159 3685 2243 quaesitum

753 2266 814 2322 15
839 2255 1074 2342 aliquis
1119 2256 1459 2322 doctorum
1503 2256 1589 2322 ad
1629 2257 1969 2344 collegium
2008 2258 2206 2323 fuerit
2247 2265 2565 2344 receptus.

1006 2407 1200 2454 xxm.
1244 2390 1408 2454 Item
1449 2389 1678 2456 doctor
1716 2388 2017 2455 novellus
2060 2412 2190 2456 non
2234 2391 2319 2454 sit
2361 2388 2442 2454 de
2484 2387 2780 2475 collegio,
2822 2389 2949 2454 nisi
2981 2391 3166 2477 prius
3206 2399 3418 2476 petat,
3472 2411 3542 2453 se
3599 2388 3682 2454 ad

828 2488 1165 2574 collegium
1227 2490 1452 2577 recipi,
1497 2488 1582 2555 ad
1624 2490 1797 2576 quod
1855 2491 2049 2555 etiam
2105 2487 2351 2576 absque
2406 2487 2785 2553 difficultate
2840 2499 2904 2554 et
2956 2490 3162 2575 gratis
3215 2511 3337 2576 per
3389 2487 3684 2555 doctores

833 2588 1095 2653 admitti
1139 2610 1217 2652 ac
1257 2589 1462 2676 recipi
1485 2591 1521 2653 ¹.

998 2739 1188 2786 xxiv.
1230 2720 1391 2785 Item
1435 2722 1701 2808 placuit,
1761 2721 1935 2808 quod
1989 2721 2553 2809 praesentationes
2614 2720 3161 2787 licenciandorum
3223 2720 3584 2808 procedant
3627 2730 3689 2784 et

762 2830 831 2886 20
853 2819 1134 2908 amplius
1176 2820 1389 2885 locum
1432 2820 1717 2887 habeant
1760 2819 2110 2886 secundum
2154 2820 2447 2887 ordinem
2491 2819 2825 2886 doctorum
2871 2831 3131 2886 nostrae
3172 2820 3501 2886 facultatis
3544 2832 3685 2885 actu

837 2941 1230 3007 regencium.

1011 3070 1173 3116 xxv.
1231 3052 1394 3117 Item
1459 3051 1545 3116 ad
1600 3052 1993 3118 obviandum
2049 3051 2535 3139 quibuscunque
2593 3052 3106 3119 dissensionibus
3162 3054 3331 3119 inter
3390 3052 3683 3119 doctores

829 3151 1158 3219 facultatis
1201 3161 1352 3217 actu
1395 3150 1766 3217 laborantes
1811 3162 1875 3217 et
1915 3174 2047 3218 non
2091 3151 2484 3237 laborantes,
2527 3156 2696 3219 inter
2742 3174 2904 3239 quos
2949 3154 3207 3240 saepius
3243 3153 3496 3220 ratione
3539 3174 3679 3241 pro-

831 3252 1143 3318 mocionis
1189 3251 1615 3339 displicencia
1658 3262 1889 3316 exorta
1932 3263 2051 3334 est,
2102 3275 2185 3316 ex
2228 3274 2357 3337 qua
2401 3252 2636 3319 bonum
2681 3252 3020 3318 amiciciae
3055 3262 3120 3316 et
3162 3252 3495 3340 publicum
3539 3275 3677 3339 per·

751 3361 816 3416 25
841 3349 1158 3433 turbatur,
1203 3349 1437 3437 placet,
1482 3349 1654 3437 quod
1695 3351 1897 3416 solum
1943 3351 2317 3418 laborantes
2373 3353 2440 3416 in
2494 3353 2635 3416 iure
2678 3351 3092 3417 emolimenta
3140 3374 3179 3416 a
3220 3352 3678 3440 promovendis

832 3462 895 3516 et
936 3449 1070 3515 alia
1112 3449 1538 3534 undecunque
1579 3450 2043 3537 proveniencia
2083 3449 2386 3534 habeant,
2426 3451 2815 3537 eosdemque
2873 3461 3330 3538 promoveant,
3390 3452 3445 3517 si
3503 3451 3677 3537 digni

833 3553 900 3615 in
946 3550 1247 3614 examine
1289 3549 1528 3614 fuerint
1571 3551 1837 3637 reperti,
1877 3551 2001 3615 nisi
2048 3551 2241 3616 fuerit
2283 3549 2530 3632 doctor,
2573 3552 2683 3636 qui
2726 3549 2811 3615 ad
2866 3552 3369 3637 quinquennium
3427 3552 3495 3616 in
3550 3574 3677 3616 sco·

838 3649 920 3715 lis
963 3650 1335 3714 iuristarum
1383 3647 1640 3736 publice
1683 3648 1951 3735 legisset
1994 3659 2059 3714 et
2098 3648 2476 3715 laborasset.
2529 3648 2783 3735 Regula
2822 3672 3104 3734 namque
3148 3649 3679 3737 applicationem²

836 3752 931 3815 sic
975 3748 1381 3830 determinat,
1426 3746 1600 3832 quod
1641 3771 1769 3814 non
1816 3747 2188 3814 laborantes
2234 3748 2629 3815 manducare
2672 3770 2799 3813 non
2842 3747 3100 3814 debent.

747 3891 817 3948 30
1005 3898 1190 3945 xxvl.
1233 3880 1392 3945 Item
1438 3879 1672 3967 placet,
1716 3881 1893 3969 quod
1935 3881 2253 3947 sallariati
2292 3882 2361 3946 in
2403 3881 2544 3948 iure
2585 3879 2823 3946 debent
2864 3903 3007 3946 esse
3052 3890 3202 3946 actu
3225 3881 3544 3964 doctores,
3566 3906 3674 3947 seu

829 3981 898 4045 in
939 4002 1160 4044 eorum
1205 3978 1521 4044 defectum
1564 3979 1908 4062 licenciati,
1956 3981 2050 4045 ita
2099 3992 2317 4046 tamen
2375 3980 2548 4066 quod
2589 3979 2788 4045 iidem
2831 3981 3005 4046 infra
3046 3990 3321 4068 quatuor
3363 3983 3675 4047 mensium

845 4080 1140 4165 spacium
1194 4088 1342 4165 post
1398 4079 1904 4167 assumptionem
1960 4079 2308 4145 eorundem
2362 4079 2446 4145 ad
2501 4078 2776 4165 gradum
2833 4078 3203 4145 doctoratus
3263 4103 3408 4146 cum
3454 4081 3678 4147 effectu

839 4188 1354 4266 promoveantur.

1005 4328 1219 4376 xxvn.
1279 4311 1443 4376 Item
1500 4311 1587 4376 ad
1641 4311 2014 4378 evitandum
2060 4311 2537 4400 displicencias,
2582 4336 2749 4401 quae
2792 4313 3177 4401 quandoque
3222 4336 3304 4379 ex
3346 4311 3675 4379 locacione

755 4421 822 4478 35
847 4410 1161 4477 ordinarii
1203 4419 1268 4475 et
1313 4423 1529 4476 eorum
1549 4460 1567 4493 ,
1631 4413 1742 4497 qui
1783 4410 1934 4476 huic
1977 4411 2189 4478 officio
2254 4413 2438 4500 prius
2482 4411 2934 4500 principaliter
2976 4415 3427 4501 praefuerunt,
3492 4425 3679 4502 atque

838 4511 924 4576 ad
969 4509 1482 4576 conservandam
1528 4507 1656 4598 [15]
1706 4510 2123 4576 concordiam
2162 4511 2495 4577 doctorum
2549 4535 2627 4577 ac
2671 4512 2981 4579 honorem
3019 4513 3191 4578 illius
3239 4513 3435 4578 officii
3476 4515 3545 4578 in
3584 4515 3671 4578 fu-

834 4622 1053 4677 turum
1095 4608 1326 4696 placet,
1372 4609 1545 4696 quod
1586 4608 1955 4674 ordinarius
1997 4633 2118 4697 pro
2162 4621 2458 4698 tempore
2513 4613 2798 4676 existens
2853 4613 3131 4700 primum
3189 4611 3400 4677 locum
3446 4612 3675 4678 habeat

843 4712 1010 4776 inter
1049 4730 1271 4775 omnes
1317 4708 1619 4775 doctores
1660 4709 1989 4775 facultatis
2032 4710 2369 4793 iuridicae,
2412 4712 2539 4776 nisi
2584 4712 2669 4776 sit
2706 4734 3017 4799 praesens
3059 4712 3305 4794 doctor,
3347 4713 3457 4799 qui
3502 4713 3675 4800 prius

833 4812 982 4877 huic
1046 4808 1261 4874 officio
1322 4808 1772 4897 principaliter
1825 4808 2101 4896 legendo
2152 4810 2539 4897 praefuerit,
2616 4811 2719 4875 cui
2780 4809 3148 4877 ordinarius
3190 4834 3309 4898 pro
3349 4811 3674 4878 honestate

752 4923 818 4978 40
843 4909 1080 4999 prioris
1124 4907 1321 4973 officii
1364 4907 1553 4974 cedat
1593 4910 1663 4974 in
1706 4908 1867 4975 loco.

1009 5147 1030 5197 1
1071 5141 1148 5196 Es
1191 5140 1331 5197 fehlt
1361 5140 1693 5196 mindestens
1728 5157 1758 5196 e
1771 5140 1788 5194 i
1803 5158 1840 5194 n
1875 5140 2055 5209 Wort,
2090 5139 2542 5196 wahrscheinlich
2584 5143 2749 5197 debet.

1003 5232 1032 5280 2
1057 5225 1244 5362 fSollte
1279 5224 1436 5279 nicht
1468 5225 1542 5278 im
1580 5223 1830 5295 Original
1866 5225 2173 5296 gestanden
2206 5225 2388 5282 haben
2424 5227 2780 5296 apostolica?
2846 5227 2973 5299 vgl.
3027 5247 3075 5284 z.
3129 5229 3195 5283 B.
3245 5229 3389 5284 oben
3437 5229 3493 5284 S.
3534 5233 3610 5294 14,
3642 5233 3670 5282 5

833 5327 889 5365 u.
926 5326 987 5364 so
1023 5311 1055 5364 ὂ
1083 5317 1182 5366 ter.
