4038 6358
849 587 972 653 360
1841 586 1944 637 Die
1981 584 2425 652 philosophisehe
2455 583 2711 637 Faculffit.

852 770 1006 836 anni
1075 777 1226 835 ante
1286 767 1637 857 prandium
1697 767 1817 835 sub
1877 770 2101 858 precio
2161 767 2439 855 triginta
2480 787 2886 854 grossorum·
2870 816 2888 850 ,
2949 776 3018 833 et
3054 767 3199 834 loco
3242 766 3718 855 metaphisieae

848 867 1426 1037 {giscffigleffipts
1483 890 1603 957 per
1662 869 1958 958 quartale
2017 869 2173 936 anni
2232 870 2302 934 in
2366 866 2580 935 tribus
2645 865 2833 934 libris
2899 867 2982 936 de
3040 867 3262 935 anima
3321 868 3718 955 magistran-

1544 1141 1602 1204 6.
1628 1153 1741 1202 vn
1784 1152 2183 1203 Ennomon
2226 1151 2486 1202 neom
2528 1133 2618 1213 (si
2658 1130 2958 1221 placet).¹

761 1294 795 1351 5
999 1284 1163 1351 Item
1225 1287 1413 1353 iuxta
1477 1309 1677 1353 onera
1732 1285 2165 1353 distribuendi
2207 1285 2615 1352 emolimenta
2662 1292 2941 1372 apparet
2994 1282 3322 1372 aliquibus
3373 1293 3436 1348 et
3471 1286 3722 1351 maiori

848 1385 1052 1473 parti,
1106 1385 1280 1472 quod
1323 1385 1674 1452 decanatus
1717 1384 2024 1451 succedat
2073 1386 2143 1450 in
2186 1384 2560 1451 nationibus
2598 1384 2787 1448 iuxta
2840 1383 3022 1448 senia
3073 1383 3566 1469 magistrorum,
3618 1386 3720 1451 ita

851 1482 1027 1572 quod
1067 1506 1196 1549 non
1238 1484 1354 1550 fiat
1389 1485 1820 1573 reciprocatio
1861 1485 1988 1550 nisi
2060 1492 2271 1549 stante
2313 1483 2569 1550 defectu
2608 1504 3035 1570 personarum
3075 1481 3158 1548 de
3200 1482 3464 1549 consilio
3501 1484 3717 1550 facul-

848 1585 1034 1668 tatis3
1097 1592 1162 1648 et
1227 1592 1380 1648 tunc
1443 1583 1648 1651 honor
1713 1584 2012 1672 primitus
2085 1583 2325 1649 seniori
2392 1580 2776 1648 exhibeatur
2814 1580 2921 1647 vel
2986 1580 3244 1669 aliquis,
3317 1581 3612 1669 ydoneus
3655 1586 3715 1649 si

852 1684 1048 1749 fuerit
1069 1731 1087 1765 ,
1131 1682 1219 1748 ad
1272 1682 1609 1749 consilium
1649 1684 2093 1771 dispensative
2135 1684 2512 1771 recipiatur.
2573 1683 2677 1748 Ita
2718 1704 2833 1748 suo
2873 1679 3070 1747 modo
3101 1679 3184 1746 de
3212 1680 3716 1770 quodlibetario.

772 1795 834 1850 10
847 1782 938 1849 Et
994 1783 1056 1847 si
1114 1781 1257 1847 fieri
1321 1791 1572 1868 posset,
1625 1783 1706 1848 de
1761 1781 2299 1850 vicecancellario
2367 1784 2825 1849 informaretur
2897 1780 3196 1847 dominus
3266 1779 3714 1862 cancellarius,

857 1882 1029 1972 quod
1100 1903 1218 1969 per
1284 1880 1409 1947 hoc
1477 1893 1846 1951 servaretur
1917 1884 2125 1948 maior
2168 1882 2468 1948 amicicia
2507 1880 2949 1947 universitatis
2991 1902 3112 1945 nec
3152 1880 3223 1945 in
3263 1878 3477 1968 aliquo
3517 1903 3713 1970 prae-

850 1981 1247 2049 iudicaretur
1294 1979 1623 2048 collationi
1665 2004 1822 2048 suae
1861 1981 2200 2048 libertatis.
2220 1982 2244 2024 ²

1482 2113 1879 2180 Polonorum
1973 2114 2184 2203 primo
2277 2113 2541 2201 Wighel
2581 2113 2723 2179 fuit.

2070 2215 2097 2256 ο
2599 2214 2614 2229 .

774 2323 833 2378 15
1205 2265 1402 2331 Natio
1481 2212 1885 2379 Ιξίξὲἲὲιῖω
2009 2220 2061 2382 ἒ
2059 2315 2085 2356 ⁰
2271 2212 2677 2396 ξῖἓῖιῖἒέῒξ
2692 2317 2912 2377 wieder
2953 2320 3416 2397 amqutriolaen.

1478 2412 1940 2478 Misenensium
2010 2415 2084 2481 4⁰
2261 2416 2423 2475 nicht
2465 2418 2807 2495 αυεῃρίῐίζῑε.

1018 2547 1181 2613 Item
1237 2548 1585 2613 servitores
1641 2547 2101 2632 magistrorum
2144 2544 2228 2611 de
2266 2543 2535 2633 consilio
2573 2544 2904 2612 facultatis
2946 2547 3075 2612 sint
3115 2546 3304 2613 liberi
3347 2549 3416 2613 in
3454 2548 3707 2615 actibus

849 2645 1270 2713 scholasticis.

1011 2745 1177 2812 Item
1233 2747 1301 2811 in
1358 2744 1671 2813 electione
1728 2745 1956 2811 decani
2008 2745 2127 2810 fiat
2166 2744 2548 2810 convocatio
2589 2743 2711 2809 sub
2756 2742 2974 2810 debito
3019 2747 3322 2835 praestiti
3363 2747 3706 2812 iuramenti

766 2853 834 2909 20
852 2853 916 2910 et
967 2866 1098 2910 non
1154 2843 1672 2930 contradicendi3
1731 2855 1796 2911 et
1861 2844 2140 2931 eligatur
2192 2865 2311 2931 per
2354 2852 2594 2909 sortem
2637 2843 2804 2908 sicut
2824 2845 2850 2885 ⁴
2893 2842 3154 2931 eligitur
3195 2855 3440 2929 rector3
3497 2847 3712 2934 primo

852 2942 1174 3029 eligantur
1215 2943 1414 3030 aliqui
1437 2966 1556 3031 per
1599 2953 1858 3026 sortem,
1900 2946 2012 3031 qui
2050 2942 2321 3009 ulterius
2365 2941 2485 3009 sub
2529 2941 2935 3009 consciencia
2978 2953 3041 3009 et
3083 2946 3445 3011 iuramento
3466 2945 3706 3033 eligant

852 3042 1190 3108 decanum.
3195 3110 3202 3121 ,

1024 3142 1189 3208 Item
1233 3141 1444 3208 nullus
1487 3141 1896 3212 baccalarius
1950 3141 2347 3231 respondeat
2390 3134 2476 3208 ad
2513 3151 2767 3230 partem
2809 3143 3024 3209 minus
3067 3143 3521 3231 principalem,
3562 3145 3708 3232 quia

850 3242 1174 3308 interdum
1211 3243 1481 3309 minoris
1527 3241 1622 3332 (P)
1667 3247 1882 3311 visum
1925 3253 2026 3311 est
2067 3252 2322 3331 partem
2365 3241 2797 3330 principalem
2840 3239 3169 3309 habuisse.

771 3368 839 3423 25
1021 3358 1187 3423 Item
1230 3356 1638 3446 disputentur
1698 3358 1853 3424 libri
1917 3360 2283 3447 topicorum
2356 3357 2496 3424 loco
2566 3381 2777 3424 novae
2843 3358 3095 3447 logicae
3169 3368 3234 3425 et
3292 3358 3446 3425 libri
3519 3368 3707 3424 meta·

860 3455 1155 3544 phisicae
1194 3456 1338 3524 loco
1380 3458 1779 3547 phisicorum
1818 3481 1938 3546 pro
1983 3458 2385 3545 magisterio.

916 3617 933 3624 -
1024 3556 1187 3622 Item
1244 3557 1457 3623 nullus
1514 3567 1975 3645 promoveatur
2040 3559 2107 3623 in
2145 3555 2619 3641 baccalarium‚
2690 3558 2817 3623 nisi
2884 3559 3135 3625 steterit
3173 3559 3241 3624 in
3287 3558 3564 3646 collegio
3605 3567 3706 3623 aut

856 3656 1059 3723 bursa
1100 3655 1469 3744 approbata
1512 3657 1598 3723 ad
1641 3680 1881 3723 annum
1924 3679 2068 3722 cum
2111 3655 2345 3723 medio.

1010 3928 1031 3979 1
1075 3923 1185 3978 Am
1212 3921 1433 3978 Bande:
1485 3924 1567 3977 ad
1584 3922 1838 3994 probam.
1885 3921 2003 3977 Der
2029 3922 2233 3978 Zusatz
2267 3922 2367 3978 der
2385 3923 2583 3981 Worte
2616 3925 2673 3981 si
2694 3923 2884 3998 puteat
2915 3922 3052 3978 lflsst
3083 3920 3425 3991 vermuthen,
3460 3922 3587 3978 dass
3615 3923 3703 3977 der

856 4006 1121 4062 Entwurf
1153 4022 1262 4061 von
1295 4005 1412 4061 Ioh.
1438 4006 1611 4077 Wyse
1650 4005 1888 4062 verfasst
1923 4023 2053 4076 war,
2086 4007 2186 4062 der
2217 4005 2315 4062 ihn
2346 4008 2705 4079 geschrieben
2741 4009 2857 4079 hat,
2891 4008 3008 4062 und
3040 4007 3165 4063 dem
3199 4005 3292 4062 die
3324 4024 3505 4078 ganze
3525 4006 3700 4062 Hand·

854 4090 1057 4146 schrift
1093 4088 1339 4161 gehorte.
1404 4089 1533 4160 Vgl.
1569 4090 1707 4147 Urk.
1746 4091 1980 4157 Quellen
2015 4090 2070 4146 S.
2111 4096 2209 4146 717
2248 4090 2326 4163 fg.

1012 4179 1042 4229 2
1079 4173 1215 4229 Man
1251 4174 1411 4229 sollte
1444 4178 1712 4230 erwarten
1746 4175 2067 4231 collationis
2097 4194 2231 4232 suae
2265 4177 2527 4232 libertati.
2579 4227 2584 4236 .

1009 4264 1040 4315 3
1079 4257 1192 4313 Die
1226 4257 1408 4314 vollen
1448 4258 1664 4314 Namen
1699 4259 1852 4315 sind:
1913 4259 2129 4331 Caspai·
2163 4259 2412 4334 Weigel,
2467 4260 2639 4316 Iacob
2672 4259 2908 4316 sculteti
2939 4259 3010 4315 de
3050 4260 3394 4330 Stargardia,
3443 4259 3695 4316 Henricun

857 4342 1161 4400 Steinbach
1194 4342 1264 4397 de
1298 4341 1681 4415 Nurenberga.

1006 4432 1041 4483 4
1075 4426 1237 4483 Etwa
1268 4428 1386 4483 sive
1417 4428 1515 4482 ut!
