4038 6358
859 617 978 685 524
1898 625 1998 676 Die
2036 624 2473 692 philosophische
2512 624 2768 678 Facultat.

860 804 1164 886 caeteris3
1211 803 1310 868 sin
1336 827 1465 870 non
1491 807 1613 869 erit
1641 808 1940 893 magistri
1973 809 2183 896 copia,
2227 806 2625 896 producatur
2670 831 2754 875 ex
2798 806 3140 895 discipulis
3181 806 3423 897 aliquis
3464 807 3702 875 iudicio

863 901 1092 967 decani
1134 913 1197 968 et
1238 926 1460 968 eorum
1481 954 1495 983 ,
1543 926 1702 991 quos
1745 906 2202 974 indicavimus.
2286 908 2656 973 Praemium
2702 908 3158 974 declamatoris
3202 910 3362 992 erit,
3406 910 3703 996 magistri

861 1002 1119 1088 quidem
1170 1002 1478 1068 vallensis
1536 1027 1699 1069 unus
1718 1055 1735 1087 ,
1802 1005 2103 1094 discipuli
2146 1030 2301 1073 vero
2358 1006 2752 1073 dimidiatus.
2864 1008 3158 1096 Quisque
3222 1030 3342 1073 suo
3409 1010 3701 1073 semestri

865 1101 1149 1168 decanus
1205 1105 1393 1167 unius
1457 1127 1539 1168 ex
1598 1103 2145 1191 disputationibus
2211 1106 2558 1172 ordinariis
2623 1109 2880 1195 capita,
2945 1129 3023 1172 ea
3088 1130 3245 1172 cura
3310 1116 3504 1195 atque
3558 1106 3703 1173 dili-

777 1209 810 1264 5
865 1203 1086 1287 gentia
1127 1201 1482 1289 explicata,
1527 1212 1599 1269 ut
1639 1213 1816 1270 recte
1861 1205 2190 1293 divulgari
2229 1228 2422 1294 posse
2464 1205 2838 1289 videantur,
2899 1207 3155 1273 curabit
3203 1229 3245 1273 a
3286 1206 3699 1295 typographo

864 1299 1136 1367 edenda.

859 1517 953 1565 DE
996 1518 1451 1569 ASSIDUI'I'ATE
1495 1522 1586 1569 ΕΤ
1626 1522 2037 1572 DILIGENTIA
2077 1525 2163 1573 Ac
2206 1525 2372 1572 FIDE
2418 1525 2491 1571 m
2533 1522 2829 1573 PUBLICA
2857 1525 3216 1574 DOCTRINA
3241 1525 3697 1574 PRAESTANDA

1804 1623 1893 1671 ΕΤ
1939 1624 2209 1672 LIBERIS
2251 1624 2461 1672 Holus
2503 1625 2749 1672 ILLIUS.

2088 1743 2297 1806 Caput
2332 1743 2476 1795 vm.

780 1861 843 1915 10
1023 1851 1331 1919 Publicae
1392 1853 1723 1920 doctrinae
1785 1858 2183 1943 professores
2249 1879 2515 1944 operam
2580 1855 2675 1921 illi
2742 1878 2856 1921 suo
2911 1856 3183 1943 quisque
3241 1854 3384 1921 loco
3459 1854 3699 1922 dabunt

861 1951 1202 2038 diligenter
1245 1964 1308 2017 et
1347 1953 1639 2019 fideliter.
1728 1957 1809 2020 Ni
1852 1957 2154 2039 fecerint,
2197 1955 2598 2021 dissimulari
2639 1954 2720 2020 ab
2764 1957 2846 2019 iis
2893 1954 3051 2036 hoc,
3105 1977 3380 2041 quorum
3429 1967 3530 2019 est
3568 1957 3696 2020 ani-

856 2051 1221 2118 madversio
1238 2103 1254 2134 ‚
1320 2077 1448 2119 non
1511 2053 1716 2119 debet.
1828 2054 2081 2136 Quibus
2126 2055 2386 2142 quidem
2431 2053 2658 2120 diebus
2718 2054 3053 2119 intermitti
3094 2053 3296 2119 liceat
3339 2054 3697 2120 doctrinam

857 2151 1218 2239 publicam,
1264 2152 1696 2240 descriptione
1738 2155 2045 2219 feriarum
2091 2154 2475 2242 explicatur.
2570 2153 2828 2221 Causae
2871 2164 3089 2219 autem
3132 2176 3260 2219 non
3308 2155 3695 2241 repraehen-

860 2251 1110 2317 dendae
1151 2254 1668 2335 intermissionis,
1723 2264 1871 2318 ante
1922 2255 2118 2318 etiam
2161 2256 2370 2319 iustae
2412 2256 2613 2336 visae,
2669 2262 2818 2318 sunt
2867 2255 3277 2319 necessariae
3321 2257 3692 2341 peregrina·

781 2361 841 2416 15
860 2353 1051 2416 tionis
1111 2361 1174 2416 et
1217 2354 1700 2437 aegrotationis.

1023 2447 1112 2538 [S.
1156 2449 1259 2538 20]
1326 2451 1509 2532 Quae
1549 2462 1760 2516 autem
1813 2452 2015 2518 horae
2060 2452 2360 2539 publicae
2403 2463 2466 2519 et
2508 2452 2877 2517 ordinariae
2920 2452 3253 2518 doctrinae
3311 2452 3697 2535 tribuuntur,

858 2552 939 2615 iis
985 2552 1293 2638 privatim
1341 2553 1689 2636 magistros
1733 2552 2064 2640 explicare
2112 2575 2261 2617 suas
2306 2551 2559 2617 scholas
2604 2576 2732 2617 non
2772 2560 3015 2617 temere
3057 2562 3155 2617 est
3197 2551 3696 2634 concedendum,

859 2673 936 2714 ac
980 2651 1192 2736 potius
1233 2649 1614 2731 videndum,
1652 2660 1722 2714 ut
1763 2672 1982 2716 omnes
2028 2654 2323 2737 magistri
2370 2661 2628 2734 curent,
2679 2674 2720 2716 a
2774 2652 2908 2716 suis
2963 2650 3298 2738 discipulis
3344 2674 3467 2737 pro
3510 2661 3699 2738 captu

859 2750 1150 2835 ipsorum
1210 2749 1742 2837 frequentandam
1806 2750 2168 2815 doctrinam
2229 2751 2578 2838 publicam.
2703 2751 2809 2815 De
2871 2773 2997 2838 quo
3021 2800 3039 2833 ,
3105 2752 3159 2814 si
3222 2773 3328 2816 res
3398 2750 3697 2837 postulet,

780 2847 1081 2912 Zoedicta
1120 2858 1422 2935 poterunt
1463 2851 1755 2936 proponi.

1028 2946 1281 3027 Quibus
1325 2948 1582 3035 quidem
1630 2949 1856 3014 diebus
1904 2959 1966 3014 et
2008 2949 2183 3014 horis
2230 2948 2488 3035 publice
2551 2948 2991 3036 disputabitur
3035 2959 3148 3014 aut
3204 2947 3694 3031 declamabitur,

859 3048 941 3110 iis
986 3048 1160 3112 omni
1215 3047 1511 3113 doctrina
1567 3048 1697 3114 alia
1752 3049 2277 3135 supersedebitur
2333 3059 2399 3113 et
2452 3048 2800 3114 studebunt
2853 3050 3181 3134 magistri,
3239 3047 3370 3112 illis
3427 3070 3697 3112 conven-

863 3145 1035 3211 tibus
1080 3147 1390 3213 interesse
1432 3171 1580 3214 suos
1623 3148 1995 3237 discipulos.
2081 3147 2391 3214 Similiter
2422 3149 2931 3235 theologicarum
2973 3147 3510 3237 disputationum,
3537 3169 3695 3233 quae

861 3246 1121 3332 publice
1164 3258 1379 3327 erunt,
1433 3249 1830 3334 temporibus
1877 3249 2173 3315 doctrina
2227 3248 2489 3335 publica
2545 3247 3018 3313 communitatis
3072 3256 3334 3312 nostrae
3386 3249 3697 3312 intermit-

774 3354 842 3409 25
860 3356 1047 3427 tetur,
1089 3355 1160 3410 ut
1201 3347 1287 3411 ad
1330 3347 1476 3412 illos
1521 3347 1825 3435 discipuli
1882 3351 2228 3413 convenire
2267 3351 2539 3435 possint.
2624 3348 2925 3433 Denique
2984 3346 3070 3411 ad
3125 3369 3345 3411 omnes
3404 3346 3696 3412 solennes

860 3455 1208 3510 conventus
1261 3456 1333 3510 ut
1388 3470 1583 3534 quam
1639 3447 1903 3534 plurimi
1962 3458 2465 3534 congregentur,
2527 3446 2611 3512 ab
2674 3445 2973 3511 omnibus
3028 3468 3227 3532 opera
3279 3446 3576 3528 dabitur,
3639 3457 3702 3510 et

859 3545 1164 3632 quicquid
1209 3545 1466 3611 obstare
1511 3556 1749 3633 posset,
1796 3570 1920 3634 quo
1965 3549 2177 3611 minus
2221 3547 2344 3612 hoc
2384 3547 2518 3627 fiat,
2567 3567 2815 3610 summa
2859 3566 3015 3608 cura
3055 3545 3521 3611 removebitur.
3562 3546 3695 3611 De-

861 3667 1060 3709 canus
1083 3647 1278 3710 etiam
1301 3647 1646 3732 magistros
1670 3646 2053 3729 hortabitur,
2098 3654 2169 3710 ut
2195 3669 2344 3711 suos
2369 3644 2722 3731 discipulos
2754 3645 2961 3708 sacris
3005 3644 3424 3709 concionibus
3474 3644 3695 3710 sedulo

866 3754 931 3808 et
992 3745 1360 3831 frequenter
1426 3744 1691 3810 iubeant
1751 3749 2097 3828 interesse,
2160 3757 2222 3808 et
2275 3745 2675 3813 assiduitatis
2738 3745 2866 3830 ipsi
2921 3766 3077 3808 suae
3130 3744 3503 3830 exemplum
3556 3767 3699 3830 pro·

778 3853 845 3908 30
868 3853 1128 3930 ponant,
1169 3843 1343 3930 quod
1371 3843 1673 3931 discipuli
1704 3846 2049 3909 imitentur.
2133 3845 2441 3930 Inprimis
2481 3854 2701 3908 autem
2738 3844 3043 3908 feriarum
3092 3842 3320 3908 diebus
3366 3855 3429 3908 et
3475 3854 3701 3931 quarto

863 3965 1114 4030 quoque
1165 3942 1670 4008 ecclesiasticam
1728 3946 2294 4030 congregationem
2337 3943 2667 4009 celebrare
2712 3964 2863 4008 suos
2909 3945 3178 4030 quisque
3221 3952 3527 4009 accurate
3570 3967 3699 4009 mo-

859 4042 1056 4124 nebit,
1098 4052 1161 4107 et
1202 4052 1273 4106 ut
1311 4042 1442 4125 fiat,
1490 4064 1712 4107 severe
1756 4042 2063 4108 attendet.

1501 4260 1595 4306 DE
1646 4259 1990 4307 GRADIBUS
2036 4259 2377 4308 HONORUM
2420 4257 3060 4307 SCHOLASTICORUM.

2115 4380 2330 4442 Caput
2367 4378 2458 4426 IX.

777 4502 843 4560 35
1036 4491 1246 4580 [82¹]
1298 4492 1375 4557 In
1403 4492 1971 4558 communitatibus
2000 4476 2403 4558 scholasticis
2431 4489 2624 4555 debet
2661 4489 3003 4575 diligenter
3047 4499 3110 4554 et
3150 4500 3458 4556 accurate
3497 4503 3706 4557 custo-

861 4594 987 4659 diri
1044 4591 1390 4678 disciplina
1441 4591 1779 4678 graduum.
1865 4593 1968 4658 Ea
2025 4602 2171 4657 sunt
2226 4591 2595 4655 testimonia
2650 4589 3177 4676 progressionum
3237 4590 3306 4654 in
3365 4590 3598 4656 studiis
3640 4603 3703 4657 et

857 4693 1024 4759 tituli
1078 4691 1434 4777 dignitatis,
1505 4713 1670 4778 quae
1724 4692 2002 4756 conferri
2061 4714 2139 4756 ac
2192 4690 2392 4755 tribui
2450 4689 2676 4753 ordine
2720 4697 2783 4752 et
2837 4687 3089 4752 ratione
3143 4686 3344 4753 decet.
3424 4689 3504 4757 Id
3549 4713 3702 4757 vero

860 4795 986 4858 nisi
1028 4792 1444 4879 inquisitione
1483 4791 1914 4878 praecedente
1955 4791 2098 4856 fieri
2138 4790 2379 4874 nequit.

1031 4890 1194 4957 Sunt
1236 4898 1448 4954 autem
1494 4888 1620 4956 duo
1665 4892 1732 4955 in
1776 4892 2232 4956 communitate
2288 4887 2484 4953 studii
2537 4886 2849 4952 bonarum
2907 4887 3143 4951 artium
3198 4889 3520 4975 propositi
3560 4913 3705 4976 gra·

779 5003 846 5059 40
868 4992 987 5057 dus
1054 4990 1411 5076 dignitatis,
1478 5013 1646 5055 unus
1709 4989 2188 5057 baculariorum
2216 5039 2233 5071 ,
2293 4986 2455 5052 alter
2514 4987 2993 5072 magistrorum.
3095 4986 3172 5052 In
3238 4989 3479 5073 priore.
3522 4991 3707 5076 quasi

863 5091 1147 5157 tirocinii
1171 5088 1489 5177 quaedam
1534 5088 1963 5153 consideratio
2007 5098 2123 5171 est,
2167 5088 2329 5152 alter
2373 5109 2694 5151 summam
2741 5085 3121 5172 dignitatem
3165 5087 3709 5174 compraehendit

861 5190 953 5255 Ut
999 5199 1244 5270 autem,
1297 5197 1603 5273 quantum
1661 5189 1931 5274 quisque
1989 5210 2110 5275 pro
2172 5210 2288 5251 sua
2340 5196 2528 5271 parte
2585 5185 2933 5272 profecerit
2989 5184 3305 5251 studendo
3323 5238 3341 5270 ,
3400 5190 3705 5274 cognosci

864 5298 1039 5355 certo
1087 5289 1321 5375 possit,
1366 5309 1628 5351 necesse
1672 5297 1787 5369 est,
1851 5290 1931 5352 iis
1975 5288 2453 5375 inquisitionem
2497 5307 2613 5349 seu
2654 5306 2927 5349 examen
2973 5286 3315 5370 committi,
3371 5289 3480 5373 qui
3520 5309 3706 5374 prae-
