4038 6358
817 599 933 662 194
1964 597 2073 645 Das
2114 610 2300 659 grosse
2338 593 2545 658 Colleg-

954 814 1051 875 27.
1094 827 1187 873 DE
1232 827 1544 875 CERVISIA
1588 826 2038 874 COMPETENTI
2077 826 2213 875 PRO
2255 823 2623 874 MAGISTRIS
2667 824 2738 870 m
2781 823 3012 871 MENSA
3052 823 3509 872 DISPONENDA.

980 959 1142 1023 Item
1188 959 1601 1023 cervisiarius
1638 958 1984 1046 provideat
2029 956 2109 1022 de
2152 958 2429 1022 cervisia
2469 958 2857 1043 competenti
2899 977 3020 1041 pro
3065 954 3385 1038 omnibus,
3419 978 3494 1019 ne
3529 956 3683 1042 quis

815 1060 1311 1123 excusacionem
1350 1057 1587 1123 habeat
1629 1057 1710 1122 de
1750 1056 2204 1143 singularitate
2247 1054 2516 1122 bibendi
2559 1056 2627 1120 in
2671 1076 2915 1120 mensa.

814 1263 915 1326 28.
957 1274 1052 1321 DE
1095 1272 1324 1321 Pomm
1368 1274 1777 1322 csnvtsmm
1817 1273 1961 1322 non
2004 1273 2494 1322 conformius
2534 1273 2742 1321 mm
2786 1272 3198 1332 QUINDENAM
3244 1270 3420 1319 Pos‘r
3459 1271 3682 1319 sumn

739 1367 771 1421 5
2030 1373 2139 1422 sm
2182 1370 2458 1421 ormcn.

982 1488 1149 1552 Item
1192 1490 1603 1553 cervisiarius
1646 1489 1819 1554 infra
1861 1488 2255 1576 quindenam
2297 1490 2597 1576 proxime
2654 1496 3023 1572 sequentem
3079 1485 3276 1552 finem
3334 1508 3488 1552 suae
3537 1507 3681 1549 cer·

824 1590 1176 1653 visiaturae
1232 1597 1483 1652 tenetur
1535 1611 1680 1652 cum
1724 1587 1956 1652 effectu
2007 1589 2340 1653 racionem
2396 1589 2612 1652 facere
2667 1586 3084 1673 praecedenti
3141 1595 3205 1649 et
3262 1585 3548 1669 sequenti
3596 1582 3680 1650 de

823 1686 1143 1775 expositis
1187 1695 1251 1750 et
1289 1688 1617 1773 perceptis
1657 1708 1813 1752 suae
1854 1687 2339 1768 cervisiaturae,
2384 1686 2502 1752 sub
2537 1708 2750 1773 poena
2783 1687 2974 1750 unius
3016 1684 3265 1750 floreni.
3324 1683 3413 1748 Et
3453 1684 3676 1748 eadem

824 1808 1038 1874 poena
1078 1787 1407 1872 respicere
1451 1785 1645 1851 debet
1688 1794 2190 1872 computatores,
2235 1787 2613 1851 cervisiario
2661 1807 2781 1872 pro
2813 1794 3121 1871 computo
3168 1782 3491 1847 audiendo
3535 1806 3679 1847 con·

744 1896 809 1951 10
828 1885 1197 1973 deputatos.
1275 1885 1380 1951 Ita
1431 1898 1647 1950 tamen
1696 1884 1887 1973 quod,
1941 1886 1997 1948 si
2051 1887 2266 1972 prima
2311 1887 2676 1972 septimana
2719 1893 2869 1974 post
2909 1882 3303 1969 quindenam
3344 1905 3475 1947 non
3514 1905 3673 1947 com·

826 1987 1169 2072 putaverit,
1217 1983 1428 2050 solvat
1470 1983 1630 2051 duos
1673 1984 1971 2066 florenoS,
2032 1985 2088 2048 si
2134 1983 2420 2049 secunda
2457 1994 2611 2066 tres,
2656 1991 2778 2049 etc.
2820 1993 3303 2070 consequenter.
3384 1982 3474 2046 Et
3507 1982 3677 2046 idem

824 2084 906 2149 de
948 2082 1503 2172 computatoribus
1542 2094 1645 2149 est
1684 2082 2186 2169 intelligendum.

868 2290 966 2351 29.
1017 2303 1112 2350 m:
1153 2301 1467 2350 cERv1su
1509 2301 1644 2348 PER
1687 2298 2249 2347 PRAEOEDENTEM
2288 2299 2589 2347 Rumon
2630 2299 2720 2346 ET
2764 2299 2901 2348 PER
2944 2299 3364 2359 SEQUENTEM
3408 2298 3627 2347 cenw-

1907 2398 2187 2447 SIARIUM
2229 2397 2594 2448 cAPmNDA.

750 2527 811 2583 15
997 2503 1160 2583 Item
1210 2515 1646 2596 cervisiariuS‚
1692 2515 1747 2578 si
1790 2522 1942 2600 post
1981 2513 2177 2579 finem
2231 2515 2330 2579 sui
2375 2513 2571 2579 officii
2614 2512 2900 2601 aliquam
2943 2515 3285 2579 cervisiam
3331 2513 3672 2601 reliquerit,

825 2616 1003 2682 illam
1051 2639 1324 2704 sequens
1370 2636 1605 2701 capere
1648 2623 1900 2678 tenetur
1943 2621 2007 2676 et
2060 2611 2186 2677 sibi
2237 2614 2577 2700 pecuniam
2623 2621 2888 2695 tantam,
2935 2622 3241 2699 quantam
3284 2635 3406 2699 pro
3451 2633 3529 2676 ea
3573 2634 3672 2677 ex-

830 2718 1079 2804 posuit,
1137 2713 1527 2802 persolvere.
1609 2711 1684 2778 Si
1739 2723 1955 2777 tamen
2013 2713 2430 2777 cervisiarius
2486 2715 2788 2801 antiquus
2846 2712 3109 2797 aliquod
3149 2733 3270 2776 vas
3331 2714 3672 2798 propinare

830 2817 1094 2903 incepit,
1142 2823 1394 2879 tenetur
1433 2812 1609 2877 idem
1640 2833 1845 2897 usque
1885 2810 1971 2877 ad
2009 2811 2205 2876 finem
2248 2813 2645 2894 continuare,
2689 2813 2816 2876 nisi
2859 2811 3204 2897 collegium
3244 2811 3424 2877 aliud
3466 2811 3670 2875 decer-

828 2925 1013 2981 neret
1052 2912 1439 2979 faciendum.

746 3122 815 3178 20
858 3117 957 3181 30.
999 3130 1093 3178 ns
1134 3127 1604 3177 nnemosncu
1647 3126 2177 3176 rnocuna‘roms
2219 3126 2422 3175 cch
2470 3125 2834 3175 cmzwsnffl
2874 3125 3389 3176 Rssmcmrmxx
3435 3127 3675 3191 conns·

1958 3227 2079 3277 mo
2120 3228 2554 3275 Raraunum.

996 3362 1163 3426 Item
1200 3370 1452 3426 tenetur
1493 3361 1907 3426 cervisiarius
1945 3360 2336 3427 relacionem
2381 3361 2597 3425 facere
2636 3359 2928 3446 collegiO,
2974 3362 3029 3426 si
3069 3372 3459 3448 procurator
3489 3360 3677 3447 negli-

834 3472 1059 3548 genter
1117 3461 1293 3525 circa
1349 3456 1413 3548 [6
1425 3456 1476 3547 ⁸]
1535 3460 1881 3526 cervisiam
1942 3482 2011 3527 se
2078 3459 2375 3526 habuerit
2444 3470 2508 3525 et
2562 3459 2933 3525 notabiliter
3002 3462 3071 3525 in
3148 3463 3704 3556 praesentacione⁸

834 3560 1255 3648 pecuniarum
1314 3560 1631 3624 cervisiae
1686 3559 2025 3642 defecerit,
2084 3569 2149 3624 et
2204 3559 2422 3625 facere
2478 3561 2840 3625 mensurari
2898 3583 3090 3643 vasa3
3145 3559 3436 3647 alioquin
3494 3559 3682 3646 negli-

751 3669 817 3726 25
834 3661 1067 3746 gencia
1111 3658 1235 3723 sibi
1278 3656 1677 3745 imputetur.⁴

960 3891 1076 3957 IV.
1122 3890 1452 3956 Statuta
1494 3894 2090 3957 concernencia
2133 3913 2399 3957 omnes
2440 3892 2882 3979 magistros
2921 3893 3528 3961 indifferenter.

722 4128 729 4133 ·
839 4098 936 4160 31.
979 4107 1070 4154 ET
1109 4107 1326 4157 PRIMO
1355 4107 1449 4155 DE
1494 4104 1885 4157 smULTATE
1916 4108 2376 4158 COJOESTIONLS
2423 4109 2513 4156 ΕΤ
2557 4108 2652 4156 DE
2683 4108 2884 4158 MODO
2916 4109 3228 4157 LEGERDI
3270 4110 3686 4160 BENEDIOITE

1840 4208 1930 4254 ΕΤ
1976 4206 2327 4255 SIMILITER
2370 4207 2679 4257 GRACIAS.

1007 4338 1251 4404 Omnes
1293 4339 1594 4424 magistri
1635 4338 1823 4403 simul
1864 4338 2207 4404 comedant
2243 4341 2310 4404 in
2354 4362 2581 4406 mensa
2622 4350 2685 4405 et
2725 4351 2874 4405 ante
2925 4340 3323 4408 locacionem
3376 4342 3464 4408 ad
3520 4366 3688 4409 men-

756 4449 826 4504 30
845 4462 985 4504 sam
1025 4447 1176 4526 post
1217 4437 1533 4505 locionem
1571 4459 1877 4503 manuum
1921 4437 2142 4504 dicant
2189 4447 2563 4505 reverenter
2601 4438 2987 4523 benedicite,
3044 4450 3290 4507 stantes
3336 4442 3688 4510 secundum

837 4537 1132 4605 ordinem
1179 4537 1440 4623 collegii
1481 4547 1547 4601 et
1585 4547 1815 4624 postea
1854 4538 2339 4603 commensales.
2428 4537 2624 4618 Quod
2681 4539 2857 4605 dicat
2909 4541 3344 4628 praepositus,
3399 4544 3458 4608 si
3499 4543 3690 4609 fuerit

836 4659 1146 4724 praesens
1192 4646 1255 4701 et
1294 4636 1658 4724 presbyter.
1718 4636 1850 4702 Sed
1888 4640 2260 4724 praeposito
2305 4636 2572 4703 absente
2615 4648 2728 4703 aut
2765 4662 2894 4707 non
2933 4642 3249 4707 existente
3281 4642 3689 4731 presbytero,

837 4735 1013 4801 dicat
1068 4737 1284 4800 senior
1334 4737 1648 4821 magister
1700 4735 2048 4823 presbyter
2102 4758 2432 4824 praesens.
2518 4736 2712 4817 Quod
2770 4740 2824 4807 si
2881 4739 3093 4806 nullus
3149 4741 3462 4827 magister
3515 4766 3688 4830 pres·

836 4834 1028 4923 byter
1066 4857 1378 4923 praesens
1414 4837 1638 4918 fuerit,
1682 4846 1919 4902 extunc
1961 4836 2138 4901 dicat
2179 4835 2526 4923 presbyter
2569 4840 3040 4924 commensalis,
3082 4840 3189 4907 vel
3229 4842 3449 4909 senior
3488 4845 3688 4930 magi·

754 4943 821 4999 35
840 4944 970 4999 ster
1015 4956 1144 4999 non
1187 4934 1548 5022 presbyter.
1634 4935 1795 5002 Post
1832 4958 2121 5001 mensam
2164 4946 2402 5019 autem,
2457 4938 2631 5003 facta
2686 4938 2937 5005 locione
2976 4963 3306 5025 manuum,
3351 4945 3688 5031 praeposi-

838 5043 941 5099 tus
970 5032 1074 5098 vel
1114 5036 1181 5098 in
1222 5036 1435 5123 capite
1463 5056 1726 5102 mensae
1768 5035 1999 5101 sedens
2029 5034 2296 5103 absente
2323 5038 2702 5124 praeposito
2730 5040 3013 5126 primam
3040 5039 3436 5109 bibicionem
3471 5043 3690 5128 faeiat,

841 5154 972 5221 qua
1022 5154 1141 5220 per
1183 5122 1385 5198 totam
1427 5156 1719 5200 mensam
1775 5132 2097 5223 completa
2151 5137 2369 5201 statim
2426 5135 2513 5201 ad
2567 5135 2911 5204 dicendum
2966 5142 3228 5227 gracias
3284 5150 3562 5229 surgant
3609 5141 3690 5209 de

841 5255 1085 5317 mensa,
1130 5241 1375 5299 stantes
1417 5236 1486 5298 in
1527 5234 1754 5301 ordine
1801 5256 1915 5300 suo
1961 5244 2025 5299 et
2070 5235 2303 5301 deinde
2346 5237 2832 5305 commensales.
