4038 6358
762 602 885 666 200
1909 595 2023 645 Das
2055 605 2242 659 grosse
2276 590 2485 656 colleg.

758 793 1077 862 qetraqen:
1138 779 1228 844 Et
1281 775 1623 862 collegium
1675 776 1981 866 intelligit
2035 800 2156 865 per
2215 777 2497 864 primum
2540 785 2924 844 nocturnum
2971 776 3222 865 primos
3271 784 3428 840 tres
3477 765 3656 858 psal-

764 901 902 945 mos
947 901 1092 945 cum
1141 879 1351 946 tribus
1389 876 1772 946 lectionibus
1815 878 2068 965 primis.

1974 1049 2077 1113 57.
2115 1045 2390 1112 81111111

925 1178 1090 1246 Item
1132 1185 1442 1245 statutum
1484 1200 1540 1243 u.
1580 1201 1628 1242 ε.
1670 1201 1740 1243 w.
1796 1180 1905 1241 wie
1946 1181 2091 1241 oben
2138 1181 2276 1260 184,
2318 1181 2420 1258 42,
2471 1199 2594 1239 nm·
2618 1180 2781 1255 fehlt
2821 1178 2919 1239 die
2959 1178 3158 1240 zweite
3189 1179 3441 1253 fflafoe
3485 1170 3655 1238 Item

679 1289 712 1344 5
765 1277 1138 1345 conclusum
1176 1283 1341 1359 (184,
1375 1282 1486 1356 45)
1530 1280 1617 1340 bia
1656 1276 2029 1364 persolvere
2071 1280 2242 1359 (185,
2280 1280 2357 1352 3).

930 1732 1012 1792 So
1060 1731 1195 1790 weit
1247 1732 1353 1790 luat
1405 1731 1501 1790 die
1552 1739 1707 1791 erate
1764 1729 1962 1791 Hand
2008 1731 2404 1809 yesclaerieben,
2463 1730 2559 1790 die
2610 1749 2737 1790 mm
2773 1730 3108 1808 folqenden
3165 1729 3438 1788 Ζυεᾶειε
3505 1727 3656 1786 sind

765 1834 884 1892 alle
925 1851 1042 1891 von
1082 1829 1536 1890 verschiedenen
1579 1829 1954 1890 Schreibern.

870 2012 971 2078 58.
1015 2025 1255 2076 11011118
1299 2026 1699 2076 ramosum
1735 2027 2082 2088 emenus
2124 2028 2261 2077 1>110
2305 2027 2520 2078 mene.
2560 2026 2952 2077 mnuonno
2998 2026 3530 2076 ennnms'mnn

1432 2125 1546 2182 ,1111
1587 2126 2029 2175 zomwznm.
2073 2127 2406 2177 Docrom:
2450 2128 2523 2176 m
2565 2127 2920 2176 unmcnu.

688 2252 753 2309 10
936 2239 1178 2305 Statuit
1222 2240 1564 2326 collegium
1604 2242 1814 2307 maius
1858 2241 2269 2309 concorditer
2312 2241 2395 2307 de
2438 2241 2769 2308 voluntate
2813 2252 2877 2307 et
2917 2263 3236 2309 consensu
3275 2241 3640 2326 magistro-

767 2363 910 2404 rum
951 2339 1178 2406 Iacobi
1218 2338 1531 2406 Schulteti
1573 2341 1654 2406 de
1699 2340 2107 2428 Stargardia,
2148 2363 2376 2406 sacrae
2416 2340 2803 2428 theologiae,
2848 2340 3069 2408 Iacobi
3115 2338 3508 2406 Meseberch
3553 2336 3638 2402 de

769 2438 1058 2522 Stendal,
1101 2437 1463 2505 medicinae
1505 2441 2002 2528 professorum2,
2045 2440 2239 2506 huius
2277 2441 2536 2527 negocii
2571 2450 3034 2526 promotorum,
3076 2449 3151 2506 ut
3194 2438 3470 2526 singulis
3515 2459 3633 2502 811·

764 2540 868 2604 1118
909 2538 1112 2604 tercio
1155 2536 1261 2603 vel
1318 2549 1548 2626 quarto
1594 2537 1700 2604 die
1743 2549 1893 2626 post
1948 2539 2186 2604 festum
2241 2541 2450 2606 sancti
2495 2538 2670 2605 Galli
2725 2550 3080 2627 peragatur
3135 2537 3631 2606 anniversarius

765 2636 1158 2704 venerabilis
1201 2637 1529 2724 quondam
1572 2640 1699 2704 viri
1741 2637 1932 2725 Mgri.
1974 2636 2306 2704 Helmoldi
2363 2637 2800 2704 G-ledenstede
2853 2638 2935 2703 de
2979 2636 3363 2721 Zoltwedel,
3421 2634 3629 2702 medi-

690 2747 749 2805 1⁵
769 2739 957 2804 cinae
997 2736 1306 2820 doctoris,
1360 2760 1612 2803 necnon
1652 2735 1898 2802 domini
1938 2736 2301 2820 Bertholdi,
2355 2739 2610 2824 nepotis
2655 2737 2944 2804 eiusdem
3001 2738 3280 2826 praefati
3337 2735 3629 2802 doctoris

769 2833 938 2925 [llb]
954 2885 972 2920 ‚
1017 2835 1194 2923 apud
1241 2847 1535 2902 88118111111
1572 2819 1933 2920 Nicolaum,
1992 2787 2342 2902 dummodo
2383 2835 2628 2903 ibidem
2668 2860 2797 2903 non
2845 2838 3038 2902 fuerit
3080 2837 3365 2924 positum
3408 2834 3627 2899 obsta-

768 2936 1000 3018 culum,
1055 2935 1219 3000 alias
1269 2936 1702 3002 transferatur
1758 2933 1845 3001 ad
1903 2945 2197 3002 sanetum
2236 2935 2524 3002 Paulum.
2607 2934 2716 3000 Ad
2774 2957 2937 3023 quas
2997 2935 3259 3022 quidem
3314 2933 3624 3021 exequias

772 3034 1180 3125 peragendas
1220 3034 1378 3100 fiant
1418 3034 1545 3100 duo
1586 3033 1813 3120 pulsus
1851 3035 2031 3122 apud
2073 3045 2368 3100 sanctum
2395 3035 2737 3101 Nicolaum
2781 3058 2901 3122 pro
2942 3034 3185 3122 vigiliis
3226 3045 3291 3099 et
3330 3032 3627 3124 sequenti

772 3135 877 3202 die
917 3156 1085 3200 unus
1129 3132 1352 3222 pulsus
1397 3156 1517 3220 pro
1562 3134 1783 3217 missa,
1827 3135 2013 3200 iuxta
2055 3157 2303 3202 morem
2333 3135 2753 3221 exequiarum
2784 3134 3031 3200 domini
3072 3133 3380 3217 doctoris,
3424 3132 3623 3219 magi·

687 3247 755 3303 20
779 3236 899 3301 stri
937 3233 1247 3300 Iohannis
1291 3232 1372 3297 de
1398 3231 1875 3321 Monsterberg,
1916 3257 2038 3322 pro
2084 3234 2321 3324 quibus
2365 3234 2597 3301 dentur
2638 3234 3052 3322 pulsantibus
3092 3237 3162 3322 iij
3209 3251 3289 3319 95.
3334 3244 3400 3299 et
3441 3234 3512 3320 iij
3549 3234 3622 3311 «ὅ.

767 3337 930 3401 Item
969 3333 1062 3419 iiij
1110 3347 1187 3417 9ς.
1251 3342 1540 3418 exponat
1580 3335 1992 3419 praepositus
2037 3332 2296 3419 collegii
2339 3355 2459 3421 pro
2502 3356 2653 3399 cera
2702 3333 2789 3399 ad
2832 3331 3137 3398 candelas
3181 3356 3302 3421 pro
3347 3330 3620 3397 oblacio-

767 3454 870 3515 ne,
916 3433 1074 3495 item
1129 3430 1370 3496 rectori
1427 3428 1777 3496 scolarium
1824 3439 1859 3496 4
1904 3448 1983 3519 95.
2030 3455 2149 3520 pro
2192 3431 2435 3519 vigiliis
2469 3441 2544 3498 et
2588 3433 2791 3497 missa
2833 3431 3279 3498 defunctorum
3326 3454 3448 3520 per
3492 3454 3620 3497 sco-

767 3531 940 3596 lares
992 3528 1436 3610 decantandis,
1500 3533 1862 3597 succentori
1919 3533 1963 3619 ij
2010 3545 2097 3615 95.
2146 3552 2267 3618 pro
2306 3526 2710 3598 ‘Recordare'
2759 3542 2891 3596 tam
2936 3541 3088 3617 post
3124 3530 3388 3617 vigilias
3435 3553 3619 3617 quam

770 3640 922 3717 post
962 3630 1230 3694 missam
1272 3627 1700 3713 decantando,
1743 3630 2019 3717 plebano
2061 3630 2108 3718 ij
2155 3645 2234 3714 93.
2221 3680 2254 3713 .,
2297 3632 2354 3695 si
2395 3630 2687 3696 ultimam
2728 3633 2799 3695 in
2839 3630 3086 3718 vigiliis
3127 3630 3365 3717 1838111
3403 3630 3618 3696 lectio·

687 3742 752 3797 25
767 3753 946 3812 118111,
1004 3727 1170 3793 81188
1231 3728 1437 3795 80111111
1490 3751 1689 3797 unum
1733 3752 1831 3816 gr.
1885 3728 2182 3812 habebit,
2238 3732 2393 3795 item
2449 3728 2851 3846 subplebano
2905 3729 3095 3794 detur
3151 3732 3174 3794 i
3217 3745 3295 3814 (Α.
3281 3779 3316 3812 .,
3377 3728 3622 3794 custodi

770 3828 1079 3895 ecclesiae
1124 3826 1419 3893 similiter
1460 3851 1624 3894 unus
1665 3851 1762 3919 gr.
1805 3828 2013 3928 detur,
2057 3779 2323 3895 cuilibet
2363 3827 2720 3896 choralium
2763 3830 2834 3917 iij
2864 3831 2923 3910 ‘3
2965 3838 3029 3893 et
3069 3828 3335 3894 cuilibet
3375 3829 3612 3909 iuveni,

770 3931 840 3995 in
890 3927 1136 4014 vigiliis
1191 3926 1532 3992 lectionem
1590 3927 1860 4014 18381111,
1924 3913 1954 3994 1‘
1999 3932 2092 4012 (ὅ,
2155 3951 2321 4042 quae
2373 3929 2622 3995 faciunt
2676 3929 2746 3994 in
2803 3951 3054 3993 summa
3109 3930 3278 4017 xviij
3325 3944 3409 4014 95.
3469 3932 3507 3995 8
3547 3930 3619 4006 «8

770 4028 915 4093 Has
974 4027 1284 4114 exequias
1352 4028 1764 4114 praepositus
1823 4027 2080 4114 collegii
2140 4029 2406 4094 maioris
2463 4027 2807 4116 disponere
2864 4037 3117 4093 tenetur
3175 4036 3238 4092 et
3296 4027 3619 4113 magistris

694 4133 709 4147 ’
777 4124 1066 4192 81118(18111
1110 4123 1364 4210 80118311
1408 4135 1471 4190 81
1510 4125 1783 4191 aliorum
1828 4126 2103 4193 duorum
2139 4125 2559 4214 collegiorum
2612 4150 2737 4215 quo
2782 4126 2868 4193 ad
2910 4127 3106 4193 horas
3148 4125 3526 4212 vigiliarum
3562 4135 3623 4190 et

690 4227 1129 4292 30missarum
1182 4225 1482 4288 intimare
1539 4247 1658 4311 per
1716 4224 2031 4309 cedulam,
2091 4227 2483 4313 praepositis
2543 4225 2817 4292 aliorum
2877 4226 3294 4312 collegiorum
3349 4224 3622 4310 dirigen-

773 4325 941 4392 dam,
1027 4321 1163 4388 Ubi
1220 4324 1275 4386 si
1334 4325 1812 4409 comparuerint
1865 4326 1934 4389 in
1986 4324 2184 4391 choro
2237 4326 2446 4391 sancti
2497 4324 2783 4408 Nicolai,
2837 4328 2904 4391 in
2948 4324 3191 4411 vigiliis
3246 4335 3398 4389 ante
3434 4323 3621 4389 finem

772 4425 968 4513 primi
1022 4423 1321 4489 noctur'ni
1365 4417 1469 4509 [12
1482 4419 1535 4510 ⁸]
1580 4433 1644 4488 et
1684 4424 1751 4487 in
1791 4425 1992 4489 1111888
2034 4424 2384 4511 principali
2437 4423 2890 4492 defunctorum
2942 4435 3092 4491 ante
3148 4422 3513 4511 epistolam,
3565 4432 3624 4487 et

772 4523 1017 4591 ibidem
1074 4521 1584 4610 permanserint,
1638 4523 1708 4586 in
1756 4521 1997 4608 vigilia
2049 4521 2347 4588 adminus
2390 4546 2591 4611 usque
2645 4523 2729 4590 ad
2784 4523 3032 4606 laudes,
3087 4525 3155 4589 in
3211 4524 3429 4588 missis
3474 4544 3622 4587 vero

774 4646 976 4712 usque
1036 4622 1123 4688 ad
1180 4620 1517 4686 silencium
1572 4618 1863 4708 (dempto
1909 4623 2091 4687 exitu
2143 4644 2265 4709 pro
2311 4620 2688 4708 offertorio),
2743 4622 2861 4690 ubi
2920 4610 3189 4708 quilibet
3249 4619 3624 4710 collegiatus

690 4733 756 4790 35
773 4745 1085 4812 praesens
1126 4719 1228 4785 ad
1283 4719 1411 4784 duo
1470 4717 1705 4784 altaria
1762 4720 1993 4786 offerre
2035 4729 2366 4805 ‘teneatur,
2421 4720 2690 4788 habebit
2745 4721 3014 4811 quilibet
3068 4740 3115 4785 x
3162 4736 3246 4806 95.
3308 4721 3623 4808 antiquos.

776 4821 849 4887 Si
891 4831 1107 4887 autem
1151 4829 1493 4906 utrumque
1537 4817 1977 4904 neglexerint,
2034 4820 2286 4886 88111881
2333 4821 2595 4907 vigilias
2645 4831 2708 4886 et
2757 4823 3013 4904 missas,
3067 4819 3228 4885 nihil
3280 4818 3623 4885 habebunt.

937 5087 959 5137 1
1018 5080 1192 5138 Nicht
1237 5080 1459 5154 gezflhlt
1502 5084 1577 5139 im
1615 5083 1895 5158 original,
1937 5103 1999 5142 80
2033 5086 2162 5142 dass
2208 5085 2395 5142 fortan
2429 5085 2520 5141 die
2560 5082 2771 5140 Zahlen
2807 5084 3008 5141 wieder
3040 5084 3624 5141 zusammenstimmen.

932 5169 963 5220 2
1018 5163 1317 5222 Vielleieht
1348 5168 1450 5221 das
1482 5168 1679 5225 11118818
1714 5169 1975 5242 Beispiel,
2021 5170 2150 5226 dass
2186 5171 2285 5226 der
2323 5169 2470 5225 Titel
2519 5168 2888 5225 Professor
2931 5186 3040 5225 von
3089 5168 3265 5226 einem
3304 5169 3516 5227 audem
3548 5169 3627 5225 als

778 5251 956 5307 einem
988 5249 1311 5321 Theologen
1341 5251 1651 5323 gebi-sucht
1685 5254 1837 5309 wird.
