4038 6358
1169 612 1338 664 Dritte
1372 612 1880 664 statutenredaction
1896 647 1911 673 ‚
1943 627 2053 664 von
2094 613 2220 666 14⁷1
2236 613 2496 667 b—1490.
3132 620 3253 683 405

249 787 780 875 magian-alit,
843 799 908 858 et
930 791 1170 858 habeat
1195 793 1262 856 in
1287 796 1564 860 materia
1593 795 2000 884 praescripta
2046 793 2209 862 duas
2244 797 2657 882 quaestiones
2702 803 2770 862 et
2810 793 2940 862 duo
2984 795 3255 885 sophis-

257 896 480 953 mata
498 937 526 971 ‚
587 888 1056 980 disputando
1102 891 1190 958 ad
1226 891 1454 960 horam
1468 943 1487 977 ‚
1514 894 1653 961 -sub
1696 917 1908 984 poena
1957 919 2091 962 non
2151 897 2652 984 computationis
2708 897 2899 962 istius
2958 895 3249 985 disputa-

259 987 537 1072 tionis,
593 989 914 1058 scilieet
953 1002 1090 1058 tam
1126 993 1672 1080 respondentibus
1717 1017 1914 1082 quam
1955 995 2346 1085 disputanti.

1571 1151 1629 1214 6.
1679 1165 1800 1230 v31.
1837 1166 1902 1232 x,
1943 1165 2066 1217 18⁸.

477 1270 646 1362 [Bl.
733 1282 830 1344 14
843 1273 896 1364 b]
976 1277 1140 1344 Item
1199 1275 1450 1364 placuit
1464 1327 1483 1361 ‚
1545 1288 1620 1344 ut
1681 1279 2039 1346 baccalarii
2106 1289 2399 1367 tempore
2460 1279 2907 1366 suspensionis
2974 1279 3249 1348 aliarum
3307 1291 3341 1347 5

281 1373 738 1442 leefionum
795 1378 866 1442 in
906 1375 1134 1442 diebus
1175 1377 1652 1446 canicularibus
1694 1377 1970 1464 legendo
2011 1378 2264 1466 aliquid
2304 1381 2373 1444 in
2415 1380 2846 1466 grammatica
2859 1427 2879 1462 ,
2919 1379 3251 1448 rethorica

285 1483 420 1538 aut
467 1475 558 1540 in
613 1475 1184 1566 eomputualibus
1226 1485 1342 1542 aut
1382 1476 1734 1564 algorismo
1781 1478 2065 1545 debeant
2105 1501 2177 1546 se
2218 1478 2563 1566 diligenter
2598 1480 2985 1546 exercitare.

1583 1635 1640 1694 7.
1680 1647 1801 1714 Vgl.
1845 1649 1910 1712 X,
1953 1649 2073 1701 18¹³.

509 1759 736 1826 Item
787 1758 1032 1848 placet,
1077 1759 1252 1848 quod
1295 1779 1391 1826 xv
1431 1760 1786 1828 baccalarii
1830 1765 2150 1847 seniores,
2193 1762 2425 1830 diebus
2470 1762 2811 1828 dominicis
2851 1763 2921 1826 in
2962 1761 3253 1851 disputa-

311 1861 534 1925 cione
607 1859 1165 1928 baccalariorum
1222 1869 1598 1949 praesentes
1611 1908 1630 1942 ‚
1672 1860 1956 1928 habeant
2001 1862 2273 1950 quilibet
2312 1862 2595 1930 medium
2637 1885 2879 1928 novum
2932 1885 3253 1950 grossum,
3277 1873 3341 1930 10

321 1983 520 2047 quos
569 1958 1028 2026 baccalarius
1069 1959 1406 2048 disputans
1444 1960 1889 2048 praesentabit
1927 1962 2175 2029 eisdem
2217 1962 2445 2030 eodem
2487 1961 2610 2028 die.

1589 2117 1649 2180 8.
1693 2129 1814 2194 νει.
1851 2090 2071 2192 x‚'180.

531 2243 740 2308 Item
787 2243 1058 2332 quilibet
1098 2242 1618 2310 baccalariorum
1657 2244 1728 2308 in
1765 2243 2018 2310 artibus
2066 2253 2316 2310 tenetur
2360 2243 2695 2334 disputare
2736 2245 2807 2309 in
2850 2245 3081 2312 ordine
3124 2269 3258 2331 suo,

345 2353 418 2408 et
469 2344 538 2408 si
591 2346 678 2408 in
731 2343 985 2409 artibus
1022 2367 1152 2410 non
1191 2342 1529 2427 studuerit,
1571 2365 1776 2432 aeque
1814 2347 1884 2410 in
1929 2343 2157 2410 ordine
2199 2367 2317 2410 suo
2358 2354 2613 2410 tenetur
2654 2343 3008 2432 disputare,
3052 2345 3258 2412 donec

341 2441 744 2508 biennium
777 2465 966 2508 suum
1009 2441 1450 2531 compleverit,
1493 2442 1613 2510 sub
1656 2465 1868 2530 poena
1909 2443 2136 2509 decem
2176 2466 2553 2532 grossorum
2594 2444 2840 2511 decano
2885 2444 3255 2534 persolven·
3278 2455 3340 2512 1⁵

360 2539 628 2609 dorum
682 2552 804 2610 aut
845 2545 1078 2610 maiori
1119 2543 1247 2610 sibi
1289 2566 1408 2632 per
1448 2541 1822 2610 facultatem
1864 2542 2193 2610 dictanda.

357 2809 558 2878 VIII.
633 2809 767 2901 [131.
821 2808 964 2900 15⁸]
1037 2810 1532 2898 Subscripta
1586 2809 1889 2876 debent
1934 2811 2103 2899 legi
2141 2810 2818 2878 baccalariandis
2860 2820 3255 2900 tempore

501 2911 1210 3002 dispensationis
1265 2919 1348 2976 et
1400 2917 1770 2996 tempore
1827 2911 2233 2978 introitus
2292 2934 2435 2978 seu
2477 2912 3129 3000 conspeccionis

968 3033 1544 3100 personarum,
1604 3017 1686 3075 et
1723 3009 2125 3076 iurabunt
2174 3011 2693 3099 subscripta.

1605 3202 1664 3263 1.
1705 3214 1830 3279 Vgl.
1865 3216 1944 3277 X,
1991 3215 2044 3267 2.
3268 3206 3341 3265 m

553 3330 734 3398 Item
801 3332 956 3398 libri
1032 3329 1117 3396 ad
1188 3328 1462 3418 gradum
1535 3327 2016 3395 baccalariatus
2098 3339 2281 3397 sunt:
2374 3330 2683 3398 Petrus
2758 3331 3255 3422 Hyspanus,

379 3428 886 3501 Priscianus
955 3433 1250 3515 minor,
1315 3438 1555 3495 vetus
1633 3449 1808 3513 ars,
1883 3431 2291 3518 priorum,
2362 3432 2964 3518 posteriorum,
3026 3431 3251 3499 elen-

389 3554 724 3618 corum,
795 3534 1343 3623 phisicorum‚
1418 3528 1512 3593 de
1575 3530 1884 3614 anima,
1968 3553 2210 3617 spera
2279 3531 2794 3616 materialis,
2864 3531 3253 3599 Donatus

387 3632 697 3718 minor,
750 3630 1119 3701 secunda
1177 3652 1366 3719 pars
1422 3627 1528 3693 vel
1569 3627 1983 3712 Florista,
2043 3628 2537 3716 algorismus
2593 3640 2659 3697 et
2701 3641 3141 3719 computus
3184 3642 3249 3697 et

394 3730 634 3821 aliquis
675 3733 884 3801 liber
926 3735 1012 3800 in
1053 3730 1493 3800 rethorica.
2376 3726 2403 3769 .·
3268 3740 3336 3800 2⁵

959 3920 1018 3982 2.
1071 3932 1166 3981 DE
1208 3929 1595 3979 Ennomus
1633 3928 1730 3977 AD
1773 3926 2064 3977 ananum
2102 3928 2687 3981 BAccAnAnu'rus.

1656 4047 1781 4111 v31.
1819 4048 1888 4111 x,
1922 4048 1971 4100 3.

562 4170 732 4235 Item
782 4164 996 4233 nullus
1056 4164 1248 4231 debet
1306 4162 1564 4229 admitti
1614 4162 1703 4228 ad
1758 4185 2034 4229 examen
2086 4165 2608 4233 baccalariorum
2659 4168 2729 4233 in
2786 4167 3042 4235 artibus
3055 4217 3075 4252 ,
3116 4170 3245 4236 nisi

407 4268 581 4353 prius
629 4268 878 4333 steterit
913 4268 983 4332 in
1025 4262 1364 4331 exerciciis
1406 4265 1476 4329 in
1516 4263 1687 4330 hunc
1729 4262 2026 4329 modum:
2077 4263 2276 4329 semel
2328 4265 2397 4329 in
2451 4268 2675 4352 parvis
2716 4266 3081 4353 loycalibus
3124 4269 3235 4335 ad-

408 4368 650 4451 minus,
691 4366 889 4432 semel
930 4368 1000 4431 in
1041 4365 1430 4451 sophistria,
1473 4364 1577 4430 bis
1618 4365 1688 4428 in
1729 4364 1937 4428 veteri
1977 4378 2151 4447 arte,
2195 4363 2395 4429 semel
2438 4365 2509 4430 in
2548 4388 2721 4432 nova
2778 4364 3002 4454 loyca,
3046 4368 3245 4435 semel
3266 4378 3337 4435 30

409 4466 474 4531 in
508 4468 906 4556 phisicorum
950 4474 1016 4532 et
1055 4464 1252 4531 semel
1307 4466 1378 4529 in
1431 4463 1514 4529 de
1567 4464 1800 4529 anima.
1882 4460 1971 4526 Et
2027 4485 2147 4550 pro
2200 4474 2493 4554 tempore
2544 4488 2673 4532 non
2727 4464 2995 4531 habebit
3048 4466 3241 4553 plura

412 4569 730 4635 exercicia
752 4591 949 4656 quam
977 4566 1125 4649 duo,
1167 4572 1442 4653 excepta
1472 4563 1848 4650 sophistria,
1891 4572 2087 4648 quam
2129 4586 2250 4651 pro
2294 4567 2497 4631 tercio
2540 4564 2783 4631 habere
2824 4567 3083 4653 poterit.

908 4756 967 4817 3.
1025 4766 1119 4814 DE
1167 4766 1365 4815 MODO
1405 4764 1744 4815 AUDIENDI
1783 4763 2176 4813 LEOTIONES
2216 4764 2309 4813 ET
2352 4762 2745 4814 EXERCICIA.

1669 4884 1790 4948 vgl.
1825 4884 1890 4936 X.
1923 4884 1971 4934 6.
2034 4895 2037 4898 '

568 5003 734 5068 Item
762 5000 994 5067 modus
1041 4999 1349 5067 audiendi
1389 4999 1694 5064 lectiones
1737 4999 1859 5064 erit
1897 4998 2070 5082 talis,
2116 4998 2289 5087 quod
2332 4998 2605 5087 quilibet
2644 4999 2916 5067 audiens
2958 5001 3329 5090 aliquam35

417 5100 747 5169 lectionem
786 5124 909 5191 pro
951 5100 1163 5189 gradu
1200 5098 1678 5167 baccalariatus
1717 5106 1969 5165 tenetur
2013 5120 2158 5164 eam
2200 5098 2428 5165 audire
2468 5100 2538 5165 in
2577 5098 2775 5183 libro,
2832 5106 2947 5189 qui
2984 5102 3243 5190 legitur,

421 5224 552 5269 cum
575 5202 949 5289 diligencia,
991 5203 1085 5267 ita
1125 5199 1300 5287 quod
1335 5208 1580 5265 textum
1624 5196 1922 5265 lectionis
1959 5199 2303 5287 proprium
2345 5199 2450 5265 vel
2492 5198 2981 5267 accomodatum
3025 5225 3247 5269 secum

419 5311 698 5393 tempore
737 5301 1032 5369 lectionis
1075 5300 1314 5367 habeat
1368 5308 1672 5387 (possunt
1711 5308 1932 5363 tamen
1970 5298 2099 5364 duo
2143 5306 2257 5364 aut
2294 5308 2425 5365 tres
2468 5299 2555 5365 ad
2606 5300 2965 5367 maximum
3020 5301 3247 5369 eodem
