4038 6358
843 636 923 703 78
1569 700 1578 713 ⁸
1800 638 1901 689 Die
1935 637 2175 690 8101111011
2212 654 2335 690 vom
2370 637 2537 689 Jshrs
2577 643 2718 700 16⁴8,

843 828 907 883 et
948 840 991 883 a
1029 819 1267 906 prioris
1312 819 1641 886 semestris
1681 826 1933 885 rectore
1976 821 2299 907 exigetur.
2369 819 2490 887 Sin
2527 830 2867 887 accusatus
2904 820 3102 887 fuerit
3141 823 3485 888 convictus
3530 821 3711 887 infra

842 927 1099 1006 tempus
1145 941 1347 1006 supra
1387 919 1740 1002 definitum,
1782 928 1935 983 tunc
1979 918 2260 985 deinde¹
2300 930 2517 987 rector
2557 923 2797 1009 prioris
2837 922 3167 988 semestris
3206 944 3351 988 cum
3389 920 3710 988 consilia-

843 1018 961 1083 riis
1005 1019 1140 1083 suis
1181 1020 1603 1106 pronuncciet
1627 1020 1673 1102 ²,
1711 1018 2090 1084 electionem
2130 1019 2369 1085 factam
2406 1020 2661 1087 irritam
2693 1043 2855 1105 esse,
2901 1031 2966 1087 et
3009 1032 3273 1109 postero
3317 1024 3552 1089 statim
3598 1020 3709 1086 die

850 1128 1284 1184 convocentur
1323 1118 1637 1192 universi,
1677 1119 1787 1205 qui
1827 1116 2085 1200 debent,
2128 1117 2216 1184 ad
2235 1118 2261 1161 ³
2300 1118 2500 1185 alium
2535 1131 2854 1187 rectorem
2893 1120 3277 1187 faciendum.
3342 1121 3482 1204 Qui
3520 1128 3706 1186 ante-

790 1226 825 1282 5
848 1240 1041 1306 quam
1078 1219 1202 1282 rite
1238 1217 1451 1283 factus
1491 1218 1688 1284 fuerit
1728 1228 1793 1283 et
1832 1219 2286 1304 magistratum
2326 1221 2562 1304 inierit,
2603 1230 2742 1286 tum
2764 1222 2790 1264 ⁴
2833 1243 3021 1286 omne
3057 1223 3161 1287 ius
3190 1224 3465 1288 rectoris
3490 1242 3708 1309 penes

845 1319 1064 1404 ipsum
1107 1319 1245 1383 erit.
1339 1317 1595 1383 Placuit
1634 1327 1699 1383 et
1738 1317 1864 1383 hoc
1907 1319 2243 1402 constitui,
2284 1342 2366 1383 ne
2404 1329 2620 1385 rector
2659 1322 2728 1385 in
2772 1320 3064 1386 vestibus
3107 1329 3173 1386 et
3214 1331 3449 1387 ornatu
3490 1319 3708 1407 negli-

845 1418 1099 1503 gentior
1141 1418 1252 1499 sit,
1310 1416 1425 1482 sed
1467 1428 1538 1482 ut
1578 1419 1671 1482 ita
1715 1441 1783 1482 se
1825 1428 2042 1505 gerat,
2090 1418 2633 1506 quemadmodum
2675 1419 3061 1486 honoratum
3105 1431 3170 1486 et
3209 1420 3539 1508 dignitate
3574 1422 3705 1485 sin-

843 1515 1058 1602 gulari
1109 1516 1474 1604 praeditum
1529 1518 1740 1582 virum
1796 1540 1918 1605 pro
1977 1518 2439 1585 consuetudine
2496 1530 2862 1607 temporum
2917 1520 3121 1586 decet.
3205 1519 3399 1602 Quod
3443 1522 3506 1586 si
3557 1521 3704 1585 eius

842 1615 1182 1681 facultates
1221 1626 1439 1681 tantae
1462 1639 1589 1682 non
1612 1616 1869 1701 fuerint,
1912 1626 1982 1682 ut
2025 1620 2509 1685 convenientem
2551 1621 2860 1685 vestitum
2902 1643 3140 1708 parare
3184 1621 3308 1687 sibi
3337 1621 3579 1709 possit,
3624 1619 3705 1700 is,

765 1724 829 1780 10
845 1716 898 1780 si
943 1716 1231 1802 petierit,
1298 1714 1561 1802 publica
1603 1718 1877 1804 pecunia
1918 1717 2219 1783 adiuvari
2276 1720 2345 1783 in
2387 1741 2463 1785 eo
2507 1717 2786 1785 debebit.
2870 1719 3095 1785 Nullos
3138 1730 3352 1785 autem
3389 1726 3702 1806 sumptus

846 1825 1057 1880 rector
1098 1824 1286 1879 extra
1327 1814 1618 1880 ordinem
1661 1826 1726 1882 et
1764 1840 1893 1883 non
1936 1840 2282 1909 concessos
2328 1818 2453 1885 sibi
2495 1820 2756 1907 privata
2796 1820 3141 1885 autoritate
3167 1820 3236 1883 in
3261 1818 3546 1885 arbitrio
3582 1839 3701 1882 suo

845 1916 1061 1980 facere
1105 1912 1383 1980 debebit.

1008 2014 1138 2081 Sed
1180 2015 1249 2078 in
1288 2013 1585 2080 faciendo
1624 2024 1945 2082 rectorem
1983 2017 2147 2083 haec
2186 2018 2355 2082 ratio
2398 2016 2786 2085 servabitur.

2097 2218 2306 2283 Caput
2353 2220 2423 2272 11.

761 2360 823 2417 15
1361 2368 1456 2416 DE
1501 2366 1804 2416 RATIONE
1850 2368 2213 2417 SERVANDA
2254 2370 2326 2417 m
2368 2366 2718 2419 FACIENDO
2758 2368 3153 2418 RECTOREM.

1008 2484 1317 2549 Semestri
1361 2484 1609 2550 aestivo
1649 2505 1818 2551 nono
1862 2484 2188 2552 calendas
2227 2484 2410 2573 Maij,
2450 2484 2735 2574 hyemali
2776 2508 2934 2552 vero
2970 2485 3227 2552 decimo
3255 2486 3534 2573 septimo
3563 2484 3693 2551 Ca-

840 2584 1068 2650 lendas
1109 2583 1499 2650 Novembris
1543 2585 1805 2649 comitia
1845 2584 1934 2649 ad
1970 2595 2288 2652 rectorem
2327 2608 2569 2651 novum
2608 2584 2978 2651 faciendum
3033 2583 3463 2650 habebuntur.
3494 2584 3504 2595 '
3554 2584 3693 2651 Ubi

841 2686 1041 2771 igitur
1082 2706 1322 2768 omnes,
1368 2706 1528 2772 quos
1572 2693 1847 2772 oportet,
1892 2687 2328 2767 convenerint,
2367 2695 2523 2750 tunc
2561 2686 2741 2751 natio
2784 2706 3209 2773 unaquaeque
3250 2686 3350 2765 (in
3391 2705 3559 2770 quas
3590 2693 3692 2748 est

840 2795 1063 2851 nostra
1103 2786 1495 2850 universitas
1538 2783 1926 2849 scholastica
1968 2783 2337 2868 distributa,
2382 2807 2652 2850 numero
2697 2789 3002 2872 quatuor)
3060 2784 3358 2870 designet
3398 2806 3484 2849 ex
3540 2806 3692 2848 sese

760 2893 828 2950 20
842 2908 1060 2967 unum,
1103 2885 1207 2949 cui
1249 2883 1510 2973 quidem
1550 2882 1985 2970 designationi
2025 2886 2344 2970 refragari
2370 2887 2612 2951 nemini
2657 2885 2855 2950 licere
2894 2883 3214 2951 volumus.
3280 2884 3374 2948 Hi
3402 2895 3692 2971 quatuor

839 2994 1182 3072 postquam
1231 2984 1465 3049 rectori
1508 2985 1958 3068 promiserint,
2017 2983 2181 3049 nihil
2239 3007 2311 3050 se
2361 2984 2803 3051 fraudulenter
2857 2993 2971 3049 aut
3022 2983 3344 3049 malitiose
3398 2993 3688 3066 acturos,

844 3084 1186 3169 designent
1225 3092 1471 3170 septem
1515 3082 1679 3148 alios
1721 3105 1807 3149 ex
1847 3085 2170 3150 universis
2213 3086 2307 3149 sic
2319 3133 2338 3169 ,
2383 3093 2662 3173 quatuor
2703 3094 2777 3149 ut
2818 3085 2949 3150 sint
2988 3083 3071 3149 de
3108 3082 3481 3149 nationibus
3526 3104 3686 3171 qua·

841 3196 1004 3267 tuor,
1045 3193 1178 3250 tres
1216 3184 1447 3271 reliqui
1489 3183 1571 3248 de
1611 3183 1819 3250 tribus
1858 3185 2254 3269 nationibus,
2298 3206 2556 3273 semper
2595 3187 2957 3273 praeterita
2998 3207 3079 3251 ea
3118 3185 3400 3268 natione,
3444 3182 3530 3248 de
3552 3205 3687 3271 qua

843 3295 1055 3350 rector
1094 3286 1225 3349 iam
1264 3282 1407 3348 fieri
1444 3282 1723 3348 debebit.
1804 3282 1896 3347 Hi
1937 3294 2187 3372 septem
2229 3287 2614 3373 promittant
2652 3294 2718 3350 et
2757 3285 2888 3372 ipsi
2929 3284 3198 3368 rectori,
3256 3282 3555 3349 fraudem
3617 3304 3689 3346 se

756 3394 824 3452 25
842 3394 905 3450 et
949 3383 1263 3450 malitiam
1306 3405 1561 3449 omnem
1600 3384 1918 3448 vitaturos
1956 3406 2099 3449 esse
2116 3433 2135 3469 ,
2179 3396 2375 3472 atque
2411 3388 2505 3451 ita
2557 3384 2901 3472 designent
2954 3384 3115 3450 alios
3166 3384 3476 3470 quinque,
3521 3404 3685 3469 quo-

838 3505 982 3550 rum
1025 3487 1155 3550 sint
1190 3493 1467 3570 quatuor
1508 3482 1590 3547 de
1630 3482 2001 3549 nationibus
2043 3494 2336 3570 quatuor,
2378 3488 2638 3574 quintus
2680 3495 2896 3551 autem
2939 3484 3021 3551 de
3047 3484 3162 3550 illa
3186 3485 3469 3566 natione,
3513 3503 3687 3570 quae

842 3587 912 3650 in
947 3583 1370 3671 designandis
1412 3593 1661 3670 septem
1704 3585 2059 3671 praeterita
2101 3585 2240 3650 fuit.
2319 3583 2410 3651 Hi
2452 3587 2836 3674 promittant
2874 3586 3134 3669 rectori,
3184 3605 3254 3650 se
3298 3583 3460 3648 nihil
3501 3580 3686 3647 aliud

842 3686 910 3749 in
948 3683 1227 3750 creando
1267 3706 1438 3749 novo
1478 3692 1729 3749 rectore
1771 3695 2067 3771 spectare
2104 3684 2272 3750 velle
2312 3706 2505 3771 quam
2548 3685 2789 3751 bonum
2818 3684 3150 3773 publicum
3187 3692 3252 3748 et
3276 3683 3684 3750 conditiones

845 3805 1046 3873 supra
1069 3786 1337 3871 positas,
1380 3793 1575 3871 atque
1612 3784 1707 3849 ita
1746 3786 1880 3849 suis
1925 3785 2254 3871 suffragiis
2296 3794 2613 3853 rectorem
2653 3807 2894 3851 novum
2934 3785 3196 3850 faciant.
3262 3781 3473 3864 Quem
3513 3783 3683 3848 fece·

762 3894 831 3951 ³0
846 3887 1007 3968 rint,
1066 3886 1122 3949 is
1172 3892 1384 3949 rector
1441 3884 1882 3950 universitatis
1924 3886 2051 3950 rite
2091 3886 2301 3951 factus
2345 3891 2500 3951 esto.
2582 3885 2729 3967 Quo
2782 3888 3115 3972 negotium
3156 3894 3371 3949 autem
3413 3882 3682 3971 expedi-

852 3988 981 4051 tius
1025 3983 1404 4070 proficiatur
1419 4031 1438 4066 ,
1481 3984 1694 4050 visum
1748 3994 1848 4050 est
1889 3985 2241 4072 praefinire
2280 3995 2534 4073 tempus
2592 3984 3149 4072 designationibus
3190 3986 3323 4049 iam
3364 3984 3685 4071 praescri-

849 4085 977 4171 ptis
1012 4082 1285 4169 singulis
1309 4082 1538 4148 horam
1549 4086 1591 4165 ⁵,
1632 4082 1805 4149 ultra
1831 4083 2007 4171 quod
2039 4086 2319 4172 spatium
2345 4086 2844 4173 quotiescunque
2870 4085 3236 4172 designatio
3261 4082 3687 4172 unaqualibet

850 4191 1187 4273 protracta
1229 4183 1441 4265 fuerit,
1487 4184 1677 4246 toties
1718 4181 2169 4269 designatores
2214 4184 2303 4249 ad
2342 4185 2648 4252 mulctam
2689 4185 3068 4250 solvendam
3110 4194 3483 4267 teneantur,
3527 4203 3683 4269 qua-

845 4296 992 4351 tuor
1033 4281 1290 4372 quidem
1333 4282 1599 4347 florinos
1638 4283 1927 4369 integros
1945 4284 1992 4347 θ.
2078 4283 2276 4366 Quod
2317 4286 2374 4349 si
2415 4286 2907 4373 unusquispiam
2956 4286 3323 4350 recessione
3384 4304 3502 4347 sua
3554 4280 3683 4346 ele·

763 4393 830 4453 35
845 4388 1123 4452 ctionem
1166 4380 1597 4470 impediverit,
1640 4381 1727 4447 ab
1766 4404 1845 4447 eo
1884 4384 2092 4450 multa
2129 4385 2505 4450 florinorum
2549 4384 2823 4450 duorum
2865 4386 3177 4471 exigitor,
3216 4406 3411 4471 quam
3458 4384 3516 4448 si
3558 4381 3684 4447 sol-

843 4508 996 4553 vere
1039 4482 1335 4566 noluerit,
1377 4480 1855 4549 animadversio
1877 4485 1899 4525 ⁷
1941 4485 2011 4551 in
2054 4507 2199 4550 eum
2237 4485 2508 4550 rectoris
2550 4493 2615 4549 et
2655 4486 2909 4552 consilii
2948 4483 3155 4550 libero
3197 4493 3371 4550 voto.

982 4741 1004 4792 1
1043 4735 1203 4790 Etwa
1236 4742 1346 4789 mm
1375 4733 1625 4789 denam!

976 4827 1008 4878 2
1047 4820 1228 4892 Vogel
1266 4818 1508 4874 schreibt
1533 4816 1894 4889 prominent.

980 4909 1011 4960 3
1047 4903 1227 4974 Vogel
1260 4901 1504 4958 schreibt
1532 4908 1643 4955 aas.

981 4996 1012 5044 4
1047 4989 1182 5042 Man
1211 4987 1284 5041 ist
1318 4985 1577 5042 versucht
1607 4987 1665 5040 in
1698 4985 1901 5041 diesem
1935 4986 2133 5042 Worte
2178 4987 2338 5043 einen
2373 4987 2574 5044 Fehler
2616 5006 2688 5044 zu
2733 4988 3057 5045 vermuthen
3103 4990 3223 5044 und·
3260 5005 3322 5044 es
3370 4989 3546 5044 durch
3592 4991 3683 5045 eiu

849 5075 1094 5142 anderes,
1122 5078 1266 5128 etwa
1297 5073 1525 5140 tamdia,
1553 5087 1624 5124 zu
1655 5075 1918 5127 ersetzen.

981 5165 1012 5213 5
1046 5155 1418 5213 Geschrieben
1450 5153 1596 5209 steht
1627 5156 1806 5224 annis,
1842 5172 1954 5210 was
1987 5156 2187 5218 keinen
2222 5157 2358 5211 Sinn
2393 5157 2562 5228 giebt.
2620 5156 2917 5215 Vielleicht
2945 5176 3110 5213 unam
3140 5160 3347 5214 horam.

982 5247 1015 5296 6
1048 5239 1420 5297 Geschrieben
1454 5237 1600 5294 steht
1621 5239 1828 5307 florini
1863 5241 2079 5310 intem-i.
2150 5241 2397 5313 Moglich
2429 5245 2571 5297 wiire
2604 5240 2747 5296 auch
2780 5242 2882 5297 der
2911 5242 3138 5299 Genitiv
3165 5245 3512 5313 flou-imorum.

986 5332 1014 5382 7
1053 5325 1214 5379 Etwa
1245 5324 1747 5378 animadvertatur!
1778 5324 1912 5378 oder
1938 5325 2284 5396 relinquatur
2318 5341 2406 5380 am
2442 5324 2599 5381 Ende
2635 5327 2732 5381 des
2768 5326 3003 5384 Satzes?
