4038 6358
1315 647 1415 697 Dte
1449 644 1686 697 stanton
1722 657 1847 695 vom
1882 644 2050 697 Jahre
2093 645 2237 699 1543.
3070 647 3193 712 299

1597 865 1743 915 Lex
1778 865 1984 916 XIIX.

539 984 725 1049 Nemo
767 990 919 1048 ante
978 977 1274 1046 sumendi
1317 979 1447 1046 cibi
1486 988 1785 1066 tempora
1842 980 1912 1044 in
1966 980 2439 1046 communitatis
2490 977 2813 1063 conclave,
2871 1001 2992 1046 nec
3043 979 3191 1045 ullis

384 1086 532 1152 aliis
566 1079 954 1169 temporibus
994 1081 1062 1144 in
1091 1078 1307 1163 cellas,
1351 1079 1631 1145 culinam
1671 1078 1927 1167 aliaque
1965 1078 2110 1145 loca
2139 1078 2414 1165 collegii,
2456 1081 2523 1144 in
2556 1079 2786 1167 quibus
2815 1079 2974 1144 nihil
2999 1079 3194 1143 fuerit

380 1183 551 1271 quod
585 1180 941 1247 necessario
990 1188 1164 1264 agat,
1220 1200 1362 1244 sese
1402 1179 1659 1264 ingerat
1706 1188 1771 1244 et
1824 1202 1902 1244 ea
1953 1179 2206 1245 curiose
2258 1188 2370 1243 aut
2409 1178 2795 1264 vagabunde
2851 1189 3195 1266 perrepteu

378 1306 509 1349 neu
542 1280 901 1369 praeposito
951 1276 1100 1343 cibo
1147 1276 1519 1365 praebendo
1562 1277 1930 1344 familiaeve
1984 1279 2192 1365 ipsius
2242 1277 2544 1344 molestus
2604 1279 2703 1346 sit.
2780 1276 2910 1358 Qui
2948 1278 3195 1362 fecerit,
3243 1287 3277 1342 5

378 1379 623 1470 singula
660 1381 725 1448 in
765 1378 891 1446 hoc
929 1399 1166 1464 genere
1209 1375 1447 1442 delicta
1488 1377 1759 1464 singulis
1802 1378 2051 1464 grossis
2092 1377 2242 1444 luat.

1602 1546 1750 1595 Lex
1784 1546 1942 1596 xlx.

538 1663 693 1731 Cum
734 1663 988 1749 signum
1037 1659 1298 1751 prandii
1351 1681 1715 1748 coenaeque
1763 1659 1986 1723 datum
2033 1659 2254 1743 suerit,
2315 1662 2707 1727 introeuntes
2762 1663 2830 1726 in
2889 1661 3194 1728 conclave

378 1764 829 1831 communitatis
889 1761 1036 1826 lotis
1095 1760 1394 1827 manibus
1452 1757 1914 1846 expectabunt,
1971 1758 2124 1824 dum
2182 1759 2266 1824 ad
2323 1762 2555 1826 ostium
2612 1760 2879 1827 sedendi
2942 1762 3196 1847 signum

378 1864 588 1929 datum
626 1862 834 1944 fuerit,
897 1884 976 1926 ac
1013 1870 1153 1925 tum
1196 1862 1333 1925 sine
1375 1858 1649 1924 tumultu
1692 1861 2030 1946 capiteque
2071 1860 2311 1926 nudato
2366 1860 2574 1926 locum
2617 1859 2743 1925 sibi
2783 1859 3191 1946 designatum
3217 1870 3277 1925 10

379 1963 634 2051 quisque
677 1963 906 2048 capiet,
958 1958 1278 2047 psalmum
1321 1981 1361 2023 a
1404 1957 1659 2044 legente
1714 1958 1950 2042 audiet,
2008 1961 2362 2026 orationem
2407 1960 2798 2025 dominicam
2851 1968 2915 2025 et
2966 1982 3193 2046 preces

375 2073 633 2144 ceteras,
685 2061 879 2125 tacite
928 2067 1230 2147 precatus
1284 2061 1444 2146 ipse,
1499 2057 1839 2145 diligenter
1879 2058 2284 2141 auscultabit,
2342 2061 2509 2125 inter
2550 2058 2998 2148 prandendum
3041 2082 3193 2148 quo-

375 2183 502 2247 que
539 2159 1007 2226 coenandumve
1049 2160 1243 2224 etiam
1285 2157 1558 2241 silentiO,
1599 2158 1755 2246 quid
1795 2157 2069 2245 legatur,
2114 2159 2423 2226 attendet.

1633 2328 1775 2379 Lex
1811 2329 1936 2378 XX.

534 2443 725 2509 Nemo
779 2441 865 2507 ad
920 2441 1208 2506 men‘sam
1267 2461 1669 2507 communem
1723 2439 2157 2508 studiosorum
2198 2441 2513 2507 bonarum
2567 2442 2800 2508 artium
2845 2453 3188 2510 extraneos
3214 2451 3276 2509 15

379 2555 446 2609 et
496 2542 775 2608 indoctos
819 2540 1112 2607 adducet.
1192 2540 1324 2622 Qui
1378 2540 1574 2606 alium
1625 2540 1983 2607 studiosum
2030 2541 2114 2606 ad
2170 2540 2585 2630 quotidianas
2639 2542 2861 2629 epulas
2916 2544 3194 2608 invitare

378 2642 658 2728 voluerit,
714 2642 772 2707 si
819 2640 1000 2706 locus
1063 2637 1255 2705 alicui
1307 2663 1448 2706 esse
1502 2641 1766 2726 poterit,
1821 2638 2034 2704 facere
2091 2642 2150 2705 ei
2203 2640 2327 2706 hoc
2380 2641 2790 2724 concedatur,
2848 2641 3194 2707 dummodo

382 2731 493 2830 pro
533 2741 782 2829 hospite
823 2738 1228 2805 dimidiatum
1283 2761 1582 2826 grossum
1636 2738 1848 2804 solvat
1896 2741 2289 2828 praepositO.
2369 2741 2568 2822 Idem,
2627 2742 2682 2805 si
2722 2750 2975 2827 patrem
3031 2742 3194 2827 quisi,

380 2843 631 2907 fratrem
670 2840 1184 2928 propinquumve
1226 2839 1424 2905 alium
1470 2848 1584 2904 aut
1623 2838 2002 2925 popularem
2047 2862 2234 2905 suum
2278 2839 2730 2906 adducendum
2776 2839 2862 2905 ad
2907 2861 3196 2905 mensam

384 2962 770 3007 communem
814 2939 1164 3028 putaverit,
1208 2947 1516 3004 servetur.
3216 2946 3285 3005 20

1606 3086 1763 3158 'Lex
1799 3107 1961 3159 xxi

535 3222 983 3291 constituendi
1025 3224 1095 3287 in
1138 3221 1409 3308 singulis
1448 3221 1811 3287 mensibus¹
1855 3222 2110 3309 singuli,
2151 3223 2263 3310 qui
2290 3232 2605 3289 vocantur
2650 3224 2955 3306 seniores,
2999 3223 3201 3287 maxi·

386 3346 629 3411 mopere
689 3323 794 3388 vel
859 3324 1097 3388 artium
1159 3321 1572 3387 baccalaurei
1632 3320 1737 3386 vel
1805 3321 2046 3409 alioqui
2109 3322 2432 3408 gravioris
2493 3330 2684 3386 notae
2744 3323 3028 3387 iuvenes.
3110 3321 3199 3386 Hi

387 3424 582 3488 cibum
639 3424 964 3509 attingant
1023 3422 1303 3510 primum
1361 3419 1804 3509 modestiaque
1859 3432 1923 3485 et
1978 3422 2211 3486 decoro
2265 3430 2576 3508 praeeant
2630 3419 2805 3502 aliis,
2862 3422 3197 3506 castigent,

386 3533 688 3607 moneant,
726 3523 1069 3605 minentur,
1115 3519 1506 3604 denuntient,
1550 3522 1606 3585 si
1647 3520 1803 3607 quid
1843 3543 1884 3585 a
1926 3521 2157 3587 ceteris
2199 3522 2609 3587 commissum
2646 3518 3027 3607 intelligant.
3215 3528 3281 3584 25

1596 3691 1734 3740 Lex
1776 3690 1974 3741 XXII.

534 3805 595 3871 A
637 3804 962 3893 precibus,
1006 3801 1451 3886 benedictione
1494 3811 1558 3868 et
1598 3804 1956 3890 gratiarum
2001 3805 2254 3870 actione
2295 3805 2616 3869 neminem
2657 3801 3029 3886 liberamuS,
3086 3803 3202 3869 sed

388 3929 423 3970 a
460 3906 599 3973 cibo
639 3903 903 3971 ferendo
947 3905 1229 3970 seniores
1271 3902 1441 3969 solos
1495 3905 1817 3968 exemtos²
1855 3904 2148 3969 facimus.
2229 3903 2427 3991 Apud
2479 3902 2780 3969 ostiolum
2832 3905 3202 3992 patinarum

388 4004 897 4094 accipiendarum
937 4004 1178 4093 spaciis
1225 4004 1320 4068 sic
1361 4002 1599 4071 distent
1640 4001 1940 4090 dapiferi,
1983 4025 2065 4069 ne
2109 4013 2328 4069 mutuo
2369 4005 2748 4093 impingant.

1580 4172 1724 4222 Lex
1760 4152 2000 4224 xxm.
3218 4179 3286 4236 3ο

537 4288 717 4355 Ordo
757 4286 930 4353 idem
972 4287 1058 4352 sit
1098 4284 1623 4373 accipiendarum
1676 4287 2047 4372 patinarum
2091 4297 2153 4352 et
2194 4287 2751 4375 reportandamm,
2795 4287 2906 4373 qui
2935 4309 3198 4375 ‘mensa-

386 4412 534 4472 rum,
588 4398 652 4453 et
693 4387 864 4454 absit
904 4387 1262 4458 concitatus
1314 4386 1602 4450 incessus
1645 4395 1710 4449 et
1748 4387 1989 4452 vitetur
2035 4388 2242 4452 omnis
2285 4390 2541 4454 omnino
2583 4386 2926 4452 indecorus
2972 4395 3198 4451 motus.

1589 4553 1729 4603 Lex
1765 4554 1983 4605 XXIV.

536 4670 757 4735 Vorax
809 4670 939 4735 ista
994 4676 1057 4735 et
1114 4663 1339 4756 lupina
1388 4666 1714 4755 rapacitas
1761 4667 2067 4735 vescendi
2124 4676 2187 4734 et
2240 4670 2505 4754 quaevis
2565 4666 2958 4756 deglutiendi
3002 4688 3196 4755 aegre

386 4768 701 4859 prohiberi
740 4777 954 4858 potest
994 4766 1170 4855 apud
1208 4767 1565 4856 plerosque.
1625 4766 1907 4831 Prosunt
1948 4776 2166 4833 tamen
2205 4767 2597 4834 hortationes
2641 4766 2817 4855 apud
2859 4767 3079 4849 bonos,
3130 4776 3280 4833 et35

387 4894 503 4938 non
544 4892 692 4936 raro
733 4866 1038 4936 studiosis
1076 4868 1146 4932 in
1182 4876 1459 4932 mentem
1500 4868 1766 4932 veniunt
1804 4866 2093 4932 salubres
2137 4868 2508 4951 sententiae,
2565 4868 2671 4954 pie
2719 4873 3071 4950 monentes,
3129 4875 3200 4931 ut

388 4970 763 5038 continentia
806 4978 999 5055 atque
1041 4966 1342 5034 decorum
1380 4968 1450 5032 in
1490 4967 1667 5033 victu
1707 4967 1880 5033 omni
1921 4975 2309 5054 praestetur.

541 5242 566 5292 1
602 5233 764 5291 Doch
796 5232 940 5289 wohl
975 5232 1211 5287 mensis!

541 5326 573 5377 2
608 5316 981 5378 ooeohrieben
1011 5315 1158 5373 steht
1188 5323 1423 5373 emortua
