4038 6358
830 606 959 669 592
1865 606 1966 657 Die
2002 606 2374 657 medicinische
2407 606 2662 659 Facultit.

1012 792 1112 854 43.
1167 785 1328 852 Item
1376 786 1747 853 conclusum
1791 788 1912 854 fuit
1951 789 2179 855 eadem
2224 790 2429 854 tercia
2479 788 2645 854 feria
2700 799 2853 875 post
2901 789 3243 855 Invocavit
3291 811 3411 877 per
3466 809 3692 854 omnes

844 885 1143 953 doctores
1185 885 1509 951 facultatis
1553 885 1944 971 medicinae,
1987 888 2161 974 quod
2218 887 2445 953 doctor
2491 886 2754 954 alterius
2812 889 3141 954 facultatis
3197 888 3425 955 volens
3480 889 3689 1004 recipi

846 984 931 1051 ad
985 985 1359 1051 facultatem
1419 984 1778 1052 medicinae
1827 987 2018 1054 huius
2081 988 2550 1070 universitatis,
2596 989 2651 1052 si
2707 998 2805 1053 est
2854 987 3260 1054 baccalarius
3302 987 3501 1053 huius
3556 990 3691 1052 uni·

850 1086 1198 1168 versitatis,
1240 1094 1494 1150 tenetur
1536 1084 1693 1150 dare
1735 1104 1836 1151 ΧΠ
1874 1086 2154 1155 florenos
2200 1109 2504 1152 renenses
2550 1089 2618 1152 in
2662 1110 2820 1153 auro
2864 1087 3242 1154 doctoribus
3292 1086 3376 1153 de
3420 1086 3689 1153 consilio

761 1194 794 1249 5
849 1183 1178 1249 facultatis
1243 1184 1624 1249 medicinae.
1732 1183 1800 1249 Si
1868 1197 2083 1252 autem
2154 1209 2282 1251 non
2342 1198 2439 1251 est
2501 1185 2910 1252 baccalarius
2977 1187 3165 1253 huius
3225 1188 3733 1269 universitatia«

844 1293 1096 1349 tenetur
1140 1284 1297 1349 dare
1342 1302 1510 1349 xvnl
1554 1283 1834 1350 florenos
1890 1306 2196 1351 renenses
2255 1286 2322 1350 in
2377 1307 2535 1351 auro
2593 1286 2967 1353 doctoribus
3020 1286 3103 1353 de
3164 1286 3439 1353 consilio
3496 1286 3686 1351 facul·

843 1384 996 1448 tatis
1045 1383 1456 1450 medicinae.¹

1013 1606 1115 1668 44.
1168 1599 1331 1665 Item
1372 1599 1779 1665 concorditer
1823 1601 2195 1668 conclusum
2245 1603 2367 1667 fuit
2422 1624 2540 1689 per
2594 1600 2890 1667 doctores
2951 1601 3279 1669 facultatis
3334 1599 3692 1666 medicinae

854 1722 1023 1765 anno
1082 1702 1182 1764 m⁰
1225 1698 1860 1787 quadringentesimo
1914 1704 2336 1789 nonagesimo
2392 1701 2498 1766 die
2566 1703 2775 1767 sancti
2828 1700 3180 1767 Clementis
3248 1704 3449 1783 (1490
3493 1705 3551 1765 d.
3595 1704 3692 1769 23.

769 1810 831 1864 10
850 1803 1228 1882 November),
1271 1797 1446 1884 quod
1485 1800 1554 1862 in
1595 1799 1879 1865 futurum
1920 1800 2133 1866 nullus
2178 1801 2513 1867 doctorum
2555 1800 2821 1866 audebit
2873 1823 3081 1890 neque
3137 1822 3220 1865 ex
3262 1823 3380 1866 suo
3426 1800 3691 1888 proprio

851 1897 1117 1964 consilio
1165 1922 1235 1963 se
1277 1900 1702 1963 intermittere
1744 1898 1824 1964 de
1868 1903 2171 1966 examine
2212 1900 2453 1987 leprosi
2497 1912 2611 1966 aut
2650 1901 2935 1988 suspecti
2974 1922 3096 1987 pro
3137 1899 3349 1988 lepra,
3394 1900 3523 1964 nisi
3568 1899 3691 1985 sig·

847 2008 1064 2063 netum
1116 1997 1443 2063 facultatis
1500 1997 1860 2064 medicinae
1919 1999 2210 2065 obtineat
2262 2022 2344 2064 ex
2398 2000 2621 2065 favore
2683 1998 3018 2065 doctorum
3074 1997 3156 2064 de
3209 1999 3516 2081 consilio,
3572 1996 3693 2063 sub

847 2119 1056 2185 poena
1095 2097 1488 2163 exclusionis
1533 2119 1573 2161 a
1614 2097 1881 2163 consilio
1923 2099 2251 2164 facultatis
2309 2111 2372 2164 et
2414 2101 2858 2185 suspensionis
2903 2098 2989 2163 ad
3030 2110 3164 2165 tres
3207 2121 3445 2183 annos,
3514 2101 3570 2162 si
3611 2095 3693 2162 ad

848 2195 1220 2261 facultatem
1267 2197 1647 2284 speraverit,
1693 2195 1808 2261 tali
1850 2210 2039 2264 extra
2083 2197 2417 2265 consilium
2461 2198 2631 2264 aduc
2670 2201 3003 2265 existente.

775 2663 833 2719 15
952 2673 1002 2723 2.
1056 2672 1180 2722 DIE
1216 2670 1599 2723 STATUTEN
1641 2672 1796 2723 VOM
1830 2672 2067 2725 JAHRE
2119 2672 2263 2730 1503,
2306 2671 2435 2721 MxT
2473 2661 3262 2722 ZUSATZBESCHLUSSEN
3302 2668 3415 2722 BIS
3453 2667 3598 2720 UMS

2062 2755 2250 2806 JAHR
2294 2753 2468 2806 1520.²

1340 2866 1464 2955 [Bl.
1503 2865 1589 2957 1⁸]
1641 2888 1848 2936 mssa
1895 2886 2367 2937 srA'rn'roanu
2408 2885 2843 2935 FACULTATIS
2886 2887 3212 2935 mmmm.

858 3017 977 3108 [Bl.
1022 3016 1124 3106 2⁸]
1194 3017 1529 3084 Statuta
1584 3019 2034 3085 facultatis
2097 3018 2556 3087 medicinae
2619 3019 2855 3086 huius
2919 3020 3174 3086 studii
3231 3020 3691 3108 Lipsiensis,

856 3141 1039 3226 prius
1082 3147 1230 3204 ante
1273 3135 1474 3202 multa
1517 3145 1813 3224 tempora
1857 3137 2015 3202 satis
2071 3137 2331 3202 confuse
2388 3147 2453 3202 et
2507 3136 2873 3204 inordinate
2896 3139 2921 3181 ³
2980 3138 3232 3226 posita,
3278 3138 3543 3225 saepius
3582 3137 3691 3201 im·

773 3240 1256 3325 20pertinenter
1300 3239 1627 3323 repetita,⁴
1670 3238 1736 3301 in
1778 3236 2103 3302 volumine
2146 3247 2532 3302 statutorum
2577 3236 2926 3324 descripta,
2971 3260 3141 3304 anno
3175 3243 3353 3320 1503,
3397 3236 3504 3302 die
3546 3258 3693 3301 vero

858 3335 1110 3401 decima
1149 3337 1390 3400 mensis
1434 3334 1591 3399 Maii
1639 3342 1716 3412 (d.
1761 3343 1852 3406 10.
1896 3340 2059 3410 Mai)
2105 3334 2190 3399 ad
2240 3333 2527 3401 debitum
2574 3335 2865 3402 ordinem
2906 3337 3175 3402 redacta
3219 3347 3369 3401 sunt
3408 3346 3475 3401 et
3516 3357 3691 3400 reno-

857 3447 1040 3519 vata,
1098 3435 1374 3524 deinque
1443 3458 1562 3522 per
1626 3433 1961 3520 collegium
2026 3434 2363 3500 doctorum
2424 3435 2714 3500 eiusdem
2775 3435 3100 3502 facultatis
3163 3457 3307 3500 cum
3372 3433 3693 3501 nonnullis

860 3535 1006 3601 aliis
1065 3534 1507 3622 superadditis
1558 3533 1878 3600 conclusis
1922 3545 1986 3600 et
2028 3535 2285 3599 statutis
2328 3533 2839 3620 racionabiliter,
2896 3533 3382 3602 contradicente
3422 3536 3692 3616 nemine,

859 3634 1246 3725 approbata.

780 3812 848 3869 25
1037 3800 1354 3867 Statuta
1419 3801 2000 3865 concernencia
2071 3798 2449 3865 decanum
2514 3799 3038 3889 doctoresque
3106 3800 3539 3867 facultatis

1651 3898 2103 3966 medicinae
2152 3909 2229 3965 et
2270 3922 2535 3966 eorum
2579 3900 2912 3966 officia.5

2259 4057 2309 4117 1.

1032 4166 1342 4234 Facultas
1385 4167 1745 4233 medicinae
1786 4165 2029 4232 habere
2073 4164 2265 4231 debet
2307 4166 2644 4251 decanum,
2688 4169 2801 4253 qui
2844 4168 2930 4233 sit
2974 4168 3206 4249 senior,
3253 4167 3323 4231 in
3364 4167 3527 4231 ista⁶
3568 4188 3675 4230 um

868 4270 1179 4335 versitate
1219 4277 1552 4354 promotus
1597 4274 1708 4331 aut
1746 4273 2137 4353 assumptus,
2162 4263 2249 4330 ad
2289 4266 2661 4333 facultatem
2705 4266 2990 4332 eiusdem
3026 4267 3492 4332 universitatis.
3578 4264 3701 4346 Qui

1042 4454 1060 4504 1
1101 4449 1298 4504 Dieser
1332 4465 1511 4520 ganze
1545 4446 1874 4519 Paragraph
1911 4447 1985 4502 ist
2018 4444 2124 4502 auf
2152 4446 2249 4502 der
2282 4445 2580 4518 folgenden
2613 4446 2763 4504 Seite
2796 4446 3051 4503 wortlich
3086 4445 3407 4503 wiederholt
3444 4448 3547 4503 mit
3572 4447 3701 4503 Hin-

868 4534 1160 4607 zufiigung
1192 4533 1291 4588 der
1325 4529 1653 4587 Jahreszahl
1687 4531 1878 4601 (1471).

1038 4624 1068 4672 2
1107 4617 1190 4672 Im
1231 4614 1483 4687 original
1531 4614 1791 4670 erhalten.
1864 4614 2315 4685 vgl.Urkund1.
2356 4615 2588 4681 Quellen
2642 4613 2698 4673 S.
2756 4620 2871 4671 880
2955 4614 3155 4672 Leider
3199 4630 3429 4686 vei-mag
3480 4614 3573 4669 ich
3621 4615 3706 4670 die

868 4721 917 4759 a.
946 4720 996 4758 a.
1027 4700 1090 4758 Ο.
1128 4700 1184 4757 S.
1212 4706 1308 4758 885
1343 4706 1505 4755 unter
1537 4700 1620 4756 IV
1656 4700 1709 4753 A
1751 4705 1791 4767 1,
1827 4703 1857 4754 2
1892 4716 1946 4753 u.
1982 4703 2013 4754 4
2053 4701 2167 4756 und
2203 4699 2252 4754 B
2290 4705 2320 4755 2
2358 4698 2727 4770 angefuhrten
2762 4697 3185 4771 gleichzeitigen
3212 4697 3574 4754 Abschriften
3610 4698 3703 4752 mit

869 4787 1232 4846 correcturen
1265 4785 1379 4840 und
1413 4786 1822 4854 Aenderungen
1871 4783 2031 4839 nieht
2061 4801 2130 4839 zu
2165 4783 2528 4855 vergleichen‚
2575 4783 2650 4838 da
2684 4783 2844 4839 beide
2877 4780 3313 4840 Handschriften
3350 4782 3457 4838 seit
3490 4782 3702 4854 einigeu

872 4872 909 4928 J
914 4871 1083 4927 ahten
1120 4870 1330 4941 verlegt
1363 4869 1504 4927 sind.
1574 4869 1683 4924 Die
1717 4867 2069 4939 Bezifferung
2101 4869 2200 4924 der
2234 4866 2631 4939 Paragraphen
2666 4868 2742 4922 ist
2773 4884 2882 4923 von
2915 4868 3036 4924 mir.

1044 4959 1074 5011 3
1112 4953 1248 5008 Man
1282 4951 1591 5025 vergleiche
1625 4952 1717 5008 die
1750 4951 2280 5023 Aufeinanderfolge
2318 4951 2417 5006 der
2450 4951 2847 5023 Paragraphen
2880 4952 2940 5007 in
2976 4953 3083 5007 den
3118 4952 3269 5008 alten
3304 4948 3579 5007 Statuten.

1040 5045 1074 5095 4
1109 5035 1470 5110 Ungehiirige
1489 5036 2000 5108 Wiederholungen
2024 5035 2209 5092 finden
2248 5033 2366 5090 sich
2393 5035 2662 5106 wirklieh,
2698 5036 2810 5110 vgl.
2849 5055 2896 5094 z.
2931 5035 2995 5092 B.
3032 5036 3091 5091 in
3124 5037 3232 5092 den
3268 5035 3418 5091 alten
3458 5034 3710 5094 statuten

877 5141 947 5180 zu
981 5127 1012 5191 ξ
1048 5126 1130 5192 43,
1172 5121 1353 5178 fei-ner
1384 5121 1474 5177 die
1509 5121 1836 5178 Beschliisse
1870 5139 1978 5177 von
2022 5127 2057 5187 ξ
2085 5124 2157 5176 ’32
2195 5134 2283 5188 an,
2320 5137 2371 5175 u.
2412 5137 2460 5175 v.
2499 5137 2550 5175 a.

1050 5214 1080 5262 5
1120 5205 1494 5263 Geschrieben
1528 5205 1679 5262 steht
1700 5206 1908 5278 factat.
1941 5208 2076 5261 med.
2113 5209 2226 5261 erst
2258 5203 2441 5260 hinter
2475 5206 2691 5277 officia.

1050 5296 1083 5349 6
1117 5290 1303 5365 Vei-gl.
1342 5289 1483 5346 oben
1520 5287 1574 5347 S.
1616 5296 1698 5362 25,
1737 5296 1759 5346 1
1800 5308 1853 5345 u.
1886 5291 2049 5345 Anm.
2095 5296 2139 5361 1,
2169 5289 2280 5345 und
2317 5287 2372 5346 S.
2413 5293 2533 5361 313,
2563 5293 2627 5346 24
2662 5304 2716 5346 u.
2751 5289 2916 5348 Anm.
2957 5293 3001 5346 1.
