4038 6358
879 536 1002 605 366
1862 535 1965 587 me
2002 536 2445 601 philosophi-0110
2481 536 2740 590 suniat.

1475 723 1535 783 7.
1570 734 1667 782 DE
1704 732 2102 785 merlonus
2139 732 2704 787 Exumm'ronmr
2739 734 2878 785 PER
2918 732 3216 786 sommi.

1040 849 1206 914 Item
1259 846 1346 913 ad
1407 847 1834 915 claudendum
1874 851 2049 916 viam
2087 851 2497 938 quarundam
2539 853 2981 940 suspicionum
3024 850 3238 939 placet
3254 900 3274 934 ,
3330 862 3404 918 ut
3458 854 3715 923 inantea

883 949 1361 1014 examinatores
1428 971 1546 1035 per
1617 957 1856 1014 sortem
1921 950 2265 1037 eligantur.
2345 953 2422 1018 In
2488 975 2619 1042 qua
2675 960 2849 1018 sorte
2908 961 3082 1016 stare
3135 961 3435 1018 tenentur
3486 955 3722 1041 singuli

885 1048 1184 1134 magistri
1227 1046 1308 1113 de
1328 1046 1596 1114 consilio
1633 1046 1958 1114 facultatis
2001 1049 2071 1115 in
2109 1052 2534 1118 universitate
2557 1061 2831 1139 prottmc
2859 1050 3201 1116 actualiter
3236 1064 3719 1139 commorantes,

798 1156 833 1215 5
888 1147 1011 1214 sub
1054 1169 1267 1235 poena
1307 1148 1644 1213 carenciae
1685 1147 2268 1235 emolimentorum‚
2323 1174 2491 1238 quae
2545 1152 2706 1240 ipsis
2748 1172 2867 1241 pro
2911 1149 3139 1217 eadem
3199 1152 3345 1218 vice
3405 1173 3487 1217 ex
3539 1165 3721 1240 parte

880 1248 1172 1315 nacionis
1217 1270 1259 1313 a
1299 1246 1758 1336 promovendis
1801 1259 2070 1337 possent
2108 1253 2472 1339 provenire.

1701 1438 1761 1501 8.
1798 1449 1894 1498 nn
1936 1450 2394 1501 mono-nome
2435 1449 3006 1501 emarcum

1047 1582 1237 1665 Item,
1280 1592 1353 1648 ut
1394 1582 1634 1647 caritas
1677 1591 1741 1647 et
1767 1584 2065 1651 amicicia
2092 1584 2261 1650 inter
2293 1583 2641 1670 magistros
2672 1604 2747 1648 eo
2791 1581 3072 1669 amplius
3115 1579 3456 1664 habeatur,
3500 1581 3720 1669 placet,

877 1693 952 1749 ut
1007 1682 1089 1748 de
1131 1690 1346 1747 cetero
1389 1700 1610 1747 omnes
1650 1682 2075 1768 promovendi
2126 1685 2193 1748 in
2235 1682 2487 1749 artibus
2537 1705 2578 1747 a
2633 1682 2968 1768 magistris
3024 1691 3532 1769 promoveantur
3587 1706 3722 1771 pro·

803 1793 868 1850 10
886 1786 1071 1871 priae
1124 1780 1432 1847 nacionis.
1515 1779 1617 1846 Sit
1670 1790 1888 1847 tamen
1937 1784 2379 1870 unusquisque
2432 1781 2600 1849 liber
2642 1780 2730 1848 ad
2771 1779 3139 1867 eligendum
3181 1804 3263 1847 ex
3307 1780 3436 1846 hiis
3449 1831 3469 1866 ,
3520 1804 3723 1870 quem·

879 1903 1138 1970 cunque
1179 1902 1299 1968 pro
1346 1902 1461 1945 suo
1501 1879 1783 1947 voluerit
1823 1892 2215 1970 promotore.
2247 1883 2267 1924 ¹

1639 2069 1696 2133 9.
1749 2081 1845 2131 DE
1888 2082 2189 2132 Picenum
2229 2083 2468 2132 mmm
2510 2080 3074 2132 Psono'romsus.

1052 2197 1214 2263 Item
1230 2246 1249 2281 ,
1315 2204 1388 2262 ut
1452 2198 1940 2285 promocionum
2003 2199 2075 2263 in
2143 2198 2392 2264 artibus
2461 2206 2769 2265 consueta
2826 2220 2959 2265 non
3020 2197 3192 2264 desit
3250 2206 3364 2263 aut
3407 2196 3724 2264 decrescat

894 2297 1287 2380 solemnitas,
1330 2295 1564 2388 placet,
1608 2306 1681 2362 ut
1721 2295 1993 2384 quilibet
2034 2297 2511 2384 promovendus
2550 2300 2620 2364 in
2662 2297 2932 2382 artibus,
2976 2298 3035 2362 si
3064 2297 3151 2362 sit
3175 2295 3722 2379 baccalariandus,

804 2409 867 2465 15
887 2397 1048 2464 duos
1062 2447 1081 2480 ,
1110 2396 1182 2461 'si
1222 2419 1377 2462 vero
1422 2395 1907 2483 magistrandus
1929 2446 1946 2480 ,
1993 2406 2269 2486 quatuor
2314 2395 2595 2464 florenos
2633 2398 2704 2462 in
2745 2419 2904 2464 auro
2946 2407 3238 2484 tempore
3282 2419 3442 2463 suae
3485 2419 3720 2485 promo·

885 2498 1088 2563 cionis
1147 2494 1232 2560 ad
1297 2495 1673 2562 cathedram
1728 2518 1844 2562 suo
1912 2495 2022 2562 det
2080 2498 2450 2587 promotori.
2539 2496 2672 2563 Sed
2727 2498 2785 2562 si
2843 2495 2999 2584 quid
3065 2516 3149 2562 ex
3209 2495 3543 2582 legalitate
3613 2519 3721 2583 pro

883 2598 1125 2664 honore
1186 2616 1301 2661 suo
1368 2593 1472 2660 vel
1525 2595 1820 2661 nacionis
1877 2610 2350 2683 supererogare
2391 2596 2782 2681 decreverit,
2839 2592 2996 2662 suae
3036 2595 3424 2684 relinquitur
3464 2595 3721 2661 arbitrio

884 2696 1255 2763 voluntatis.
1333 2692 1422 2758 Et
1473 2693 1597 2760 hoc
1648 2693 1730 2760 de
1786 2692 2176 2761 habentibus
2242 2695 2662 2783 intelligatur.
2742 2695 2939 2762 Hunc
2979 2706 3192 2762 autem
3235 2705 3501 2783 reputat
3540 2694 3722 2760 facul·

883 2804 987 2863 tas
1028 2794 1375 2861 habentem
1390 2843 1410 2878 ,
1466 2795 1579 2881 qui
1621 2816 1750 2860 non
1794 2795 2067 2861 servivit
2121 2817 2244 2860 nec
2284 2796 2355 2860 in
2397 2792 2742 2865 serviendo
2783 2794 3041 2863 addidit
3081 2804 3147 2861 et
3186 2795 3513 2882 signetum
3555 2794 3720 2861 rede-

794 2903 865 2962 20
886 2896 1004 2963 mit
1043 2892 1385 2961 facultatis.

1238 3084 1334 3146 10·
1390 3094 1483 3142 DE
1525 3094 2071 3143 DISTRIBUTIONE
2115 3066 2458 3144 PECUMA‘E
2502 3094 2734 3144 DATAE
2774 3096 2819 3145 A
2859 3092 3378 3147 Pnouovmmls.

1049 3229 1214 3294 Item
1256 3227 1343 3294 ad
1383 3228 1697 3295 maiorem
1736 3227 2041 3294 unionem
2084 3228 2546 3314 magistrorum
2587 3227 2977 3296 firmandam
3019 3228 3238 3317 placet
3254 3279 3274 3315 ,
3325 3239 3398 3295 ut
3439 3231 3714 3317 pecunia,

887 3349 1058 3416 quae
1103 3326 1188 3393 ad
1249 3327 1627 3394 cathedram
1689 3348 1731 3392 a
1788 3326 2248 3414 promovendis
2313 3326 2655 3393 exhibetur
2670 3377 2690 3412 ,
2761 3329 2831 3393 in
2888 3327 3176 3416 qualibet
3232 3329 3512 3396 nacione
3573 3331 3716 3396 inter

881 3425 1230 3515 magistros
1269 3427 1352 3495 de
1395 3425 1664 3494 consilio
1723 3424 2051 3492 facultatis
2096 3426 2456 3515 aequaliter
2499 3426 2846 3494 dividatur.

797 3616 866 3676 25
1469 3618 1565 3677 11.
1620 3626 1715 3674 DE
1757 3625 2271 3677 DISPUTATIONE
2322 3625 2674 3676 ExERclcn
2715 3615 3239 3679 METAPffl'schE.

1049 3758 1247 3842 Item,
1292 3759 1446 3845 quia
1485 3760 1718 3824 notitia
1754 3757 2309 3847 methaphisicalis
2352 3760 2569 3847 primo
2612 3769 2676 3826 et
2718 3761 3169 3848 principaliter
3210 3762 3491 3850 gradum
3535 3766 3710 3851 magi·

888 3858 1203 3942 stralem2,
1246 3857 1479 3946 placet,
1523 3868 1596 3925 ut
1636 3860 1899 3924 inantea
1942 3859 2335 3924 exercicium
2377 3858 2887 3947 methaphisicae
2932 3861 3204 3948 singulis
3247 3865 3437 3929 annis
3479 3887 3528 3930 a
3559 3866 3710 3952 prin·

888 3958 1058 4048 cipio
1100 3980 1305 4046 usque
1361 3957 1448 4024 ad
1488 3957 1681 4023 finem
1722 3958 1791 4023 in
1831 3959 2256 4024 universitate
2286 3981 2326 4023 a
2355 3957 2888 4025 vicecancellario
2913 3982 3034 4048 pro
3058 3971 3351 4050 tempore
3394 3966 3708 4030 constituto

885 4056 1281 4144 disputetur-3
1341 4057 1517 4145 quod
1571 4067 1721 4145 post
1787 4058 2022 4123 festum
2082 4054 2367 4145 paschae
2432 4057 2692 4124 inchoet
2756 4068 2821 4123 et
2875 4058 2961 4124 ad
3001 4061 3412 4148 apercionem
3454 4064 3706 4152 proximi

801 4165 871 4223 30
886 4158 1329 4245 temptaminis
1371 4157 1699 4224 continuet
1741 4155 2118 4244 diligenter3
2163 4180 2283 4245 pro
2321 4180 2446 4245 quo
2479 4179 2660 4223 more
2703 4157 2889 4225 solito
2937 4157 3207 4246 quilibet
3251 4163 3704 4249 magistrandus

889 4256 1100 4323 solvat
1137 4262 1177 4322 2
1218 4258 1398 4342 flor.;
1462 4257 1682 4344 ipsum
1736 4255 1911 4342 quod
1972 4277 2013 4321 a
2068 4257 2393 4344 principio
2446 4256 2533 4323 ad
2588 4256 2781 4322 finem
2840 4260 3066 4325 audiat
3116 4259 3423 4328 studiose.
3507 4262 3627 4329 Sed
3659 4263 3704 4328 si

883 4358 1028 4446 quis
1075 4355 1488 4423 audiencium
1510 4379 1581 4423 se
1612 4356 2018 4444 temptamini
2055 4355 2456 4424 summittere
2488 4354 2770 4422 voluerit
2806 4357 2923 4424 illa
2961 4360 3128 4444 vice,
3173 4359 3283 4426 det
3323 4361 3701 4428 medietatem

882 4468 1108 4545 pastus
1123 4505 1143 4540 ,
1190 4457 1247 4523 si
1284 4457 1482 4523 fuerit
1520 4455 1930 4539 insolvend03
1973 4466 2038 4522 et
2078 4457 2137 4521 si
2182 4453 2332 4521 talis
2374 4477 2545 4522 anno
2589 4455 2845 4524 evoluto
2891 4482 2962 4525 se
3006 4460 3291 4525 examini
3336 4464 3700 4527 summittere

878 4555 1155 4623 voluerit
1197 4566 1312 4625 aut
1353 4556 1716 4624 decreverit
1730 4605 1750 4640 ,
1818 4553 1929 4622 det
1982 4553 2176 4628 aliam
2217 4554 2629 4622 medietatem
2675 4564 2703 4624 1
2750 4556 2974 4625 floren.
3029 4560 3560 4627 vicecancellario
3596 4583 3697 4649 pro

795 4666 862 4725 35
878 4665 1171 4743 tempore
1211 4657 1535 4726 existenti.

940 5131 962 5182 1
1002 5126 1112 5181 Am
1147 5125 1365 5181 Raude:
1417 5141 1529 5179 non
1553 5124 1742 5195 placet
1769 5123 2110 5195 simpliciter.

935 5214 967 5267 2
1005 5209 1083 5264 Es
1122 5209 1262 5266 fehlt
1296 5210 1400 5264 das
1433 5207 1679 5265 Verbum
1708 5209 1950 5280 respicit,
1987 5226 2032 5263 s.
2073 5211 2244 5262 unten
2278 5206 2336 5261 in
2368 5207 2491 5265 dem
2527 5209 2813 5268 Entwurfe
2845 5225 2954 5267 von
2994 5215 3138 5270 1446.
