4038 6358
850 624 965 690 180
1924 627 2035 676 Das
2078 640 2266 691 grosse
2307 627 2518 692 Colleg.

1288 810 1389 872 25.
1427 822 1522 870 DE
1568 823 1792 871 PARTE
1837 824 2183 874 rucuma:
2227 824 2732 875 mms'rsonun
2771 821 3189 874 asumma.

1003 938 1167 1002 Item
1227 937 1561 1004 absentiae
1618 940 2079 1025 magistrorum
2140 939 2379 1005 debent
2429 942 2656 1004 venire
2714 963 2836 1028 pro
2899 938 3193 1025 collegio,
3252 938 3470 1003 donec
3537 931 3750 999 colle-

840 1037 1019 1123 gium
1064 1036 1364 1102 habuerit
1405 1060 1601 1102 unam
1644 1037 1748 1103 vel
1793 1037 1955 1104 duas
2001 1039 2259 1121 bursaS,
2319 1062 2447 1126 qua
2489 1038 2715 1104 habita
2754 1039 2859 1104 vel
2903 1038 3138 1126 quibus
3179 1036 3419 1102 habitis
3475 1035 3577 1100 de
3625 1032 3750 1098 ab·

841 1137 1049 1201 sentia
1087 1137 1278 1201 unius
1328 1137 1413 1202 ad
1468 1160 1771 1220 mensem,
1832 1161 2074 1204 annum
2115 1137 2220 1203 vel
2283 1139 2476 1221 ultra,
2535 1140 2730 1204 tertia
2788 1161 2943 1228 pars
2985 1138 3207 1202 veniat
3247 1136 3332 1201 ad
3367 1137 3630 1204 fiscum
3680 1143 3752 1196 et

757 1244 790 1299 5
843 1237 1036 1301 tertia
1075 1259 1230 1323 pars
1275 1260 1394 1326 pro
1435 1237 1685 1302 familia
1728 1240 2053 1304 communi
2095 1237 2380 1303 tenenda
2422 1248 2489 1304 et
2529 1238 2850 1324 reliquum
2907 1261 3026 1324 pro
3070 1238 3215 1325 ipso
3273 1236 3591 1314 absente,
3658 1233 3749 1297 de

843 1357 973 1421 qua
1010 1336 1204 1401 tertia
1247 1334 1499 1401 solvere
1541 1346 1796 1403 tenetur
1839 1361 1958 1424 pro
2007 1360 2124 1403 suo
2170 1336 2482 1421 scholare,
2529 1341 2582 1404 si
2625 1360 2816 1426 quem
2857 1340 2927 1403 in
2970 1337 3239 1423 collegio
3285 1335 3577 1400 dimisit.

1427 1509 1525 1571 26.
1566 1521 1660 1569 m:
1705 1521 2036 1570 TEMPORE
2080 1523 2465 1572 ABSENTIAE
2509 1522 3031 1571 mels'rnossum.

1010 1635 1174 1701 Item
1218 1635 1485 1724 quilibet
1526 1635 1906 1723 collegiatus
1951 1648 2168 1726 potest
2208 1637 2414 1704 libere
2455 1637 2744 1726 quolibet
2799 1635 3012 1703 medio
3071 1659 3241 1702 anno
3289 1635 3474 1700 exire
3523 1631 3740 1698 colle-

837 1734 1016 1820 gium
1076 1758 1196 1823 per
1241 1760 1439 1802 unum
1498 1758 1815 1821 mensem3
1873 1738 2039 1805 alias
2093 1737 2310 1804 nullus
2353 1747 2568 1824 potest
2623 1760 2692 1803 se
2736 1736 3082 1803 absentare
3125 1758 3167 1800 a
3209 1733 3490 1820 collegio
3543 1731 3740 1797 ultra

761 1843 1126 1901 lomensem
1169 1837 1309 1901 sine
1351 1835 1621 1922 speciali
1661 1834 1924 1902 licentia
1966 1836 2241 1924 collegii,
2287 1838 2407 1902 sub
2450 1859 2660 1924 poena
2699 1837 3112 1923 privacionis.
3170 1834 3261 1900 Et
3301 1836 3355 1899 si
3403 1833 3492 1898 ad
3541 1855 3738 1896 men·

839 1956 996 2016 sem,
1054 1957 1296 2000 annum
1336 1933 1440 2000 vel
1483 1935 1655 2000 ultra
1694 1936 1929 2021 aliquis
1972 1937 2113 2004 vult
2163 1936 2406 2003 habere
2461 1936 2811 2020 licentiam,
2868 1947 3119 2001 tenetur
3160 1956 3429 1999 causam
3473 1931 3733 1996 absen-

836 2035 968 2097 tiae
1023 2056 1241 2100 coram
1299 2033 1569 2120 collegio
1622 2037 2024 2123 exprimere,
2084 2037 2440 2103 secundum
2498 2039 2680 2102 cuius
2739 2036 3300 2121 legittimationem
3356 2032 3734 2117 collegium

839 2132 1026 2198 dabit
1065 2133 1192 2198 sibi
1234 2133 1560 2198 licentiam
1601 2135 1956 2201 secundum
1997 2145 2253 2223 tempus
2297 2137 2568 2223 petittun
2608 2136 2714 2201 vel
2769 2137 3165 2217 restrictius3
3225 2143 3290 2198 et
3335 2155 3466 2198 non
3511 2131 3730 2198 debet

836 2231 1103 2319 procedi
1149 2232 1236 2298 ad
1293 2232 1563 2299 alicuius
1605 2237 2039 2322 privationem
2055 2284 2073 2319 ,
2135 2237 2262 2301 nisi
2322 2244 2471 2302 ante
2527 2238 2612 2300 sit
2665 2237 2946 2301 monitus
3004 2236 3278 2298 termino
3334 2241 3514 2298 certo
3585 2229 3724 2295 sibi

760 2341 820 2395 15
841 2339 1111 2396 asserto.

866 2702 963 2765 27.
1002 2716 1097 2763 DE
1140 2714 1332 2765 Novo
1377 2716 1673 2766 erANs
1722 2719 2129 2772 coLLEGmM
2171 2721 2380 2770 mmm
2424 2719 2762 2780 QUANTUM
2806 2716 3079 2766 TEMPUS
3119 2716 3472 2764 recum
3517 2714 3667 2762 PRO

1645 2819 1973 2869 EXEUNTE
2018 2821 2390 2871 maronam:
2436 2819 2826 2869 Tamarus.

1001 2931 1193 2997 Anno
1241 2936 1397 2999 1419
1441 2931 1500 2996 d.
1546 2938 1603 3002 8.
1648 2932 1807 3023 Maij
1858 2934 1961 3001 die
2018 2936 2210 3001 lunae
2250 2936 2316 3000 in
2361 2935 2820 3022 praepositura
2863 2932 2954 2997 M.
2993 2930 3268 2997 Luberti
3308 2930 3573 2996 Starten
3619 2928 3704 2994 de

837 3030 1187 3117 Osnabrug
1251 3030 1653 3116 conclusum,
1717 3034 1890 3122 quod
1950 3034 2352 3124 peramplius
2412 3033 2495 3098 de
2553 3056 2722 3099 novo
2775 3036 3027 3098 intrans
3097 3030 3435 3120 collegium
3503 3029 3704 3095 debet

752 3130 1008 3196 20infra
1050 3132 1327 3218 primum
1372 3131 1663 3219 quartale
1693 3135 1887 3221 primi
1933 3137 2088 3201 anni
2131 3134 2311 3224 apud
2351 3136 2800 3222 praepositum
2837 3130 3097 3219 collegii
3140 3130 3468 3220 deponere
3510 3130 3702 3218 quin-

837 3230 1043 3295 decim
1086 3231 1365 3297 florenos
1408 3254 1714 3299 renenses
1759 3234 1845 3299 ad
1891 3248 2262 3324 computum
2308 3258 2428 3322 pro
2474 3234 2677 3300 bursa
2731 3232 3045 3300 solvenda
3086 3255 3204 3320 per
3248 3230 3535 3296 medium
3585 3252 3698 3295 an-

833 3353 986 3394 num
1033 3353 1151 3419 pro
1198 3353 1267 3396 se
1309 3341 1371 3396 et
1412 3354 1530 3418 pro
1578 3332 1872 3399 scholare
1912 3358 2033 3400 suo
2079 3337 2206 3409 (sic
2248 3345 2483 3418 tamen,
2531 3334 2700 3423 quod
2744 3357 2864 3421 per
2893 3331 3231 3398 dimidium
3260 3354 3522 3413 annum,
3568 3351 3696 3418 quo

834 3432 901 3495 in
945 3428 1216 3512 collegio
1262 3450 1570 3517 praesens
1612 3433 1752 3515 fuit,
1811 3433 1892 3498 de
1937 3434 2252 3501 absentiis
2293 3437 2778 3521 magistrorum,
2830 3432 2884 3497 si
2929 3433 3038 3520 qui
3084 3430 3385 3496 absentes
3427 3432 3695 3512 fuerint,

834 3528 994 3593 nihil
1037 3529 1327 3613 habeat),
1390 3553 1549 3617 quos
1592 3530 1870 3598 florenos
1912 3533 2089 3599 idem
2133 3537 2548 3623 praepositus
2601 3536 2821 3599 statim
2869 3530 3056 3596 dabit
3111 3534 3373 3595 exeunti
3413 3528 3521 3594 vel
3582 3552 3693 3595 suo

749 3638 816 3693 25
837 3630 1272 3716 procuratori,
1332 3631 1387 3695 si
1433 3631 1656 3695 exiens
1701 3636 2249 3720 praepositaverit
2289 3636 2359 3700 in
2402 3635 2706 3721 collegio3
2751 3641 2815 3697 et
2856 3632 2911 3697 si
2953 3653 3082 3696 non
3127 3632 3691 3718 praepositaverig

835 3725 1018 3792 dabit
1073 3726 1279 3792 solum
1321 3751 1556 3795 novem
1606 3730 1884 3798 florenos
1924 3755 2261 3818 renenses3
2318 3735 2648 3800 residuum
2696 3756 2852 3800 vero
2898 3732 3313 3820 praepositus
3357 3752 3479 3816 pro
3526 3730 3690 3795 utili·

832 3836 967 3892 tate
1009 3826 1265 3913 collegii
1307 3829 1412 3894 vel
1459 3832 1927 3916 magistrorum
1970 3832 2393 3921 dispensabit.

1062 3998 1159 4063 28.
1198 4012 1292 4059 ms:
1335 4012 1711 4063 minumus
1754 4016 2153 4067 mmounms
2193 4019 2288 4067 An
2331 4017 2684 4067 nummu
2721 4017 2795 4065 m
2838 4017 3061 4067 srusA
3099 4016 3428 4065 mamm.

996 4126 1186 4192 Anno
1236 4133 1393 4195 1420
1449 4128 1511 4193 d.
1566 4135 1621 4197 2.
1661 4130 1949 4197 Ianuarii
2008 4130 2380 4197 conclusum
2440 4130 2559 4197 sub
2613 4132 2703 4196 M.
2742 4132 2922 4197 Petri
2959 4131 3240 4217 Wegwy
3284 4131 3366 4197 de
3409 4131 3683 4197 Premis·

747 4236 817 4292 ³0
838 4224 1014 4291 lavia
1060 4228 1538 4313 praepositura,
1591 4229 1764 4317 quod
1808 4230 2019 4296 nullus
2065 4230 2457 4295 scholarium
2507 4232 2769 4297 inantea
2829 4253 2943 4297 seu
2997 4233 3064 4296 in
3119 4232 3407 4296 futurum
3453 4230 3684 4297 debeat

834 4326 1035 4412 figere
1082 4326 1221 4390 sive
1264 4376 1276 4390 .
1322 4377 1334 4391 .
1378 4378 1391 4391 .
1435 4331 1481 4391 .¹
1530 4329 1868 4396 candelam
1910 4331 1996 4396 ad
2039 4331 2354 4418 parietem
2397 4329 2637 4396 ‘stubae
2686 4332 3077 4415 interiorem,
3131 4353 3252 4395 nec
3291 4331 3474 4395 exire
3515 4331 3682 4397 fene-

836 4436 1006 4491 stras
1058 4447 1178 4490 nec
1218 4426 1464 4492 intrare
1504 4450 1621 4494 nec
1658 4429 1979 4516 frangere,
2027 4430 2147 4495 sub
2190 4453 2398 4518 poena
2440 4431 2767 4496 carentiae
2810 4431 2938 4496 cibi
2982 4453 3100 4518 per
3145 4452 3342 4495 unam
3384 4432 3680 4518 septima-

830 4547 1016 4608 nam3
1074 4534 1138 4589 et
1194 4520 1476 4593 secunda
1516 4530 1658 4592 vice
1717 4528 1959 4595 faciens
2003 4529 2388 4596 excludatur
2441 4554 2482 4597 a
2540 4529 2812 4620 collegio
2867 4533 3007 4596 sine
3065 4529 3337 4596 alicuius
3385 4531 3680 4618 magistri

833 4623 1221 4690 defensione.

745 4785 812 4841 35
1354 4780 1454 4842 29.
1508 4794 1602 4842 DE
1647 4796 1975 4846 TEMPORE
2017 4798 2609 4848 cnauwsm‘rum
2654 4797 3089 4848 cumsnmn'r.

989 4907 1152 4973 Item
1192 4908 1581 4994 conclusum,
1639 4912 1813 4999 quod
1854 4913 2124 5000 quilibet
2166 4914 2616 4981 cerevisiarius
2661 4936 2780 5001 pro
2820 4925 3113 5002 tempore
3154 4914 3446 4981 existens
3490 4915 3676 4981 debet

824 5016 1151 5174 ffimpmrg
1208 5008 1591 5173 cei-evisiam
1652 5035 1771 5099 per
1832 5013 2128 5099 quartale
2190 5015 2343 5081 anni
2405 5015 2472 5079 in
2538 5012 2765 5080 ordine
2825 5037 2973 5098 suc,
3041 5012 3161 5079 sub
3223 5016 3672 5103 praepositura

898 5155 915 5171 .
992 5128 1051 5172 o.
1154 5130 1273 5173 zac
1319 5158 1333 5173 .

985 5312 1004 5363 1
1046 5306 1417 5365 Geschrieben
1451 5304 1599 5362 steht
1632 5306 1757 5363 lere.
