4038 6358
781 549 821 612 8
1661 543 1763 594 Dis
1797 541 2160 594 Reformation
2198 556 2321 593 vom
2359 543 2523 594 Jahre
2566 545 2707 592 1438.

784 736 886 794 tus
930 735 1042 793 aut
1084 725 1416 792 consimile
1458 726 1731 793 assumit
1787 735 1850 791 et
1903 745 1972 791 se
2026 724 2335 790 transfert
2387 723 2471 790 de
2526 735 2753 792 nostra
2804 724 3229 790 universitate
3280 721 3365 788 ad
3422 718 3693 784 locum

783 826 1055 892 eundem
1066 875 1085 910 ,
1150 825 1324 890 illico
1389 824 1624 891 debeat
1675 848 1825 891 suus
1877 823 2057 891 locus
2110 825 2181 890 in
2230 825 2652 891 universitate
2704 833 2931 890 nostra
2984 845 3223 888 vacare
3283 817 3693 909 praedicta

784 935 850 992 et
900 949 1042 991 esse
1094 927 1390 1012 privatus
1448 923 1711 991 sallario
1772 947 1889 991 suo
1943 926 2093 1011 ipso
2151 924 2345 990 facto.
2426 923 2621 990 Ratio
2670 924 2915 1010 quippe
2955 920 3369 1004 contradicit,
3450 928 3547 984 ut
3610 917 3693 980 in

783 1035 1007 1091 nostra
1045 1025 1469 1090 universitate
1510 1047 1628 1112 pro
1669 1047 1747 1090 eo
1785 1022 2121 1089 sallarium
2164 1022 2451 1089 solvatur
2467 1073 2487 1109 ,
2554 1033 2623 1090 ut
2656 1025 2864 1089 eciam
2911 1021 3071 1088 alibi
3110 1020 3232 1089 sub
3276 1031 3477 1087 certo
3536 1015 3693 1082 sal-

735 1136 766 1190 5
786 1124 951 1190 lario
1008 1123 1290 1190 officium
1347 1121 1608 1210 aliquod
1660 1133 1876 1189 teneat
1930 1132 1995 1188 et
2037 1146 2158 1210 pro
2210 1134 2481 1211 utroque
2528 1123 2791 1190 sallario
2844 1123 3205 1188 satisfaciat
3262 1117 3693 1205 utrobique.

785 1224 858 1290 Si
915 1246 1073 1290 vero
1127 1224 1298 1289 iusta
1353 1245 1551 1289 causa
1609 1234 1674 1287 et
1725 1223 2045 1310 legittima
2098 1221 2470 1288 absenciam
2528 1221 2799 1288 alicuius
2848 1223 3139 1310 ipsorum
3202 1223 3437 1306 exigat
3506 1239 3693 1282 cum

786 1322 1202 1406 discretione,
1247 1321 1372 1388 sibi
1414 1344 1493 1387 ea
1532 1345 1662 1388 non
1710 1322 2084 1408 denegetur.
2188 1322 2501 1390 Cessante
2544 1344 2797 1409 quoque
2844 1344 3041 1388 causa
3082 1320 3435 1386 absenciae
3494 1337 3691 1382 suae

788 1422 1005 1489 statim
1048 1430 1418 1504 moneatur,
1477 1433 1548 1486 ut
1603 1421 1776 1487 infra
1819 1431 2067 1488 certum
2119 1422 2465 1488 terminum
2508 1420 2763 1488 redeatt
2826 1443 2953 1509 quo
2994 1419 3183 1508 lapso
3230 1421 3285 1486 si
3327 1439 3689 1485 reversus

791 1544 921 1588 non
965 1521 1178 1604 fuerit,
1224 1522 1309 1586 sit
1347 1521 1643 1608 privatus
1681 1522 1826 1608 ipso
1871 1521 2065 1586 facto,

711 1631 774 1688 10
953 1621 1117 1688 Item
1158 1621 1486 1704 volumus,
1533 1620 1870 1686 statuimus
1914 1629 1979 1685 et
2019 1620 2393 1688 ordinamus
2407 1670 2426 1703 ‚
2468 1630 2539 1686 ut
2580 1622 2647 1686 in
2690 1629 3067 1708 perpetuum
3110 1621 3343 1686 futuris
3384 1629 3686 1705 tempo-

787 1721 968 1787 ribus
1015 1743 1267 1808 semper
1312 1719 1392 1785 de
1435 1721 1710 1786 triennio
1753 1720 1822 1784 in
1863 1722 2210 1787 triennium
2245 1725 2315 1787 in
2346 1721 2651 1787 facultate
2684 1721 2933 1785 arcium
2961 1720 3042 1786 de
3085 1719 3373 1807 quolibet
3410 1718 3685 1805 dispu-

787 1830 957 1886 tetur
997 1822 1067 1885 in
1112 1819 1384 1906 collegio
1425 1829 1647 1886 nostro
1689 1820 1957 1903 maiori,
2013 1821 2128 1887 ubi
2168 1823 2377 1886 eciam
2416 1821 2713 1887 decetero
2754 1818 3225 1907 disputationes
3264 1819 3409 1884 fieri
3460 1816 3685 1882 volu-

788 1943 932 1985 mus
972 1918 1336 1986 ordinarias
1349 1969 1368 2002 ,
1409 1928 1478 1984 ut
1521 1941 1638 2006 per
1676 1927 1888 1984 actum
1933 1919 2114 1985 illum
2159 1920 2577 2008 sollempnem
2626 1929 3049 1985 exerceantur
3089 1919 3385 2006 magistri
3430 1918 3681 1986 iunio-

790 2042 900 2086 res
939 2042 1017 2084 ac
1055 2020 1124 2083 in
1165 2017 1483 2084 studendo
1509 2017 1865 2084 reddantur
1895 2018 2363 2107 diligentiores.
2430 2019 2898 2107 Astringuntur
2932 2018 3228 2104 equidem
3268 2041 3388 2106 per
3419 2027 3681 2084 actum

714 2129 774 2185 15
795 2118 976 2184 illum
1017 2117 1105 2183 ad
1149 2117 1594 2205 occupandum
1635 2141 1705 2184 se
1743 2121 1812 2184 in
1851 2123 2109 2207 punctis
2151 2118 2625 2202 subtilioribus,
2668 2140 2751 2184 ne
2762 2169 2781 2202 ,
2824 2119 2979 2184 dum
3020 2120 3188 2184 inter
3230 2117 3393 2184 alies
3431 2117 3677 2201 magi-

795 2227 962 2284 stros
993 2216 1253 2305 publice
1296 2217 1510 2283 audiri
1555 2217 2047 2306 compellantur,
2092 2219 2208 2286 ubi
2249 2219 2527 2306 gloriam
2561 2229 2879 2308 quaerunt
2924 2218 3367 2285 confusionem
3410 2238 3677 2305 repor-

791 2326 929 2383 tent
967 2326 1030 2382 et
1069 2318 1513 2404 ignominiam.

954 2417 1118 2482 Item
1159 2415 1474 2500 volumus,
1520 2419 1860 2484 statuimus
1901 2427 1966 2484 et
2008 2417 2404 2501 ordinamus,
2448 2418 2622 2508 quod
2663 2427 2937 2507 quatuor
2978 2419 3275 2485 nationes
3320 2418 3675 2484 universi-

794 2518 947 2582 tatis
985 2525 1246 2581 nostrae
1298 2517 1636 2602 praefatae
1691 2517 1932 2605 eligere
1973 2517 2255 2584 debeant
2308 2527 2584 2604 quatuor
2628 2517 2924 2589 doctores
2968 2527 3081 2582 aut
3118 2519 3469 2604 magistros
3486 2567 3509 2600 ,
3578 2515 3675 2580 de

712 2626 780 2682 20
799 2615 1086 2703 qualibet
1135 2617 1396 2682 natione
1447 2639 1673 2699 unum,
1733 2617 2095 2704 profectum
2152 2619 2593 2684 universitatis
2654 2616 3027 2704 diligentes,
3095 2625 3161 2682 et
3216 2617 3310 2682 illi
3362 2627 3675 2703 quatuor

795 2725 907 2781 aut
949 2716 1042 2780 eis
1073 2715 1458 2801 surrogandi
1501 2715 1895 2804 singularius
1937 2726 2199 2800 statuta,
2245 2718 2315 2781 in
2348 2717 2637 2804 collegiis
2682 2740 2797 2782 seu
2826 2726 3015 2782 extra
3044 2716 3237 2800 edita,
3281 2739 3447 2803 quae
3482 2738 3669 2782 non·

793 2836 1123 2900 nunquam
1155 2814 1555 2902 praeiudicia
1581 2815 1910 2900 inducunt,
1951 2816 2295 2903 diligenter
2324 2818 2652 2905 respicere
2680 2827 2745 2882 et
2784 2819 2851 2882 in
2891 2817 3186 2883 omnibus
3223 2815 3670 2883 facultatibus

799 2914 885 2981 ad
931 2913 1328 3000 singulorum
1371 2913 1732 3001 legencium
1785 2915 2262 3003 negligenciam
2322 2927 2387 2981 et
2428 2915 2747 2982 defectum
2806 2916 3091 2985 studiose
3143 2917 3484 2982 advertere
3540 2915 3665 2980 de·

797 3013 971 3079 bent.
1057 3011 1186 3094 Qui
1227 3023 1532 3100 quatuor,
1579 3015 1870 3081 crebrius
1913 3015 2105 3082 simul
2148 3019 2479 3083 constituti
2494 3067 2513 3100 ,
2553 3026 2795 3082 statuta
2837 3015 3205 3081 huiusmodi
3251 3016 3466 3082 debite
3512 3037 3663 3081 non

715 3123 782 3181 25
801 3112 1106 3181 differant
1147 3123 1558 3202 perscrutare
1572 3161 1591 3196 ,
1633 3123 1698 3178 et
1740 3115 1797 3179 si
1843 3115 2089 3203 aliquid
2132 3117 2496 3183 invenerint
2534 3138 2875 3183 onerosum
2919 3137 3033 3181 seu
3054 3114 3529 3203 praeiudicium
3554 3116 3663 3181 in-

800 3215 1040 3282 ducens
1055 3264 1074 3299 ,
1130 3213 1293 3279 illud
1349 3213 1724 3298 moderare,
1789 3215 2014 3281 tollere
2067 3227 2130 3281 et
2186 3216 2273 3281 ad
2326 3218 2820 3303 requisicionem
2866 3215 3203 3282 reverendi
3258 3217 3327 3279 in
3386 3214 3661 3281 Christo

799 3315 1028 3403 patris,
1074 3314 1318 3381 domini
1361 3311 1701 3396 Iohannis,
1761 3315 2054 3402 episcopi
2102 3316 2411 3382 ecclesiae
2456 3316 3046 3403 Merseburgensis,
3092 3314 3483 3398 cancellarii,
3532 3336 3661 3379 seu

798 3417 936 3480 eius
981 3414 1374 3480 successoris
1421 3414 1491 3477 in
1533 3412 1760 3478 melius
1801 3416 2145 3480 immutare
2187 3425 2460 3503 possunt
2498 3426 2561 3483 et
2597 3415 2853 3498 debent,
2900 3415 3075 3479 omni
3114 3414 3263 3479 dolo
3308 3423 3373 3478 et
3412 3413 3661 3478 fraude

801 3523 1114 3580 cessante.
1197 3512 1306 3579 Ad
1344 3534 1506 3599 quos
1535 3514 1742 3578 eciam
1785 3523 2065 3599 quatuor
2106 3517 2203 3580 sic
2244 3514 2499 3599 electos,
2544 3527 2615 3581 ut
2645 3516 3096 3602 praemittitur,
3136 3524 3463 3601 tamquam
3500 3536 3657 3601 spe-

718 3626 788 3683 30
805 3614 1003 3680 ciales
1045 3612 1485 3679 universitatis
1530 3611 1862 3698 praefatae
1908 3614 1978 3677 in
2022 3616 2155 3679 suis
2180 3614 2537 3681 defectibus
2569 3616 2639 3680 in
2678 3613 2957 3681 solidum
2996 3614 3473 3697 reformatores,
3504 3637 3653 3679 sco-

801 3716 974 3783 lares
1013 3712 1456 3778 universitatis
1515 3732 1846 3776 recursum
1899 3711 2184 3779 habeant
2235 3722 2298 3779 et
2339 3716 2623 3800 poterint
2680 3712 2926 3779 occulte
2985 3712 3273 3779 defectus
3331 3714 3653 3779 lectorum

803 3812 1182 3904 propalare,
1224 3809 1542 3897 debetque
1584 3810 1852 3877 scolaris
1895 3811 2075 3889 talis,
2136 3812 2215 3879 de
2258 3812 2511 3879 defectu
2554 3834 2949 3898 conquerens
2966 3861 2984 3895 ,
3038 3835 3123 3877 ne
3167 3812 3363 3879 alicui
3399 3812 3653 3878 revele-

803 3924 908 3979 tur
949 3922 1014 3978 et
1052 3912 1147 3976 sic
1185 3909 1695 3997 indignationem
1737 3910 1998 3976 lectoris
2044 3913 2477 3999 cuiuscunque
2518 3912 2829 3995 incurrat,
2870 3920 3044 3976 tutus
3090 3934 3233 3977 esse
3258 3922 3323 3977 et
3358 3934 3655 3993 securus,

806 4013 892 4079 ad
935 4009 1108 4100 quod
1151 4010 1589 4076 consciencias
1630 4008 1950 4075 dictorum
1991 4021 2269 4097 quatuor
2308 4011 2603 4077 volumus
2644 4033 2789 4076 esse
2828 4020 3149 4077 oneratas.
3232 4011 3449 4077 Debet
3484 4034 3653 4077 vero

722 4124 790 4181 35
808 4112 918 4178 ille
963 4111 1190 4176 doctor
1233 4117 1345 4174 aut
1385 4110 1726 4194 magister,
1771 4108 1852 4174 de
1894 4131 2022 4195 quo
2062 4110 2326 4195 querela
2368 4112 2708 4199 proposita
2750 4119 2877 4195 est,
2921 4133 2962 4175 a
3002 4110 3191 4175 dictis
3233 4121 3510 4196 quatuor
3554 4111 3657 4175 sic

807 4211 1028 4277 electis
1042 4259 1061 4293 ,
1113 4218 1185 4274 ut
1230 4230 1300 4273 se
1341 4207 1686 4273 emendare
1729 4208 2015 4292 studeat,
2076 4212 2412 4276 caritative
2472 4209 3033 4275 exhortationibus
3084 4210 3381 4296 benignis
3424 4208 3653 4276 induci

806 4322 872 4378 et
912 4310 1182 4376 moneri.
1269 4306 1400 4388 Qui
1444 4308 1499 4372 si
1541 4309 1818 4373 monitus
1863 4330 1933 4374 se
1966 4307 2311 4373 emendare
2354 4310 2647 4393 noluerit,
2692 4310 2788 4375 illi
2832 4320 3107 4397 quatuor
3126 4308 3410 4374 habeant
3429 4310 3653 4395 ipsum

807 4412 890 4479 ab
933 4410 1190 4477 actibus
1234 4407 1596 4473 scolasticis
1642 4406 1729 4473 ad
1772 4415 2027 4495 tempus
2072 4408 2505 4495 suspendendi
2550 4410 2944 4475 facultatem.
3006 4408 3136 4489 Qui
3180 4410 3237 4473 si
3274 4430 3397 4473 nec
3436 4410 3531 4473 sic
3580 4431 3653 4473 se

807 4509 1266 4591 emendaverit,
1308 4531 1425 4595 per
1465 4507 1795 4596 praefatos
1836 4516 2113 4592 quatuor
2156 4507 2275 4572 sub
2324 4508 2539 4594 sigillo
2583 4510 2853 4575 rectoris
2903 4507 3287 4575 cancellario
3330 4508 3650 4573 universi·

725 4621 794 4677 40
813 4612 968 4677 tatis
1007 4610 1388 4692 insinuetur,
1432 4609 1542 4696 qui
1582 4618 1735 4672 tunc
1779 4605 2127 4688 deliberet,
2174 4608 2231 4671 si
2274 4606 2532 4694 placeat
2544 4658 2561 4691 ,
2605 4609 2688 4675 de
2727 4607 3013 4674 remedio
3053 4609 3263 4694 magis
3306 4615 3653 4694 oportuno.

805 4709 1119 4775 Volumus
1163 4709 1399 4792 eciam,
1449 4707 1624 4793 quod
1677 4707 1787 4771 isti
1842 4715 2117 4792 quatuor
2177 4707 2273 4771 sic
2324 4706 2511 4773 electi
2562 4710 2942 4795 promittant
2995 4708 3233 4773 rectori
3296 4705 3416 4771 sub
3472 4705 3653 4771 bona

811 4810 1244 4890 consciencia,
1305 4805 1480 4893 quod
1520 4808 1590 4870 in
1629 4806 2009 4893 praemissis
2062 4804 2287 4872 volunt
2326 4830 2468 4873 esse
2506 4809 2691 4873 iuxta
2746 4830 2937 4895 posse
2996 4806 3335 4893 diligentes
3389 4813 3454 4869 et
3506 4806 3651 4869 uni·

809 4907 1102 4973 versitati
1161 4906 1509 4993 diligenter
1561 4907 1632 4969 in
1687 4906 2068 4991 praemissis
2109 4907 2474 4993 providere.
2559 4905 2923 4972 Dubiorum
2937 4952 2955 4987 ,
3000 4907 3056 4969 si
3101 4904 3319 4991 aliqua
3364 4902 3653 4969 suboriri

813 5008 1174 5092 contigerit,
1218 5028 1470 5072 necnon
1495 5003 1915 5071 articulorum
1955 5007 2463 5092 praemissorum
2490 5006 2963 5073 declarationes
3011 5027 3126 5070 seu
3166 5004 3651 5091 interpretatio-

731 5116 798 5173 45
815 5128 951 5189 nes,
990 5107 1050 5171 si
1085 5108 1182 5171 rei
1221 5107 1572 5171 necessitas
1617 5104 1882 5170 evidens
1922 5104 2453 5192 expostulaverit,
2491 5106 2682 5172 nobis
2726 5126 2841 5170 seu
2884 5102 3364 5171 successoribus
3403 5104 3651 5169 nostris

815 5203 1046 5271 harum
1085 5214 1310 5270 tenore
1353 5226 1664 5292 expresse
1703 5226 2136 5273 reservamus.
