4038 6358
1296 680 1400 735 Die
1432 684 1671 735 Statum:
1707 699 1816 735 von
1857 684 2205 737 lew—152⁰.
3046 688 3171 751 595

1337 897 1592 988 [Bl.4·]
1640 918 2170 984 Suprsscripeio.

247 1059 706 1130 Reverendo
751 1065 818 1128 in
865 1064 1082 1131 Cristo
1135 1068 1310 1153 patri
1365 1088 1444 1132 ac
1501 1065 1791 1149 domino,
1841 1066 2102 1133 domino
2148 1068 2363 1132 Tiloni
2382 1116 2401 1151 ,
2455 1070 2765 1155 episcopo
2806 1066 3167 1133 Merssbur-

635 1164 850 1250 gensi,
891 1163 1154 1231 domino
1195 1176 1415 1231 nostro
1460 1167 1942 1253 graciosissimo
1985 1174 2132 1243 (aut
2168 1166 2471 1231 multum¹
2515 1168 2853 1253 gracioso).

371 1368 504 1431 10·
575 1382 864 1442 QUANDO
920 1384 1011 1431 ET
1055 1382 1410 1444 QUALITER
1451 1382 1769 1431 DECANUS
1816 1382 2393 1433 OONVOOAGIONES
2436 1382 2824 1431 Doc'romm
2871 1383 3089 1432 SUPER
3169 1449 3177 1457 ⁸

740 1482 1348 1531 m'rERLocucmNE
1385 1483 2016 1533 PROMOVENDORUM
2056 1483 2323 1532 FACERE
2367 1484 2756 1533 TENEATUR.
3222 1480 3254 1533 5

484 1613 624 1679 Pro
685 1616 1034 1681 concordia
1103 1616 1440 1682 doctorum
1507 1616 1836 1682 facultatis
1913 1614 2203 1681 medicae
2272 1614 2596 1681 servanda
2671 1614 2887 1703 placet
2906 1664 2925 1698 ‚
2998 1617 3173 1702 quod

271 1708 624 1779 doctores
670 1714 959 1780 eiusdem
998 1714 1323 1780 facultatis
1368 1726 1432 1782 et
1475 1716 1556 1781 de
1597 1714 1864 1781 consilio
1909 1716 2265 1781 existentes
2307 1717 2374 1780 in
2415 1714 2687 1803 locoque
2728 1716 3172 1781 universitatis

267 1823 702 1895 praesentes
760 1823 826 1879 et
873 1813 1230 1879 residentes
1287 1814 1369 1880 de
1421 1812 1832 1881 examinibus
1886 1824 1950 1880 et
2004 1814 2531 1902 promocionibus
2584 1814 3173 1901 promovendorum

273 1908 614 1977 habeant
643 1913 984 1979 dumtaxat
1012 1913 1506 1980 emolumentum
1534 1914 1720 1979 iuxta
1751 1922 1992 1979 statuta
2024 1913 2306 2002 desuper
2336 1914 2532 1979 edita.
2616 1912 2923 1980 Decanus
2956 1924 3175 1979 tamen

276 2032 431 2095 pro
487 2022 780 2100 tempore
825 2015 1108 2079 existens
1127 2063 1145 2097 ,
1183 2023 1495 2101 quantum
1537 2013 1682 2079 fieri
1722 2013 2033 2101 possibile
2076 2026 2207 2097 est,
2261 2016 2329 2079 in
2389 2016 2519 2079 suis
2579 2013 3166 2080 convocacionibus
3190 2024 3257 2080 10

275 2110 640 2178 faciendis
705 2112 873 2178 hanc
937 2112 1130 2178 debet
1194 2111 1435 2177 habere
1494 2111 1957 2179 discrecionem
1978 2163 1997 2197 ,
2042 2136 2123 2178 ne
2166 2115 2359 2179 nimis
2416 2113 2708 2179 celeriter
2752 2114 3170 2179 convocando

278 2208 618 2276 doctores
664 2212 976 2299 procedat
999 2261 1017 2295 ,
1081 2215 1433 2299 praecipue
1498 2214 1567 2277 in
1629 2212 2033 2300 quorundam
2096 2212 2434 2279 doctorum
2490 2224 2638 2279 actu
2687 2214 3058 2300 regencium
3105 2223 3167 2278 et

284 2309 755 2377 residencium
783 2310 1110 2394 absencia,
1151 2310 1503 2378 dummodo
1542 2321 1842 2399 speratur
1873 2311 2061 2377 brevi
2090 2313 2336 2380 reditus
2380 2337 2599 2380 eorum
2646 2324 2711 2377 et
2750 2334 2935 2377 mora
2976 2315 3172 2399 pauci

283 2411 642 2497 temporis
671 2409 1132 2498 promovendis
1159 2412 1420 2475 minime
1449 2420 1620 2476 esset
1648 2412 1901 2475 nociva.
1966 2410 2252 2499 Reputat
2293 2423 2509 2478 autem
2551 2413 2851 2499 praefata
2893 2410 3169 2476 facultas

285 2507 557 2573 nedum
582 2509 608 2550 ²
661 2509 832 2575 hunc
897 2509 1223 2579 doctorem
1285 2518 1436 2576 actu
1495 2519 1854 2595 regentem,
1911 2513 2023 2598 qui
2075 2509 2334 2598 publice
2384 2514 2451 2577 in
2502 2510 2695 2577 scolis
2749 2509 3021 2596 legendo
3065 2511 3169 2577 vel
3192 2521 3253 2577 15

288 2609 532 2673 eciam
561 2607 986 2696 practicando
1015 2608 1290 2693 laborat,
1335 2608 1452 2673 sed
1484 2611 1686 2674 eciam
1717 2607 1919 2691 illum,
1963 2611 2077 2696 qui
2109 2596 2149 2674 a
2185 2610 2422 2675 talibus
2468 2613 2748 2677 cessavit
2792 2620 2855 2675 et
2899 2620 3169 2698 propter

297 2716 625 2791 aetatem,
669 2730 836 2796 quae
878 2730 1184 2774 acervum
1225 2707 1662 2797 periculorum
1704 2707 1988 2791 adducit,
2033 2718 2229 2775 vacat
2268 2719 2333 2775 et
2375 2713 2668 2797 quiescit.

295 2940 658 3007 Statuta
700 2943 1292 3008 concernencia
1345 2940 2101 3008 baccalauriandos
2148 2944 2229 3007 in
2270 2943 2730 3027 medicinis,
2784 2967 2993 3031 quae
3048 2944 3172 3007 eis

721 3042 894 3127 legi
941 3039 1281 3125 debent,
1324 3041 1506 3107 dum
1548 3044 1872 3108 instant
1925 3064 2070 3129 pro
2114 3041 2777 3110 baccalauriatu.

744 3231 840 3290 11.
895 3241 1564 3294 BAOCALAumANnus
1618 3243 1852 3292 nnnn'r
1907 3244 2073 3296 ESSE
2120 3243 2753 3296 nmATRlcULATUS.
2852 3277 2857 3282 .
3188 3234 3257 3290 20

485 3372 714 3440 Nullus
769 3383 1230 3461 promoveatur
1285 3376 1373 3442 ad
1429 3376 1706 3464 aliquem
1764 3377 2043 3462 gradum
2100 3377 2425 3446 facultatis
2483 3374 2599 3463 [4¹³]
2662 3375 2989 3460 medicae,
3046 3376 3173 3440 nisi

307 3475 504 3560 prius
547 3473 929 3540 matriculae
971 3485 1232 3540 nostrae
1277 3477 1721 3542 universitatis
1767 3478 1852 3542 sit
1889 3478 2244 3562 inscriptus
2302 3486 2367 3540 et
2422 3478 2743 3562 integram
2788 3479 3171 3564 peccuniam

307 3574 487 3639 solvi
531 3583 904 3640 consuetam
951 3576 1360 3640 universitati
1406 3573 1686 3659 dederit,
1741 3575 1863 3640 hoc
1921 3584 2019 3640 est
2074 3575 2295 3639 decem
2354 3597 2637 3661 grossos.
2724 3575 2916 3656 Quod
2963 3577 3167 3642 eciam

309 3671 702 3760 intelligitur
747 3672 827 3739 de
870 3675 1199 3740 extraneis
1253 3673 1658 3741 assumendis
1717 3686 1780 3739 et
1835 3673 2295 3763 promovendis
2336 3696 2455 3762 per
2498 3675 2887 3741 facultatem.
2972 3674 3059 3739 Et
3098 3677 3165 3740 in

310 3773 444 3840 hoc
488 3783 843 3863 paupertas
882 3775 1205 3840 neminem
1248 3772 1607 3839 excusabit.
3182 3783 3250 3839 25

579 3980 676 4042 12.
730 3989 1398 4041 nAccuAumAnnns
1428 3991 1721 4056 *lumm'r
1761 3991 2069 4042 sERvAuE
2114 3991 2434 4042 surum
2474 3993 2925 4042 monzuns.

487 4105 719 4173 Nullus
785 4116 1244 4195 promoveatur
1303 4108 1370 4171 in
1424 4105 1906 4172 baccalaurium
1969 4109 2039 4172 in
2105 4107 2450 4174 medicinis
2466 4159 2485 4192 ,
2546 4110 2675 4174 nisi
2728 4111 2911 4195 prius
2954 4129 3169 4172 coram

321 4206 572 4272 decano
613 4216 678 4272 et
719 4214 855 4272 tota
895 4204 1203 4272 facultate
1254 4207 1570 4272 iuraverit
1622 4206 1788 4272 velle
1848 4206 2119 4274 firmiter
2185 4229 2450 4274 servare
2518 4217 2761 4273 statuta
2822 4205 3169 4287 facultatis,

324 4329 496 4394 quae
527 4316 676 4372 sunt
704 4315 768 4371 et
790 4315 978 4372 erunt
1011 4326 1134 4393 pro
1169 4303 1338 4370 bono
1381 4305 1708 4372 facultatis
1753 4317 1816 4371 et
1858 4327 1976 4393 per
2019 4306 2291 4373 eandem
2330 4307 2637 4374 conclusa
2678 4317 2742 4372 et
2783 4303 3171 4394 approbata.

457 4513 552 4575 13.
613 4522 1284 4572 BACCALAUmAnDus
1337 4523 1523 4570 ANTE
1579 4523 1688 4571 sm
1739 4522 2251 4571 Pnouoclomffl
2293 4524 2619 4572 'renerus
2661 4523 3051 4572 Doc'romm
3186 4514 3255 4570 30

513 4623 900 4673 anemonas
942 4605 1412 4672 Dmleenrnn³
1451 4621 1814 4670 Annmssn
1855 4623 1947 4671 m·
1989 4623 2389 4671 ΡΒΑοΤιοΔΜ
2430 4621 2988 4684 ramesienses.

503 4739 794 4822 Quilibet
815 4739 1042 4807 volens
1074 4740 1442 4827 promoveri
1480 4740 1550 4804 in
1586 4738 2071 4814 baccalaurium
2110 4741 2180 4804 in
2220 4739 2559 4822 medicina,
2600 4739 2922 4806 tenebitur
2966 4741 3169 4827 prius,

325 4842 384 4906 si
431 4842 744 4927 magister
783 4849 886 4907 est
897 4842 951 4924 ,⁴
995 4849 1146 4906 ante
1198 4837 1759 4905 baccalauriatum
1813 4837 2113 4904 adminus
2166 4861 2283 4927 per
2338 4839 2697 4924 biennium,
2754 4840 2811 4904 si
2864 4861 2993 4904 non
3034 4861 3169 4904 ma-

505 5112 529 5163 1
568 5105 940 5164 Gesehfieben
977 5107 1126 5163 steht
1153 5109 1340 5164 mue.

499 5194 530 5246 2
566 5189 752 5247 Ueber
783 5193 979 5246 nedum
1011 5211 1082 5242 τε
1116 5210 1228 5246 non
1257 5191 1434 5247 nolum
1465 5190 1576 5263 vgl.
1613 5181 1846 5246 oben‘S.
1887 5196 1943 5246 11
1984 5192 2150 5246 Anm.
2190 5195 2238 5246 2.

502 5279 533 5330 3
572 5275 868 5345 dilabenter
899 5276 974 5330 ist
1006 5294 1098 5330 am
1131 5275 1327 5330 Raude
1362 5274 1791 5346 nachgetragen.

496 5364 530 5414 4
563 5358 674 5416 Die
707 5359 902 5429 Worte
933 5362 989 5416 a·
1023 5361 1285 5432 mycem-
1313 5367 1392 5416 ωε
1429 5360 1554 5414 sind
1589 5361 1774 5429 spinei·
1805 5357 2025 5432 gotilgt.
