4038 6358
1277 609 1380 662 Die
1416 608 1779 664 Reformation
1815 630 1941 665 vom
1977 610 2144 665 Jahre
2185 620 2326 669 1496.
3168 618 3244 686 17

386 814 657 878 operam
696 791 1121 877 formasque
1163 802 1619 877 exposuerunt.
1680 793 1761 858 Id
1802 797 2082 881 primum
2123 798 2374 884 Nynus‚
2421 796 2824 863 Assiriorum
2865 799 3240 883 monarcha,

386 892 609 976 exegit
655 889 1234 975 Babilonicamque
1278 890 1557 955 instituit
1599 891 2076 977 achademiam3
2133 897 2326 983 paulo
2369 908 2518 986 post
2569 897 2954 984 philozofico
3016 919 3238 962 amore

380 988 770 1055 Pharaones
781 1038 800 1072 ,
842 988 1069 1075 Egipti
1108 1010 1298 1074 reges
1315 1038 1333 1070 ,
1376 989 1762 1056 mirabiliter
1805 991 2025 1057 allecti
2065 993 2556 1083 Memphiticum
2622 994 2904 1061 studium
2944 996 3236 1060 institue—

381 1098 533 1153 runt
544 1108 564 1170 3
620 1087 857 1154 deinde
913 1087 1236 1174 Cecrops,
1290 1087 1548 1152 Atticus
1605 1090 1993 1173 monarcha,
2047 1091 2311 1159 nolebat
2360 1096 2644 1160 minores
2698 1115 2841 1158 esse
2891 1095 3001 1178 qui
3053 1095 3232 1159 vitae

380 1187 712 1270 instituta,
753 1186 931 1273 leges
975 1209 1053 1251 ac
1094 1186 1410 1252 humanos
1469 1210 1685 1254 mores
1738 1189 2090 1255 conderent
2145 1214 2341 1279 quam
2395 1197 2506 1280 qui
2560 1214 2758 1256 manu
2807 1190 3230 1277 confligerent
3283 1200 3316 1254 5

381 1287 717 1372 armisque
762 1289 832 1351 in
879 1287 1020 1351 acie
1061 1307 1207 1350 cum
1246 1284 1540 1351 hostibus
1596 1298 1992 1374 pugnarent:
2057 1290 2513 1379 philozophiae
2570 1291 2854 1355 studium
2911 1292 2981 1354 in
3036 1290 3235 1356 Athe-

380 1386 598 1450 niensi
614 1390 623 1427 3
642 1384 963 1451 Graeciae
1002 1383 1167 1450 urbe
1207 1383 1544 1469 praeclare
1587 1388 1827 1469 erexit3
1873 1397 2200 1473 postremo
2230 1390 2452 1456 Latini
2481 1391 2730 1455 Romae
2770 1389 3053 1455 studium
3094 1392 3235 1455 uni-

378 1483 641 1549 versale
684 1485 1122 1566 instituerunt,
1165 1481 1339 1568 quod
1378 1506 1508 1549 non
1547 1483 1743 1570 longo
1786 1495 2079 1572 tempore
2121 1500 2271 1574 post
2309 1490 2604 1555 Parisius
2649 1490 2719 1552 in
2759 1488 3085 1553 Franciae
3117 1489 3233 1553 vil-

376 1580 513 1646 lam
555 1581 931 1648 traductum
978 1604 1122 1647 esse
1166 1582 1663 1670 comprobatur,
1709 1583 1880 1648 unde
1920 1584 2255 1671 Pragense
2300 1589 2582 1654 studium
2624 1586 2744 1652 sub
2791 1586 2942 1652 divo
2983 1587 3233 1653 Karolo

378 1692 620 1766 quarto
650 1685 1045 1770 imperatore
1073 1683 1390 1767 originem
1434 1683 1502 1746 in
1523 1681 1840 1747 Bohemia
1863 1685 2056 1769 cepit,
2102 1687 2275 1771 quod
2297 1710 2380 1752 ex
2421 1686 3005 1751 illustrissimorum
3047 1689 3223 1772 prin-
3250 1699 3312 1754 10

378 1780 601 1867 cipum
644 1780 880 1846 ducum
923 1780 1273 1863 Saxoniae,
1314 1781 1761 1845 marchionum
1801 1780 2092 1847 Missnae
2137 1793 2274 1868 etc„
2319 1786 2805 1873 progenitorum
2827 1833 2845 1868 ‚
2906 1783 3229 1851 industria

376 1900 586 1964 usque
631 1878 718 1944 ad
756 1879 1119 1966 Lipczense
1161 1878 1427 1966 opidum
1468 1877 1855 1945 translatum
1896 1902 2039 1946 esse
2074 1884 2509 1969 praedicatur,
2553 1883 2871 1970 gravibus
2900 1882 3232 1971 hucusque

377 1978 737 2044 eorundem
774 1978 1181 2047 dominorum
1211 1979 1583 2065 principum
1609 1976 2028 2045 fundatorum
2059 1982 2401 2070 stipendiis
2446 1984 2796 2065 suffultum,
2839 1983 3230 2070 privilegiis-

376 2099 504 2163 que
545 2101 625 2144 ac
663 2077 1179 2143 immunitatibus
1221 2078 1554 2165 pontificio
1617 2100 2051 2163 caesareoque
2103 2082 2245 2146 iure
2304 2081 2611 2149 dotatum.
2717 2082 2910 2163 Quod
2967 2081 3229 2168 quidem

378 2176 666 2243 studium
710 2177 1072 2264 Lipzcense
1116 2176 1342 2265 procul
1384 2175 1583 2241 dubio
1631 2198 1824 2262 quam
1866 2175 2184 2263 plurimos
2223 2180 2589 2268 theologos,
2648 2181 2884 2247 artium
2928 2179 3226 2263 cultores,
3250 2188 3312 2244 15

378 2276 826 2365 philosophos,
865 2286 1296 2358 astronomos,
1339 2297 1673 2341 sacrorum
1718 2275 2119 2361 eloquiorum
2163 2277 2652 2364 declamatores,
2694 2280 3025 2361 notarios,
3072 2282 3228 2344 scri-

375 2375 518 2460 bas,
546 2376 856 2490 phin-cos,
884 2374 1263 2457 advocatos,
1300 2383 1612 2456 oratores,
1656 2374 2148 2441 iurisconsultos
2179 2376 2590 2465 reliquosque
2617 2400 2810 2464 quam
2837 2376 3072 2444 multos
3099 2378 3228 2442 ele·

378 2484 613 2561 gantes
668 2477 847 2540 viros
903 2473 1207 2539 educavit
1259 2496 1339 2539 ac
1393 2473 1480 2538 ad
1535 2472 1667 2538 alia
1732 2495 1938 2560 regna
1991 2474 2348 2564 longinqua
2400 2488 2465 2543 et
2522 2478 2921 2564 provintias,
2969 2486 3045 2541 ut
3097 2476 3227 2542 illis

378 2574 668 2640 consiliis
714 2583 1121 2661 praeessent,
1165 2575 1378 2638 emisit
1422 2582 1614 2657 atque
1656 2571 1921 2656 legavit.
1968 2573 2212 2639 Verum
2253 2579 2478 2663 paucis
2520 2576 2760 2662 elapsis
2802 2577 3009 2658 annis,
3054 2574 3230 2661 quod

376 2674 671 2760 profecto
709 2673 1000 2738 dolenter
1040 2673 1413 2756 referimus,
1459 2672 1598 2737 sive
1641 2669 1712 2735 id
1754 2673 2065 2758 temporis
2109 2676 2347 2740 iniuria
2398 2677 2535 2741 sive
2578 2696 3004 2763 personarum
3044 2675 3222 2753 incu—
3242 2682 3309 2739 20

374 2774 506 2855 ria,
562 2782 830 2859 torpore
874 2782 939 2836 et
980 2772 1248 2858 ignavia
1289 2770 1587 2835 effectum
1609 2819 1629 2852 ‚
1686 2769 1973 2835 veridice
2031 2775 2430 2860 accepimus,
2483 2784 2555 2839 ut
2604 2773 2780 2860 quod
2832 2772 3019 2855 olim,
3074 2736 3228 2837 dum

377 2871 868 2960 disputaciones
888 2919 907 2954 ,
950 2870 1260 2935 lectiones
1277 2918 1296 2953 ,
1360 2869 1742 2935 scolasticae
1785 2871 2296 2938 exercitaciones
2339 2873 2664 2960 rigidique
2723 2873 3045 2937 examinis
3090 2893 3225 2936 mo-

373 2994 517 3035 rum
536 3021 557 3054 ,
614 2972 918 3051 vestitus,
975 2968 1439 3056 impediciones
1497 2990 1576 3032 ac
1615 2969 2000 3034 reiectiones
2040 2971 2403 3037 crebriores
2445 2973 2705 3037 fuerunt
2720 3019 2739 3054 ,
2782 2979 2939 3035 tunc
2980 2969 3225 3035 dictum

374 3068 663 3151 studium
683 3069 1047 3155 Lipzcense
1082 3067 1611 3132 florentissimum
1642 3076 1705 3130 et
1730 3067 1906 3133 omni
1943 3090 2183 3153 genere
2225 3069 2549 3136 scibilium
2587 3071 2897 3135 refertum
2930 3068 3221 3134 famaba-

374 3177 512 3254 tur,
564 3167 759 3235 modo
803 3190 961 3233 vero
1004 3188 1273 3249 enerve,
1321 3168 1631 3253 ignavum
1674 3187 1755 3230 ac
1798 3168 2103 3252 supinum
2149 3172 2494 3254 corruerit,
2553 3178 2624 3234 ut
2666 3170 2877 3254 magis
2919 3169 3219 3255 privatae
3240 3175 3307 3232 25

374 3268 771 3333 erudicionis
813 3288 1007 3351 quam
1046 3266 1435 3331 universalis
1479 3264 1898 3330 achademiae
1937 3266 2215 3333 formam
2255 3291 2416 3356 prae
2460 3291 2530 3333 se
2575 3270 2746 3334 ferre
2784 3268 3224 3354 praedicatur.

344 3439 359 3443 ,
378 3366 575 3447 Quod
620 3368 816 3432 etiam
851 3365 937 3430 ad
976 3365 1557 3431 illustrissimorum
1603 3365 1838 3432 ducum
1880 3365 2213 3434 Saxoniae
2252 3377 2316 3432 et
2357 3369 2694 3455 potissime
2734 3366 3004 3431 illustris
3045 3368 3222 3453 prin·

373 3467 537 3554 cipis
583 3475 647 3531 et
689 3465 966 3548 domini,
1009 3463 1255 3529 domini
1296 3464 1583 3547 Alberti,
1641 3463 1824 3529 ducis
1870 3464 2201 3530 Saxoniae
2219 3516 2237 3548 ,
2293 3466 2647 3553 lantgravii
2688 3464 3089 3550 Thuringiae
3146 3488 3224 3530 ac

371 3564 771 3630 marchionis
808 3565 1062 3632 Misnae
1077 3612 1096 3647 ,
1154 3585 1405 3629 necnon
1461 3565 1561 3628 sui
1619 3566 2071 3651 primogeniti,
2130 3565 2376 3631 domini
2416 3564 2718 3650 Georgii,
2780 3564 2976 3628 etiam
3033 3562 3219 3628 ducis

373 3663 705 3730 Saxoniae
747 3674 863 3729 etc.
907 3664 1304 3728 audientiam
1368 3662 1658 3728 veridico
1701 3662 1911 3727 relatu
1966 3662 2343 3730 deductum:
2396 3663 2587 3729 nobis
2633 3662 2751 3728 illa
2789 3671 2855 3725 et
2895 3661 3027 3726 alia
3069 3684 3214 3726 cum
3230 3670 3298 3727 30

374 3774 631 3829 maturo
679 3762 948 3828 consilio
965 3811 985 3846 ,
1023 3763 1119 3827 uti
1160 3763 1317 3827 dicti
1350 3761 1547 3827 studii
1575 3760 1957 3846 Lipzcensis
2004 3761 2392 3828 cancellario
2435 3761 2626 3826 unico
2671 3770 2736 3825 et
2779 3762 3226 3826 conservatori

374 3861 768 3950 apostolico,
813 3860 1202 3947 corrigenda
1244 3869 1309 3926 et
1348 3859 1752 3925 emendanda
1794 3860 1864 3924 in
1919 3860 2219 3926 omnibus
2283 3870 2348 3926 et
2398 3860 2671 3947 singulis
2733 3869 2799 3925 et
2849 3861 3107 3947 scriptis
3162 3870 3225 3924 et

372 3963 569 4027 vivae
613 3963 797 4026 vocis
838 3960 1100 4027 oraculo
1144 3959 1489 4046 diligenter
1533 3960 2010 4024 commiserunt.

538 4062 678 4126 Nos
723 4061 921 4146 igitur
964 4059 1147 4126 Tilo
1161 4108 1180 4143 ,
1242 4061 1586 4147 episcopus
1628 4056 2190 4144 Merssburgensis
2250 4060 2614 4146 praefatus,
2658 4056 2955 4144 diligenti
2999 4057 3222 4123 habito

375 4159 646 4227 consilio
691 4160 1130 4243 scrutinioque
1171 4158 1254 4224 de
1297 4158 1457 4223 dicti
1499 4155 1698 4244 studii
1740 4166 1916 4222 statu
1959 4167 2027 4222 et
2078 4149 2462 4223 statutorum
2511 4158 2998 4240 observatione,
3049 4179 3218 4224 com·
3238 4166 3305 4222 35

372 4262 661 4346 perimus
677 4308 697 4342 ,
742 4280 820 4323 ea
861 4259 1101 4345 partim
1142 4279 1259 4343 per
1302 4254 1597 4321 alumnos
1637 4255 1795 4321 dicti
1850 4256 2051 4322 studii
2093 4255 2442 4321 observata
2486 4259 2857 4344 partimque
2898 4256 3219 4341 neglecta,

375 4368 437 4422 et
474 4357 723 4423 idcirco
769 4380 853 4422 ex
898 4355 1214 4443 singulari
1257 4356 1575 4422 dictorum
1619 4355 2029 4422 dominorum
2071 4356 2439 4442 principum
2467 4354 2829 4442 ducumque
2866 4353 3219 4435 Saxoniae,

369 4457 821 4539 fundatorum,
871 4455 1353 4537 commissione,
1390 4463 1647 4519 maturo
1693 4455 2039 4518 assistente
2079 4456 2438 4541 peritorum
2480 4454 2750 4519 consilio
2770 4502 2789 4537 ,
2833 4450 3219 4518 deliberavi—

374 4579 519 4622 mus
558 4565 756 4644 atque
797 4556 867 4619 in
908 4555 1067 4638 dicti
1110 4553 1309 4619 studii
1348 4553 1733 4640 Lipzcensis
1778 4574 2181 4618 communem
2237 4553 2762 4618 commoditatem
2806 4562 2870 4617 et
2908 4550 3220 4615 reforma·

368 4657 611 4721 tionem
654 4664 835 4721 certa
877 4663 1117 4720 statuta
1162 4664 1227 4718 et
1266 4651 1715 4718 ordinaciones
1760 4652 2062 4718 duximus
2104 4651 2390 4718 edendas
2441 4660 2506 4717 et
2542 4652 2612 4717 in
2671 4650 3005 4739 publicum
3063 4671 3213 4736 pro·
3231 4657 3301 4712 40

350 4753 795 4842 „mulgandas‚
840 4776 1110 4841 quarum
1151 4761 1338 4819 tenor
1379 4753 1666 4840 sequitur
1709 4761 1773 4817 et
1811 4760 1910 4816 est
1950 4750 2129 4815 talis:
2389 4747 2394 4750 ’

1142 4925 1198 4984 1.
1245 4935 1341 4982 DE
1386 4935 1812 4984 osEDmN‘rn
1850 4935 1942 4981 ΕΤ
1990 4934 2452 4982 BEVERENTIA.

537 5050 761 5115 Primo
809 5048 1217 5131 ordinamus,
1270 5048 1445 5134 quod
1488 5048 1891 5132 obedientia,
1944 5048 2084 5112 sine
2124 5068 2255 5131 qua
2293 5046 2472 5110 nulla
2530 5047 2954 5112 communitas
3012 5046 3219 5113 subsi-

382 5158 549 5214 stere
590 5151 867 5237 poterit,
927 5169 1006 5212 ac
1051 5147 1273 5213 debita
1326 5149 1694 5213 reverentia
1747 5147 1832 5213 ab
1897 5145 2195 5212 omnibus
2250 5147 2635 5232 suppositis,
2685 5155 2820 5210 tam
2883 5147 3223 5233 graduatis

384 5271 576 5334 quam
630 5270 760 5314 non
818 5247 1158 5334 graduatis
1172 5295 1191 5328 ,
1244 5248 1483 5312 rectori
1531 5247 1975 5310 universitatis
2034 5267 2161 5333 pro
2214 5253 2507 5331 tempore
2564 5246 2870 5311 existenti
2921 5244 3223 5311 decenter
3242 5251 3308 5310 45

508 5378 984 5417 -srxrurmmuoa
1019 5379 1133 5415 nnn
1168 5379 1313 5416 σειν.
1351 5377 1590 5414 nsffzxe.
2755 5353 2791 5409 2
