4038 6358
849 650 969 716 536
1839 648 1940 700 Die
1976 647 2419 713 philosophinohe
2454 645 2705 699 Facula&

844 833 1113 920 quisque
1153 827 1398 895 decano
1443 829 1689 913 offeret,
1734 839 1799 895 et
1841 830 1925 896 ab
1968 830 2081 896 illo
2126 829 2556 919 approbatam
2598 830 2693 895 ita
2747 829 3050 944 proximo
3111 836 3261 893 ante
3315 826 3707 915 disputatio·

846 953 991 996 nem
1049 930 1156 995 die
1205 928 1463 1016 publice
1515 941 1851 1018 proponet.
1936 931 2160 997 Tertio
2223 940 2522 996 tenentur
2582 929 2901 996 bacularii
2966 930 3129 994 iussi
3185 929 3255 993 in
3305 928 3710 1015 vespertinis

845 1032 1040 1096 etiam
1084 1028 1628 1116 disputationibus
1675 1031 2066 1118 praesidere.
2153 1029 2340 1111 Quae
2380 1052 2486 1096 res
2541 1030 2905 1095 curantium
2966 1030 3036 1094 in
3077 1026 3351 1094 aedibus
3398 1026 3710 1114 collegio-

843 1154 988 1196 rum
1033 1152 1147 1194 seu
1188 1138 1648 1194 conventorum
1692 1128 2032 1216 diligentia
2074 1128 2659 1194 administrabitur.
2723 1128 3191 1195 Contumaciae
3235 1137 3452 1191 autem
3494 1125 3711 1192 multa

760 1240 796 1294 5
852 1229 1200 1294 constituta
1242 1237 1340 1293 est
1391 1229 1592 1294 triens
1647 1229 1834 1294 taleri
1869 1230 1903 1293 ¹.
1985 1227 2372 1294 Bacularius
2432 1229 2658 1311 etiam,
2745 1228 2855 1316 qui
2917 1250 3034 1292 suo
3087 1224 3230 1291 loco
3286 1223 3705 1313 praesidebit

849 1327 1275 1414 disputationi
1301 1327 1406 1392 die
1449 1326 1790 1410 dominico,
1835 1329 2041 1394 veteri
2085 1327 2548 1393 consuetudine
2569 1329 2594 1369 ²
2635 1327 2874 1393 tribuet
2916 1324 3285 1414 quindecim
3312 1325 3338 1367 ³
3384 1332 3593 1390 aetate
3636 1333 3711 1388 et

845 1427 987 1493 loco
1032 1428 1303 1492 coeteris
1348 1427 1679 1514 prioribus
1723 1426 2109 1511 baculariis,
2164 1425 2278 1492 ubi
2330 1436 2712 1514 argumenta
2774 1426 2855 1492 de
2912 1425 3255 1514 proposita
3303 1423 3390 1489 ab
3434 1425 3576 1511 ipso
3619 1445 3703 1489 re

845 1549 963 1592 sua
1003 1523 1502 1612 explicaverint,
1547 1524 1968 1613 praemiolum
2011 1524 2491 1591 nummulorum
2534 1548 2651 1591 sex
2673 1527 2720 1592 ⁴.
2801 1523 2995 1608 Quod
3057 1525 3113 1589 si
3164 1524 3384 1589 facere
3438 1545 3706 1588 recusa·

843 1628 1030 1708 verit,
1077 1625 1138 1689 ei
1181 1625 1473 1691 similiter
1535 1626 1818 1691 decanus
1870 1623 2137 1690 multam
2203 1624 2377 1691 dicet
2438 1625 2737 1690 trientem
2802 1623 3052 1690 thaleri.
3138 1622 3210 1690 Si
3263 1632 3487 1689 tamen
3529 1623 3703 1688 forte

765 1736 830 1792 10
853 1724 1182 1807 acciderit,
1243 1735 1315 1790 ut
1358 1747 1552 1790 onere
1596 1725 1721 1790 isto
1765 1726 2034 1811 gravari
2085 1746 2155 1790 se
2210 1723 2443 1811 aliquis
2488 1720 2617 1813 [48]
2662 1734 2963 1812 oportere
3024 1746 3151 1790 non
3221 1723 3579 1804 existimet,
3640 1723 3706 1786 is

847 1847 1109 1891 causam
1151 1826 1575 1890 recusationis
1617 1823 1861 1889 decano
1905 1833 2203 1910 exponet
2299 1823 2428 1904 Qui
2470 1824 2527 1890 si
2566 1825 2807 1889 iustam
2865 1846 3010 1889 esse
3055 1823 3456 1910 cognoverit,
3518 1821 3707 1887 dabit

848 1946 1134 2011 operam,
1177 1932 1248 1988 ut
1287 1924 1600 2011 impensis
1644 1922 1754 1989 ille
1795 1924 1895 1989 his
1939 1922 2272 1988 liberetur.

1300 2096 1355 2157 9.
1412 2079 1505 2156 D'n
1549 2107 2107 2156 Pnornssonmns
2148 2106 2482 2154 somnum
2511 2105 2794 2154 vaarum
2832 2105 2904 2153 m
2950 2105 3244 2154 ennean.

1010 2237 1138 2319 Qui
1182 2238 1511 2306 ordinario
1555 2239 1889 2306 doctrinae
1937 2238 2239 2328 publicae
2296 2242 2560 2305 munere
2614 2238 3003 2324 funguntur,
3067 2239 3116 2302 ii
3173 2240 3488 2304 nimirum
3557 2260 3699 2303 eam

766 2349 827 2404 15
848 2340 1165 2404 rationem
1232 2339 1586 2405 servabunt
1638 2350 1702 2405 et
1754 2339 2047 2406 ordinem
2111 2349 2488 2427 sequentur,
2563 2337 2674 2425 qui
2742 2346 2840 2401 est
2882 2339 3346 2425 praescriptus.
3433 2338 3694 2404 Caeteri

844 2438 1144 2524 magistri
1187 2435 1504 2503 bonarum
1546 2442 1783 2503 artium
1827 2440 1883 2505 si
1927 2438 2084 2527 quid
2124 2437 2383 2525 publice
2426 2436 2659 2502 docere
2704 2435 2940 2518 volent,
2984 2435 3054 2501 id
3096 2438 3190 2502 eis
3244 2438 3465 2503 facere
3524 2436 3693 2517 licet,

847 2546 911 2602 et
951 2536 1181 2624 quibus
1223 2537 1368 2603 illos
1411 2537 1715 2603 docentes
1758 2536 1985 2602 audire
2029 2536 2384 2625 placuerit,
2448 2559 2669 2602 eorum
2716 2534 2933 2601 studia
2992 2535 3173 2601 nulla
3215 2536 3543 2602 edictione
3578 2539 3691 2601 im-

850 2636 1222 2723 pediuntur.
1305 2635 1530 2701 ScIunt
1549 2640 1573 2677 ⁵
1617 2647 1828 2702 autem
1869 2638 2169 2722 magistri
2211 2635 2527 2701 bonarum
2574 2637 2839 2718 artium,
2882 2634 3041 2699 nihil
3085 2657 3193 2701 eos
3239 2635 3535 2722 profiteri
3590 2634 3694 2699 de·

851 2734 1008 2800 bere
1040 2756 1108 2799 se
1151 2733 1410 2821 publice
1453 2734 1756 2802 docturos
1797 2733 1940 2801 esse
1981 2737 2065 2801 iis
2109 2736 2307 2818 horis,
2349 2736 2416 2800 in
2440 2757 2603 2822 quas
2629 2734 2864 2800 collata
2886 2744 2988 2799 est
3007 2733 3342 2800 ordinaria
3373 2734 3696 2816 doctrina,

759 2843 828 2899 2⁰
849 2857 994 2899 cum
1036 2833 1205 2898 hanc
1245 2834 1543 2920 inprimis
1587 2835 1984 2920 frequentari
2030 2839 2390 2900 conveniat.
2452 2833 2542 2898 Et
2585 2835 2693 2922 qui
2737 2832 2916 2898 illam
2957 2832 3311 2920 negligunt,
3352 2836 3420 2917 ii,
3465 2835 3524 2899 si
3552 2856 3695 2899 eon·

842 2943 1135 2999 temnunt
1186 2932 1625 3018 professorum
1676 2934 2064 2999 industriam
2084 2984 2102 3016 ‚
2164 2935 2355 2999 nimis
2415 2945 2563 2999 sunt
2617 2932 2914 3020 superbi,
2978 2933 3339 3020 horumque
3392 2932 3698 3020 improba

859 3033 1233 3119 pervicacia
1275 3031 1620 3119 aliquando
1665 3034 1857 3097 etiam
1900 3033 2479 3114 animadvertetur3
2546 3035 2646 3098 sin
2709 3033 2837 3097 ista
2901 3031 3202 3098 socordia
3260 3041 3360 3097 est
3400 3034 3693 3115 inertiae,

846 3132 1103 3199 omnino
1152 3130 1337 3197 dabit
1380 3133 1822 3220 unusquisque
1864 3133 2008 3220 ipse
2053 3132 2178 3199 sibi
2230 3131 2658 3221 supplicium,
2724 3154 2867 3198 cum
2935 3155 3078 3200 sero
3137 3155 3284 3198 eum
3338 3131 3696 3221 poenitebit

842 3233 1119 3318 turpiter
1161 3233 1441 3297 amissae
1485 3232 1865 3314 occasionis»,
1907 3245 2253 3319 postquam
2296 3232 2412 3297 illa
2454 3233 2751 3297 revocari
2792 3255 2923 3298 non
2965 3234 3223 3319 poterit.
3272 3233 3693 3320 Quapropter

757 3340 824 3397 25
846 3329 1144 3396 volumus
1186 3339 1250 3394 et
1287 3330 1602 3414 iubemus,
1645 3329 1971 3416 publicam
2014 3342 2079 3396 et
2119 3332 2516 3397 ordinariam
2556 3330 2919 3397 doctrinam
2961 3332 3046 3397 ab
3090 3331 3389 3398 omnibus
3433 3333 3690 3419 potissi·

843 3452 1021 3496 mum
1061 3430 1493 3514 frequentari,
1543 3427 1669 3517 [49]
1714 3441 1778 3496 et
1832 3430 2186 3497 secundum
2243 3431 2411 3496 hanc
2468 3429 2613 3496 aliis
2668 3431 2928 3517 publice
2971 3433 3364 3519 privatimve
3404 3431 3687 3496 docenti-

841 3529 963 3593 bus
1010 3526 1153 3595 dari
1196 3550 1483 3615 operam.
1573 3528 1644 3593 Si
1698 3531 1842 3617 quis
1895 3541 2202 3596 externus
2220 3578 2238 3612 ‚
2321 3531 2429 3617 qui
2482 3531 2549 3594 in
2606 3540 2869 3595 nostrae
2925 3532 3407 3596 communitatis
3451 3552 3691 3616 corpus

847 3624 1130 3693 nondum
1172 3626 1416 3692 relatus
1471 3638 1597 3710 est,
1660 3628 1953 3715 profiteri
2009 3629 2372 3694 doctrinam
2424 3629 2760 3695 liberalem
2821 3629 3080 3717 publice
3130 3629 3337 3713 volet,
3406 3631 3465 3694 is
3508 3630 3692 3710 sciat,

841 3728 966 3792 nisi
1010 3726 1332 3812 permissu
1373 3725 1623 3808 decani,
1661 3726 1732 3792 id
1772 3728 1992 3794 facere
2034 3728 2159 3794 sibi
2203 3750 2331 3794 non
2373 3728 2589 3796 licere.
2643 3729 2835 3810 Quod
2891 3731 2948 3795 si
2992 3731 3158 3816 quis,
3204 3728 3309 3794 vel
3349 3752 3481 3794 non
3529 3727 3689 3794 indi-

760 3834 830 3891 30
849 3836 994 3890 cato
1037 3823 1304 3890 consilio
1350 3847 1464 3889 suo
1512 3826 1613 3890 vel
1659 3838 1886 3893 contra
1942 3828 2327 3894 sententiam
2392 3827 2654 3911 decani,
2712 3828 2979 3894 audebit
3040 3827 3372 3895 doctrinae
3426 3848 3692 3892 munere

844 3922 1102 4012 publice
1148 3924 1352 4010 fungi,
1397 3924 1477 3990 de
1516 3924 1688 3990 illius
1738 3926 2023 3991 audacia
2062 3925 2469 3992 cohercenda
2513 3926 2795 3993 decanus
2835 3928 3150 3993 rationem
3208 3927 3437 4010 inibit,
3478 3938 3579 4010 et,
3637 3929 3690 3992 si

846 4046 1010 4109 opus·
1051 4023 1267 4106 fuerit,
1306 4023 1388 4090 ad
1435 4025 1850 4111 magnificum
1902 4037 2218 4091 rectorem
2260 4047 2493 4091 nomen
2534 4026 2659 4091 hac
2698 4027 2768 4091 in
2811 4039 3002 4115 parte
3058 4028 3459 4093 contumacis
3516 4026 3689 4092 defe-

842 4132 958 4189 ret.
1048 4121 1248 4188 Cuius
1292 4125 1765 4189 constitutionis
1805 4124 2261 4190 honestissima
2304 4147 2505 4190 causa
2551 4137 2650 4191 est
2688 4128 2991 4192 nimirum
3049 4128 3460 4192 conservatio
3518 4125 3688 4191 ordi·

843 4223 945 4288 nis
985 4231 1050 4286 et
1091 4222 1328 4307 quietis
1371 4223 1549 4307 apud
1591 4246 1727 4306 nos,
1769 4223 1951 4289 cuius
1992 4224 2360 4290 turbandae
2401 4247 2625 4291 omnes
2666 4228 3040 4297 occasiones
3076 4249 3329 4292 summa
3347 4225 3690 4311 diligentia

757 4331 825 4389 35
847 4319 1325 4409 praecidendae
1353 4333 1517 4386 sunt.

2058 4456 2464 4506 concnnslo.

1009 4569 1197 4634 Haec
1239 4568 1624 4636 mediocrem
1671 4570 1963 4637 ordinem
2008 4582 2073 4638 et
2113 4595 2242 4637 non
2282 4594 2661 4659 perversam
2700 4574 3021 4640 rationem
3051 4574 3555 4661 complectentia
3599 4575 3687 4641 ad

844 4670 1325 4736 communitatis
1368 4680 1630 4735 nostrae
1671 4672 2138 4737 incrementum
2183 4682 2376 4759 atque
2420 4671 2839 4738 stabilitatem
2869 4683 2933 4739 et
2954 4683 3209 4739 vestrae
3250 4674 3549 4741 utilitatis
3590 4697 3689 4740 re·

844 4779 1140 4858 spectum
1183 4769 1308 4834 hoc
1347 4778 1638 4856 tempore
1682 4770 1768 4835 ad
1824 4772 2016 4837 istam
2064 4773 2341 4839 formam
2395 4771 2675 4837 describi
2733 4771 3019 4860 placuit:
3108 4773 3463 4840 secundum
3520 4797 3687 4862 quae

1015 4991 1034 5041 1
1077 4983 1264 5040 Daftir
1295 4987 1480 5054 spater
1519 4986 1837 5040 constitum
1869 4993 1949 5039 nt
1977 4985 2199 5041 (aler-ua

1006 5074 1039 5125 2
1074 5067 1260 5125 Dafiir
1293 5071 1478 5138 spiiter
1511 5069 1604 5122 die
1636 5069 1778 5123 dom.
1814 5068 2171 5123 autSatwvm
2199 5078 2515 5125 mesonma.

1009 5158 1041 5209 3
1076 5150 1695 5224 Dariibergeschrieben
1731 5150 1969 5251 anfangs
2000 5160 2215 5251 septem,
2250 5153 2460 5210 darauf
2477 5155 2779 5211 duodecim.

1011 5244 1043 5293 4
1079 5235 1339 5291 Dal-iiber
1371 5234 1729 5306 geschrieben
1759 5238 1922 5291 unius
1951 5237 2154 5306 yvoni.

1014 5327 1045 5377 5
1079 5318 1252 5377 Wohl
1272 5321 1467 5377 sciant.
