4038 6358
1469 584 1706 635 Libellus
1744 584 2062 636 formula-in.
3075 590 3189 653 125

331 766 477 831 rita
539 764 884 853 condignis
931 787 1061 831 non
1110 765 1413 831 frustrari
1457 767 1797 852 praemiis,
1853 789 2000 832 eum
2038 766 2254 854 ipsum
2299 764 2596 831 omnibus
2636 774 2701 830 et
2743 765 3044 852 singulis,
3104 766 3189 831 ad

337 887 518 952 quos
562 875 941 953 praesentes
962 859 1244 932 'nostrae
1286 868 1703 953 pervenerint
1743 865 1998 933 litterae
2015 915 2035 948 ‚
2089 866 2391 932 duximus
2431 864 2705 930 fideliter
2740 865 3185 931 commendan-

332 963 506 1029 dum
521 1014 540 1048 ,
602 966 940 1030 sinceriter
989 973 1321 1050 roganteS,
1383 975 1697 1054 quatenus
1756 975 2270 1055 praememorato
2321 965 2449 1048 .N.,
2504 974 2870 1032 nostrarum
2927 988 3189 1052 precum

333 1086 746 1153 suorumque
783 1066 1156 1131 meritorum
1197 1065 1462 1148 intuitu,
1501 1066 1747 1133 favoris
1763 1116 1782 1150 ,
1823 1064 2316 1149 benivolentiae,
2360 1065 2786 1153 promotionis
2832 1075 2895 1130 et
2938 1065 3190 1132 consilii

333 1162 675 1230 beneficia
713 1167 783 1229 in
825 1166 958 1231 suis
999 1163 1194 1231 rebus
1207 1214 1227 1248 ,
1269 1167 1483 1230 causis
1521 1174 1584 1230 et
1624 1168 1931 1253 negotiis,
1975 1167 2137 1231 actis
2176 1163 2282 1229 vel
2321 1164 2622 1250 agendis,
2663 1164 3026 1229 favor-osius
3069 1167 3185 1230 im·
3205 1175 3237 1229 5

336 1265 592 1350 partiri
636 1263 1019 1351 dignentur,
1059 1287 1180 1330 nos
1225 1286 1344 1353 per
1382 1266 1507 1331 hoc
1548 1264 1635 1330 ad
1677 1264 2058 1348 consimilia,
2117 1267 2311 1330 immo
2365 1262 2557 1351 longe
2598 1268 2846 1330 maiora
2891 1263 3187 1352 benepla-

341 1366 638 1428 citorum
677 1386 925 1451 genera
966 1366 1493 1451 constringentes.
1579 1365 1656 1430 In
1695 1388 1969 1453 quorum
2012 1365 2296 1432 omnium
2339 1374 2401 1428 et
2445 1363 2841 1451 singulorum
2878 1366 3189 1451 praemis-

345 1485 584 1649 ἕῌτιιιιι
623 1463 850 1547 fidem,
892 1462 1091 1530 robur
1132 1485 1211 1528 ac
1254 1465 1521 1531 evidens
1560 1467 1993 1531 testimonium
2037 1463 2398 1531 antedictae
2439 1472 2701 1530 nostrae
2740 1464 3068 1530 facultatis
3109 1466 3189 1529 si·

404 1563 418 1577 ‘
477 1586 590 1629 um
633 1574 751 1629 etc.
792 1573 864 1629 ut
900 1565 1102 1651 prius.

415 1735 525 1799 85.
595 1748 755 1797 ALIA
796 1747 1032 1798 FORMA
1074 1749 1522 1797 LITTERARUM
1566 1748 2077 1798 COMPLETIONIS
2118 1746 2256 1797 PRO
2301 1748 2534 1797 GRADU
2575 1748 3135 1798 BACCALARIATUS
3214 1741 3278 1797 10

1553 1850 1625 1897 IN
1668 1849 1980 1898 ARTIBUS.

528 1959 869 2028 Universis
912 1973 1028 2029 etc.
1068 1987 1190 2031 nos
1234 1964 1331 2030 .N.
1376 1974 1494 2030 etc.
1538 1986 1687 2030 cum
1739 1964 2254 2051 subscriptorum
2307 1964 2541 2028 notitia
2576 1963 2845 2029 salutem
2886 1964 3193 2033 felicium-

344 2084 485 2147 que
545 2084 961 2128 successuum
1020 2060 1123 2151 [39
1141 2060 1193 2152 ⁸]
1251 2065 1667 2130 incrementa.
1749 2064 1896 2130 Etsi
1947 2065 2234 2129 universi
2279 2062 2680 2129 orthodoxae
2720 2063 2872 2130 fidei
2912 2065 3192 2132 cultores

341 2184 493 2227 non
552 2161 745 2228 modo
806 2163 1087 2229 naturali
1144 2166 1468 2252 aequitate
1529 2186 1752 2229 verum
1821 2164 2014 2229 etiam
2077 2163 2336 2229 divinae
2393 2162 2556 2249 legis
2615 2174 2961 2253 praecepto
3002 2165 3193 2231 fidele

342 2263 799 2327 testimonium
836 2263 1180 2350 perhibere
1225 2265 1485 2330 veritati
1528 2266 1657 2330 sint
1699 2265 1968 2347 astricti,
2013 2263 2213 2329 multo
2257 2264 2465 2349 magis
2504 2272 2722 2329 tamen
2756 2266 3072 2351 congruit,
3119 2274 3191 2331 ut
3212 2275 3275 2330 15

341 2360 586 2427 itidem
625 2361 707 2426 de
746 2362 874 2428 hiis
914 2363 1030 2428 fiat
1047 2413 1066 2446 ,
1123 2365 1236 2450 qui
1279 2387 1397 2452 per
1439 2365 1617 2430 vitae
1653 2366 1946 2452 ipsorum
1991 2365 2234 2451 spatia,
2291 2361 2605 2427 laudabili
2641 2386 2888 2429 morum
2933 2388 3193 2430 conver·

346 2463 621 2528 satione
661 2462 1151 2550 comprobante,
1211 2463 1639 2551 reproborum
1695 2464 1963 2551 collegio
2004 2465 2268 2529 minime
2308 2472 2682 2529 meruerunt
2724 2466 3191 2531 connumerari.

347 2560 538 2627 Sane
597 2584 741 2627 cum
794 2561 1109 2629 discretus
1165 2563 1257 2629 .N.
1318 2563 1401 2629 de
1457 2564 1552 2631 ..N
1607 2586 1726 2651 per
1797 2563 2044 2651 aliquot
2093 2573 2455 2650 temporum
2509 2563 2725 2650 spatia
2775 2564 2845 2628 in
2898 2565 3195 2652 praefata

345 2663 786 2729 universitate
841 2661 1244 2735 scholasticis
1287 2663 1654 2751 disciplinis
1696 2686 1963 2751 operam
2001 2663 2389 2751 impenderit
2432 2661 2833 2750 diligentem,
2887 2662 3193 2729 lectiones

345 2772 422 2827 et
471 2762 782 2827 exercitia
823 2785 1170 2850 omnesque
1207 2763 1371 2829 alios
1416 2773 1480 2829 et
1521 2763 1808 2850 singulos
1849 2774 2051 2845 aetus,
2095 2762 2373 2849 gradum
2416 2761 2891 2829 baccalariatus
2932 2766 2999 2828 in
3041 2764 3192 2828 arti-
3209 2771 3279 2828 20

349 2862 489 2927 bus
532 2873 1009 2944 concernentes,
1053 2863 1404 2928 secundum
1447 2862 1771 2929 facultatis
1812 2873 2075 2929 nostrae
2116 2872 2361 2928 statuta
2410 2872 2475 2927 et
2519 2863 3010 2930 consuetudines
3053 2862 3195 2928 dili-

353 2971 598 3048 genter
653 2963 770 3039 (uti
811 2963 1101 3029 virorum
1142 2961 1617 3050 fidedignorum
1657 2966 2028 3051 accepimus
2071 2962 2463 3043 testimonio)
2508 2963 2927 3050 compleverit
2968 2963 3194 3029 decen-

349 3065 543 3150 tique
604 3063 1120 3145 conversatione,
1179 3062 1469 3128 moribus
1524 3062 1800 3152 denique
1860 3065 2234 3150 compositis
2277 3063 2631 3128 secundum
2674 3064 2772 3128 sui
2817 3071 3022 3129 status
3064 3065 3197 3127 exi·

349 3162 679 3249 gentiam,
723 3161 1300 3229 commendabilem
1340 3187 1418 3229 ac
1460 3162 1732 3251 legalem
1775 3187 1915 3230 sese
1955 3162 2299 3251 plurimum
2344 3161 2737 3246 exhibuerit,
2795 3172 3193 3252 quapropter

352 3272 954 3349 praememoratum
995 3263 1090 3328 .N.
1131 3262 1320 3328 nobis
1376 3265 1710 3330 sinceriter
1758 3263 2064 3329 dilectum
2106 3264 2427 3328 universis
2470 3272 2535 3328 et
2576 3262 2842 3349 singulis
2882 3265 3197 3351 personis,
3213 3272 3280 3328 25

351 3364 800 3449 cuiuscunque
841 3372 1064 3445 status,
1110 3362 1496 3429 conditionis
1540 3365 1678 3429 sive
1721 3364 2054 3450 dignitatis
2098 3364 2448 3447 extiterint,
2493 3362 2725 3452 quibus
2768 3363 2892 3429 hae
2933 3371 3196 3430 nostrae

357 3461 834 3528 testimoniales
874 3462 1127 3528 litterae
1170 3462 1499 3529 exhibitae
1540 3464 1795 3548 fuerint,
1862 3464 2198 3530 sinceriter
2236 3465 2303 3528 in
2347 3463 2606 3530 domino
2654 3463 3193 3547 commendamus,

353 3561 798 3629 amicabiliter
850 3572 1187 3648 rogantes,
1246 3572 1564 3648 quatenus
1621 3563 1830 3629 eidem
1872 3563 1965 3629 .N.
2019 3586 2139 3650 per
2196 3585 2315 3629 nos
2358 3565 2481 3640 (uti
2521 3564 2977 3649 praemittitur)
3027 3586 3195 3629 com-

355 3661 669 3728 mendato
688 3710 707 3745 ,
750 3661 1163 3748 supradictae
1204 3662 1530 3728 facultatis
1578 3672 1837 3730 nostrae
1877 3662 2440 3750 contemplatione,
2485 3661 2974 3746 benivolentiae,
3016 3664 3194 3729 favo-

355 3764 495 3846 ris,
539 3763 968 3849 promotionis
1010 3771 1075 3826 et
1114 3762 1364 3829 consilii
1410 3763 1726 3830 beneficia
1763 3766 1832 3828 in
1871 3764 2005 3828 suis
2049 3762 2273 3846 rebus,
2319 3762 2533 3827 causis
2576 3772 2640 3827 et
2678 3764 2953 3848 negotiis
2970 3814 2988 3848 ,
3033 3766 3196 3829 actis
3213 3773 3283 3830 30

359 3862 472 3928 vel
517 3862 792 3949 agendis
807 3911 825 3944 ,
878 3863 1242 3929 favorosius
1303 3860 1407 3951 [39
1419 3860 1472 3952 b]
1530 3865 1857 3952 impartiri
1901 3862 2260 3948 dignentur.
2347 3860 2539 3942 Quod
2582 3885 2739 3949 erga
2779 3886 3200 3951 unamquam-

356 3985 487 4051 que
545 3965 837 4051 ipsarum
894 3973 1087 4048 grata
1139 3963 1584 4031 vicissitudine
1634 3962 1855 4030 sedulo
1908 3984 2403 4049 recompensare
2445 3962 2843 4029 conabimur.
2926 3965 3002 4030 In
3043 3987 3202 4052 quo-

357 4085 512 4128 rum
556 4064 843 4129 omnium
886 4075 950 4128 et
991 4064 1390 4150 singulorum
1432 4067 1934 4152 praemissorum
1973 4062 2202 4145 fidem,
2243 4061 2443 4128 robur
2485 4073 2603 4129 etc.

590 4235 688 4299 86.
747 4248 984 4297 romu
1027 4249 1476 4298 er'rssxsuu
1518 4247 2033 4298 comm-:notus
2076 4246 2214 4297 pso
2258 4245 2691 4298 ΒΑοοΑιΑιιισ
2732 4248 2988 4299 sacam

1550 4348 2015 4398 rusonoeus.
3216 4342 3283 4399 35

531 4464 877 4531 Universis
931 4474 995 4530 et
1054 4465 1347 4552 singulis,
1401 4468 1771 4554 praesentia
1821 4466 2061 4530 visuris
2113 4464 2218 4530 vel
2263 4463 2601 4548 audituris,
2650 4486 2769 4530 nos
2813 4464 2929 4548 .N.,
2974 4487 3199 4530 sacrae

358 4566 735 4653 theologiae
774 4567 1103 4653 professor
1149 4588 1228 4630 ac
1269 4565 1569 4648 decanus,
1615 4568 1938 4653 ceterique
1966 4566 2265 4652 magistri
2304 4562 2631 4630 facultatis
2672 4563 2960 4629 eiusdem
2989 4565 3199 4631 almae

365 4666 814 4734 universitatis
859 4664 1057 4731 studii
1098 4665 1482 4753 Lipczensis
1509 4664 2068 4752 Merseburgensis
2110 4662 2384 4731 diocesis
2430 4663 2704 4729 salutem
2743 4663 3090 4750 plurimam
3132 4666 3199 4730 in

364 4769 653 4835 omnium
698 4766 1040 4833 salvatore.
1118 4764 1285 4833 cum
1337 4766 1630 4852 aequitas
1687 4775 1751 4831 et
1791 4768 2064 4831 rationis
2103 4764 2411 4830 iudicium
2451 4763 2732 4851 postulet
2775 4786 2854 4829 ac
2894 4767 3201 4854 requirat,

359 4878 469 4952 ut,
510 4889 675 4955 quos
718 4888 968 4932 morum
1010 4866 1308 4953 probitas
1347 4866 1650 4952 vitaeque
1693 4864 2100 4931 commendat
2140 4865 2472 4946 honestas,
2518 4863 2863 4929 eorundem
2907 4864 3199 4931 beneme-
3217 4876 3287 4933 40

365 4970 501 5033 rita
540 4965 856 5033 laudabili
899 4966 1305 5032 declarentur
1345 4967 1713 5031 testimonio
1730 5014 1748 5048 ,
1803 4974 2150 5052 eapropter
2191 4964 2713 5050 recognoscimus
2755 4963 3013 5052 publice
3054 4989 3202 5055 pro·

368 5069 644 5151 fitentes,
688 5076 1083 5132 ostensorem
1118 5067 1576 5152 praesentium,
1600 5066 1710 5148 .N.,
1753 5063 2057 5129 videlicet
2102 5063 2401 5149 insigniis
2441 5063 2926 5149 magistralibus
2970 5068 3205 5132 artium

368 5166 738 5233 liberalium
780 5168 848 5231 in
889 5167 1139 5231 famoso
1183 5165 1470 5253 generali
1517 5164 1728 5232 studio
1773 5165 1866 5229 .N.
1909 5164 2179 5230 mirifice
2220 5161 2620 5246 decoratum,
2673 5164 2742 5228 in
2779 5175 3002 5232 nostro
3045 5189 3203 5233 vero

368 5266 582 5333 studio
597 5316 615 5350 ‚
672 5267 805 5331 suis
849 5266 1260 5332 benemeritis
1306 5275 1370 5331 et
1413 5265 1817 5331 scholasticis
1859 5263 2381 5331 exercitamentis
2425 5263 2866 5350 exigentibus,
2927 5266 3014 5332 ad
3056 5290 3204 5332 ean-
