4038 6358
1219 607 1388 657 Dritte
1427 606 1958 669 saeuoenmdaotion,
1995 623 2103 660 von
2138 611 2265 664 1471
2282 608 2534 664 b-1490,
3174 619 3296 694 5107

293 797 554 889 quam
609 777 1080 850 baccalariis
1123 785 1354 852 diebus
1397 787 1739 857 dominicis
1778 792 1883 858 vel
1927 801 2119 858 extra
2162 792 2661 880 disputantibus.
2726 793 3049 860 Adminus
3076 803 3295 862 tamen

289 874 422 939 bis
475 877 632 952 ad.
661 893 942 982 partes
985 886 1382 974 principales
1425 898 1491 954 et
1531 901 1758 978 quater
1805 891 1890 958 ad
1933 903 2155 980 partes
2201 894 2415 958 minus
2466 893 2861 981 principales
2903 904 3157 961 tenetur
3198 896 3295 960 eis

297 977 880 1063 respondisse.
965 984 1096 1065 Qui
1129 987 1186 1051 si
1225 985 1586 1075 disputanti
1623 990 1705 1056 de
1741 991 1864 1058 hoc
1904 1015 2037 1058 non
2075 992 2303 1061 feeerit
2340 992 2613 1058 verbum
2657 993 2763 1058 vel
2804 994 3039 1060 absens
3080 994 3293 1078 fuerit,

303 1074 788 1189 dummodo
851 1083 978 1149 sibi
1035 1098 1486 1172 argumentum
1547 1093 1965 1178 proponitur,
2029 1092 2135 1158 vel
2197 1115 2239 1158 a
2301 1093 2625 1180 principio
2686 1115 2891 1180 usque
2952 1093 3039 1158 ad
3098 1094 3295 1160 finem

313 1173 910 1262 disputationis
949 1206 1084 1251 non
1125 1190 1584 1273 permanserit,
1627 1192 1768 1256 sine
1825 1213 2027 1260 causa
2077 1191 2453 1258 rationabili
2507 1192 2871 1259 recedendo
2889 1241 2909 1276 ,
2950 1195 3288 1280 responsio
3340 1203 3376 1258 5

319 1275 544 1360 talia,
607 1280 808 1347 sive
837 1285 1221 1372 principalis
1245 1287 1384 1353 siv‘e
1416 1290 1628 1354 minus
1662 1291 2047 1378 principalis
2079 1293 2293 1374 fuerit,
2334 1315 2466 1358 non
2509 1292 2701 1358 debet
2740 1292 2869 1358 sibi
2907 1294 3291 1379 computari.

1089 1459 1145 1522 7.
1203 1473 1298 1520 DE
1341 1473 1968 1524 DISPUTATION‘IBUS
2007 1476 2655 1526 PROMOVENDORUM.

1695 1597 1816 1660 Vgl.
1852 1597 1918 1660 X,
1958 1596 2040 1648 11.

549 1698 778 1764 Item
799 1700 1014 1768 nullus
1051 1701 1138 1768 ad
1181 1727 1456 1772 examen
1495 1707 1972 1776 baccalariatus
2015 1712 2085 1776 in
2127 1709 2377 1777 artibus
2420 1709 2816 1791 admittatur,
2861 1709 2989 1773 nisi
3029 1710 3097 1774 in
3139 1733 3287 1775 con-

345 1797 714 1864 sciencia
751 1823 873 1866 sua
900 1800 1094 1886 dicat,
1139 1806 1312 1893 quod
1357 1809 1426 1872 in
1467 1809 1738 1894 triginta
1780 1809 2335 1896 disputationibus
2375 1809 2741 1890 ordinariis,
2784 1818 2917 1873 tam
2940 1811 3371 1895 magistro-10

347 1918 526 1960 rum
581 1919 823 1984 quam
867 1900 1382 1972 baccalariorum
1398 1957 1416 1991 ,
1458 1931 1768 1995 praesens
1808 1910 2027 1975 fuerit.
2046 1920 2181 1976 tam
2222 1911 2364 1993 diu,
2406 1910 2609 1976 donec
2660 1909 2960 1974 adminus
3008 1911 3290 1996 quinque

353 1998 740 2082 magistri
787 2011 902 2066 aut
939 2000 1298 2071 baccalarii
1343 2007 1728 2094 arguebant,
1772 2011 1828 2074 si
1871 2008 2099 2074 saltem
2142 2019 2239 2076 tot
2274 2009 2369 2076 ibi
2410 2010 2648 2075 fuerint
2692 2016 3060 2095 arguentes.

1386 2181 1445 2245 8.
1499 2193 1596 2240 nn
1643 2192 1938 2242 smum
1974 2195 2047 2242 m
2090 2194 2353 2244 BURSIS.

1684 2312 1804 2376 Vgl.
1839 2311 1909 2378 X,
1950 2311 2031 2362 12.

571 2416 770 2486 Item
811 2417 1023 2486 nullus
1066 2421 1446 2490 admittatur
1489 2424 1574 2491 ad
1617 2448 1892 2491 examen
1945 2448 2068 2514 pro
2122 2426 2335 2512 gradu
2371 2425 2849 2491 baccalariatus
2892 2427 2960 2490 in
3008 2423 3280 2508 artibus,
3303 2435 3365 2490 15

383 2513 528 2577 nisi
575 2516 664 2580 in
711 2517 1004 2605 collegiis
1048 2531 1160 2586 aut
1201 2521 1413 2588 bursis
1459 2545 1500 2589 a
1537 2525 1848 2591 facultate
1890 2525 2275 2613 approbatis
2318 2527 2615 2591 continue
2660 2525 2909 2590 steterit
2950 2523 3170 2613 ibique
3214 2525 3284 2590 in

383 2611 802 2682 scolasticis
835 2619 1089 2686 actibus
1115 2620 1532 2707 latinizando‚
1576 2625 1909 2712 arguendo
1943 2636 2006 2690 et
2036 2622 2488 2712 respondendo
2522 2623 2909 2712 diligencius
2946 2627 3014 2690 in
3052 2623 3278 2690 ordine

391 2733 526 2776 suo
575 2737 660 2779 se
711 2719 1182 2798 exercitaverit,
1225 2733 1568 2812 ceteraque
1613 2723 1870 2812 collegii
1912 2735 2025 2790 aut
2064 2723 2303 2790 bursae
2343 2725 2505 2808 iura,
2549 2735 2619 2790 ut
2661 2747 2854 2790 verus
2896 2722 3270 2812 inquilinu5‚

393 2831 526 2896 per
595 2835 680 2878 se
736 2820 1040 2884 tenuerit:
1109 2822 1235 2885 nisi
1289 2821 1461 2888 filius
1514 2826 1795 2891 civitatis
1850 2826 2045 2890 fuerit
2058 2873 2077 2907 ,
2130 2823 2239 2901 ,vel
2295 2822 2459 2889 alias
2516 2823 2679 2890 adeo
2732 2817 3122 2888 habundans
3172 2821 3278 2887 vel

401 2911 744 2980 notabilis
774 2915 985 3000 fuerit,
1029 2919 1202 3006 quod
1247 2921 1504 2988 domum
1545 2927 1878 3014 propriam
1922 2935 2143 2991 tenere
2186 2932 2249 2988 et
2289 2945 2613 3012 expensas
2656 2923 2960 3010 proprias
3002 2930 3365 2987 unacumzo

403 3015 754 3099 magistro
795 3016 901 3081 vel
941 3018 1358 3087 informatore
1401 3025 1674 3110 poterit,
1717 3023 1822 3089 vel
1878 3031 2263 3110 paupertate
2318 3031 2630 3110 gravatus
2686 3021 3030 3087 serviendo
3088 3020 3282 3087 alicui

413 3114 754 3200 magistro
797 3116 903 3182 vel
946 3115 1106 3185 alibi
1147 3141 1471 3209 expensas
1509 3123 1578 3189 in
1621 3132 1756 3190 toto
1797 3122 1903 3189 vel
1941 3145 2063 3211 pro
2106 3122 2451 3189 medietate
2491 3123 2732 3211 poterit
2771 3120 3017 3188 habere
3056 3123 3280 3209 gratis.

410 3210 524 3277 De
573 3237 712 3303 quo
755 3214 951 3283 fidem
992 3218 1281 3286 facultati
1330 3222 1449 3288 sub
1497 3246 1613 3289 suo
1656 3225 2013 3291 iuramento
2056 3245 2177 3312 per
2220 3222 2382 3288 duos
2432 3224 2611 3289 viros
2654 3222 2980 3310 ydoneos,
3040 3221 3277 3311 quibus

415 3310 548 3378 hoc
592 3325 872 3401 constat,
916 3328 1028 3385 aut
1070 3332 1213 3407 per'
1233 3320 1365 3387 alia
1404 3322 1723 3409 legittima
1765 3324 2153 3389 documenta
2192 3321 2411 3388 facere
2450 3332 2764 3389 teneatur.

421 3498 519 3565 9.¹
561 3516 666 3565 nn
689 3518 991 3569 neamus
1023 3508 1806 3590 ι3Α(κ’;Αι,ΑιιιΑΝι)οιιιηι,2
1840 3523 2035 3585 ouon
2058 3524 2271 3573 nemu
2297 3524 2530 3571 nnnn'r
2565 3523 2731 3571 nam
2763 3524 2949 3573 Axi-1³:
2986 3516 3356 3573 nxmuzs

1203 3623 1454 3672 nomm
1495 3622 1640 3671 cun
1686 3624 2160 3685 smus-nmina
2204 3606 2506 3673 'ramus-*¹

1672 3743 1793 3806 Vgl.
1827 3742 1894 3807 X,
1937 3742 2016 3794 14.

593 3854 758 3921 Item
799 3854 1015 3922 nullus
1060 3855 1437 3923 admittatur
1479 3880 1598 3945 pro
1641 3856 1854 3943 gradu
1902 3855 2377 3922 baecalariatus
2432 3854 2519 3921 ad
2575 3858 2881 3942 examen,
2936 3856 3065 3923 nisi
3123 3858 3265 3923 atti·

429 3958 600 4039 gerit
657 3978 896 4023 annum
956 3955 1276 4021 decimum
1334 3958 1682 4044 septimum
1738 3966 1802 4021 et
1857 3954 1939 4022 de
1988 3956 2305 4043 legittimo
2360 3958 2768 4023 matrimonio
2809 3967 3001 4023 natus
3043 3958 3161 4043 sit,
3205 3966 3271 4025 et

445 4054 608 4121 alias
653 4055 941 4122 moribus
981 4056 1516 4123 commendabilis
1567 4058 1840 4140 existat,
1883 4056 1977 4122 sic
2021 4056 2196 4142 quod
2234 4058 2301 4121 in
2342 4056 2517 4124 nullo
2575 4079 2847 4124 excessu
2898 4057 3169 4124 notabili
3212 4067 3359 4123 et30

433 4158 686 4222 notorio
733 4154 1174 4244 deprehensus
1215 4157 1438 4241 fuerit3
1497 4156 1672 4245 quod
1713 4155 1794 4221 de
1835 4155 2121 4243 quolibet
2164 4179 2451 4223 seorsum
2466 4207 2484 4240 ‚
2537 4156 2782 4223 scilicet
2821 4156 2902 4223 de
2944 4166 3158 4223 aetate
3203 4167 3268 4223 et

433 4251 882 4342 legittimitate,
924 4266 1074 4322 ante
1106 4256 1565 4323 admissionem
1592 4254 1678 4321 ad
1707 4278 1983 4321 examen
2006 4278 2125 4343 per
2150 4255 2466 4321 decanum
2501 4256 2843 4343 diligenter
2887 4258 3269 4345 inquiratur.

437 4352 614 4437 Quos
654 4356 858 4421 eciam
889 4365 954 4421 et
986 4355 1383 4445 quemlibett,
1415 4358 1484 4420 in
1517 4354 1752 4442 aliquo,
1797 4364 1872 4421 ut
1891 4357 2347 4444 praemittitur,
2389 4378 2663 4422 excessu
2704 4356 2977 4423 notabili
3018 4358 3269 4423 notorio

440 4452 855 4543 culpabilem,
899 4452 1170 4545 quilibet
1211 4457 1674 4543 magistrorum
1731 4456 1942 4521 sciens
1998 4454 2428 4521 denuncciare
2480 4465 2543 4521 et
2596 4456 2912 4544 impedire
2954 4464 3169 4545 potest
3208 4465 3273 4521 et

439 4562 700 4619 tenetur.
783 4554 921 4620 Nec
956 4556 1158 4619 eciam
1191 4554 1342 4621 talis
1377 4556 1444 4620 in
1477 4565 1810 4644 posterum
1850 4550 2191 4641 admitt[16
2207 4552 2429 4641 ⁸]atur‚
2472 4556 2599 4621 nisi
2641 4556 2804 4621 adeo
2845 4555 3263 4622 laudabiliter
3283 4564 3352 4622 35

440 4662 498 4718 et
535 4655 824 4720 virtuose
867 4676 936 4720 se
977 4656 1253 4737 rexerit,
1297 4654 1473 4743 quod
1511 4678 1597 4721 ex
1637 4664 1968 4719 transacta
2008 4654 2303 4720 virtuosa
2344 4657 2485 4721 eius
2528 4656 2664 4721 vita
2715 4654 2797 4721 de
2848 4655 3265 4744 subsequenti

438 4754 570 4819 eius
630 4756 1125 4821 conversatione
1184 4753 1498 4819 laudabili
1576 4763 2047 4842 praesumatur.
2174 4753 2263 4819 Et
2331 4754 2528 4820 talem
2591 4776 2929 4821 excessum
2994 4754 3267 4820 facultas

440 4854 680 4921 arcium
723 4862 984 4941 reputat
1023 4852 1379 4920 notabilem
1422 4862 1484 4919 et
1525 4854 1876 4935 notorium,
1921 4852 2001 4917 de
2056 4876 2182 4941 quo
2237 4876 2357 4941 per
2416 4865 2731 4921 rectorem
2786 4864 2850 4920 et
2904 4877 3264 4921 assessores

601 5058 626 5109 1
669 5052 828 5110 Nach
862 5055 960 5109 der
991 5056 1220 5110 zweiten
1253 5052 1750 5112 Inhaltsiibersicht
1781 5070 1882 5109 vor
1914 5051 2146 5124 Anfang
2182 5052 2282 5107 der
2316 5053 2576 5109 Statuten
2618 5052 2852 5125 beginnt
2896 5052 3017 5111 hier
3060 5054 3265 5111 bereits

438 5136 730 5193 Abschnitt
775 5138 880 5209 IX,
928 5138 1074 5195 nach
1107 5138 1208 5195 der
1237 5144 1418 5195 ersten
1453 5137 1786 5197 Uebersicht
1815 5138 2070 5210 dagegen
2104 5144 2219 5195 oret
2248 5137 2393 5194 nach
2434 5136 2477 5212 g
2521 5143 2597 5195 14.

601 5226 634 5277 2
668 5222 1040 5281 Geschrieben
1075 5222 1226 5280 steht
1258 5224 1712 5278 baccalariorum.
2580 5252 2597 5277 ο

599 5314 632 5367 3
665 5308 860 5365 Damit
887 5308 1012 5365 sind
1045 5309 1137 5365 die
1169 5308 1466 5380 folgenden
1503 5312 1535 5363 3
1568 5310 1704 5365 Item
1735 5308 1977 5381 gemeint
2009 5306 2163 5379 (incl.
2198 5305 2241 5381 g
2268 5312 2329 5363 1⁰
2362 5324 2418 5363 u.
2453 5308 2557 5379 11).
