4038 6358
3023 534 3055 570 Ο

1103 669 1292 723 Fflnfte
1326 669 1834 724 Statutenredaction
1855 707 1868 734 ,
1906 684 2029 721 vom
2063 668 2228 722 Jahn-e
2269 668 2411 722 1507.
3053 665 3172 731 505

327 862 593 921 tantum
613 904 631 938 ,
673 851 1005 942 quodlibet
1046 854 1301 922 illorum
1342 853 1429 920 ad
1473 860 1773 940 quattuor
1815 875 2089 936 menses,
2130 852 2517 919 exercicium
2563 873 2716 916 vero
2759 847 3178 937 phisicorum,

329 951 516 1043 quod
556 965 690 1020 tam
733 976 852 1042 pro
895 953 1341 1020 baccalariatu
1380 974 1575 1040 quam
1613 955 1987 1040 magisterio
2034 962 2166 1036 est,
2211 953 2294 1019 ad
2339 955 2624 1040 quinque
2663 972 2917 1017 menses
2960 947 3179 1036 dispu-

326 1054 609 1119 tabitur.
692 1053 782 1118 Et
837 1063 1225 1141 praenotata
1279 1053 1496 1119 omnia
1551 1061 1615 1116 et
1670 1052 1924 1140 singula
1976 1054 2334 1133 exercicia,
2378 1074 2496 1139 per
2554 1073 2718 1137 quae
2770 1049 3007 1136 aliquis
3044 1069 3179 1113 ma·

326 1154 694 1239 gistrorum
738 1153 896 1219 velit
940 1153 1233 1241 reputari
1288 1162 1668 1237 acturegens
1688 1201 1705 1234 ,
1748 1152 2041 1217 inchoari
2084 1149 2349 1234 debent,
2402 1163 2466 1216 et
2517 1153 2698 1239 prius
2739 1149 2994 1237 publice
3034 1148 3179 1213 inti-

329 1252 510 1316 mari
565 1252 634 1317 in
675 1252 886 1319 valvis
936 1252 1387 1339 collegiorum,
1440 1252 1507 1316 in
1559 1260 1806 1315 aestate
1864 1260 2012 1315 ante
2064 1251 2296 1316 festum
2349 1250 2656 1316 Iohannis
2714 1259 2862 1314 ante
2921 1256 3178 1337 portam
3230 1254 3264 1311 5

331 1349 653 1434 latinam,
721 1354 790 1416 in
832 1352 1042 1418 hieme
1085 1375 1241 1418 vero
1308 1359 1456 1417 ante
1518 1350 1752 1415 festum
1819 1351 2101 1416 omnium
2160 1360 2549 1415 sanctorum.
2635 1349 2902 1414 sivero
2950 1346 3182 1435 aliquis

341 1452 841 1538 magistrorum,
899 1463 962 1516 et
1003 1474 1346 1538 praesens,
1388 1450 1724 1536 negligens
1774 1450 1972 1514 fuerit
2014 1459 2078 1514 et
2117 1473 2304 1515 suum
2358 1450 2748 1514 exercicium
2807 1462 2954 1537 post
3006 1447 3181 1511 dicta

333 1550 513 1614 festa
573 1549 1012 1633 inchoaverit,
1080 1573 1197 1638 pro
1266 1574 1396 1616 non
1459 1559 1873 1636 acturegente
1936 1571 2055 1635 per
2120 1551 2312 1615 istam
2373 1548 2696 1634 integram
2759 1549 3180 1613 mutationem

331 1648 770 1735 reputabitur.
850 1648 941 1713 Et
993 1651 1062 1714 in
1117 1651 1242 1715 hoc
1297 1648 1569 1716 facultas
1622 1650 1858 1714 artium
1917 1671 2138 1714 omnes
2197 1649 2547 1735 magistros
2600 1646 2743 1713 vult
2793 1670 2936 1713 esse
2992 1669 3178 1733 prae-

334 1748 647 1815 avisatos.
735 1747 914 1814 Idem
974 1748 1355 1835 intelligitur
1410 1747 1493 1814 de
1545 1748 2094 1836 resumptionibus
2147 1746 2425 1835 publicis
2444 1796 2462 1829 ,
2526 1768 2686 1834 quas
2748 1746 2984 1836 aliquis
3042 1770 3174 1811 ma·
3199 1756 3262 1811 10

331 1848 696 1933 gistrorum
739 1871 861 1935 pro
905 1871 1024 1913 sua
1066 1849 1510 1934 actm-egentia
1551 1855 1798 1912 tantum
1835 1848 2053 1914 facere
2089 1847 2399 1930 instituit3
2461 1846 2652 1911 debet
2693 1848 2862 1912 enim
2903 1846 3173 1935 quilibet

329 1949 651 2033 magister
693 1969 1003 2035 praesens
1022 1997 1041 2031 ,
1099 1947 1321 2013 volens
1375 1969 1699 2013 resumere
1755 1948 1823 2012 in
1879 1947 2163 2031 artibus,
2220 1948 2367 2033 pari
2422 1946 2613 2011 modo
2669 1955 2820 2011 ante
2877 1948 3177 2033 praefata

329 2047 514 2111 festa
555 2070 737 2112 suam
777 2046 1082 2113 inchoare
1123 2048 1625 2133 resumptionem
1668 2056 1733 2112 et
1774 2067 1916 2111 eam
1962 2037 2324 2134 diligenter,
2380 2045 2680 2111 adminus
2723 2044 2810 2111 ad
2852 2047 3181 2132 integrum

336 2168 661 2228 mensem,
702 2147 770 2211 in
812 2145 955 2212 loco
998 2145 1260 2234 publico
1304 2147 1713 2229 continual-03
1776 2145 1940 2211 alias
1985 2168 2105 2235 pro
2148 2169 2277 2212 non
2320 2155 2734 2232 actui-egente
2770 2145 3181 2234 reputabitur

332 2266 459 2331 per
500 2246 693 2310 istam
733 2246 1203 2311 mutationem.¹
3203 2253 3265 2309 15

1010 2415 1107 2478 19.
1161 2428 1255 2475 ns
1299 2428 1505 2478 nolus
1544 2430 1640 2477 An
1683 2428 2056 2478 nxnnclcu
2099 2428 2510 2477 nurui-Ans.

513 2544 771 2628 Placet,
812 2553 877 2609 et
932 2545 1025 2608 ita
1065 2551 1252 2608 vetus
1295 2544 1688 2609 consuetudo
1741 2545 1808 2608 in
1863 2543 2170 2609 facultate
2221 2544 2459 2609 artium
2501 2543 2614 2609 diu
2656 2541 2961 2627 obtinuit,
3003 2543 3176 2631 quod

335 2653 491 2708 ante
532 2644 882 2730 prandium
922 2643 1087 2709 hora
1129 2651 1361 2708 octava
1408 2645 1477 2707 in
1518 2654 1795 2726 aestate,
1837 2643 1904 2707 in
1956 2641 2167 2709 hieme
2218 2642 2389 2708 hora
2433 2665 2632 2726 nona,
2676 2654 2938 2708 maneat
2980 2642 3178 2730 depu-

335 2752 483 2809 tata
527 2765 648 2830 pro
694 2744 1013 2809 exercicio
1056 2764 1263 2808 novae
1303 2741 1555 2829 logicae
1599 2752 1663 2807 et
1704 2743 1940 2808 veteris
1985 2743 2175 2824 artis3
2214 2750 2364 2828 post
2403 2742 2748 2828 prandium
2791 2742 3177 2808 duodecima

336 2838 504 2930 [41¹³]
549 2865 668 2928 pro
711 2844 1034 2907 exercicio
1078 2864 1433 2928 parvorum
1474 2841 1841 2929 logicalium
1886 2863 2005 2929 pro
2042 2840 2519 2923 baccalariatu,
2566 2853 2628 2906 et
2670 2842 2990 2907 exercicio
3032 2848 3264 2928 par-20

335 2964 567 3007 vorum
620 2941 1012 3006 naturalium
1067 2963 1187 3028 pro
1244 2943 1655 3028 magisteri03
1720 2941 1924 3008 tercia
1979 2941 2144 3006 hora
2199 2963 2319 3026 pro
2374 2941 2694 3006 exercicio
2738 2940 2819 3005 de
2863 2942 3080 3006 anima
3122 2951 3185 3005 et

335 3040 780 3128 physicorum.
846 3040 935 3105 Et
974 3062 1092 3128 per
1128 3039 1373 3106 nullum
1407 3042 1789 3128 magistrum
1836 3048 2247 3106 exercentem
2292 3038 2659 3108 huiusmodi
2702 3040 2904 3107 horae
2947 3040 3183 3106 debent

340 3141 692 3206 immutari.
1832 3144 1863 3181 ⁸

463 3313 559 3374 20.
608 3323 940 3373 melsun
979 3323 1433 3372 ExERCEN'rEs
1475 3326 1545 3372 m
1589 3324 1788 3374 Locls
1833 3324 2147 3372 Pnnmcls
2193 3323 2318 3371 sUA
2362 3323 2641 3371 DEBENT
2693 3324 3062 3374 sxmzclcu

1561 3424 1974 3472 msru'rARn.
2078 3428 2091 3435 ’
3198 3414 3266 3471 25

505 3522 768 3606 Placet,
811 3520 982 3608 quod
1034 3522 1331 3607 magistri
1390 3522 1792 3611 disputantes
1853 3544 1966 3587 seu
2018 3530 2392 3586 exercentes
2437 3520 2503 3584 in
2546 3520 2706 3585 locis
2759 3521 3068 3608 publicis,
3111 3532 3181 3586 ut

335 3626 408 3690 in
453 3623 670 3709 aliquo
724 3621 1141 3687 lectoriorum
1196 3644 1309 3685 seu
1364 3622 1555 3689 stuba
1615 3622 2086 3688 communitatis
2141 3620 2414 3685 alicuius
2474 3618 2728 3705 collegii
2784 3642 2898 3685 seu
2939 3620 3177 3687 bursae

341 3722 785 3811 approbatae,
829 3720 1162 3808 disputare
1208 3719 1548 3807 diligenter
1592 3744 1710 3785 sua
1754 3719 1990 3785 debent
2033 3720 2389 3800 exercicia,
2447 3720 2574 3784 nisi
2631 3730 2899 3808 propter
2958 3722 3175 3808 pauci·

341 3833 543 3889 tatem
587 3821 986 3886 audientium
1029 3818 1311 3884 decanus
1354 3842 1498 3886 cum
1543 3824 1676 3886 suis
1730 3819 2188 3884 executoribus
2238 3817 2432 3883 alicui
2487 3821 2951 3906 magistrorum
2994 3843 3175 3886 exer-

342 3922 516 3986 cenfi
557 3916 924 4006 indulgeat,
974 3917 1148 4005 quod
1190 3919 1258 3982 in
1301 3942 1418 3983 sua
1460 3921 1729 4007 propria
1778 3918 2179 3984 habitatione
2223 3918 2430 4004 possit
2472 3939 2812 4002 exercere,
2856 3921 2924 3984 in
2968 3920 3262 3985 hieme30

344 4042 503 4084 vero
546 4029 816 4106 propter
854 4018 1061 4104 frigus
1102 4019 1333 4104 ingens
1381 4018 1650 4106 quilibet
1705 4040 2013 4083 exercens
2066 4018 2135 4082 in
2185 4016 2406 4103 aliqua
2459 4017 2647 4083 stuba
2702 4020 3177 4085 communitatis

340 4118 617 4184 alicuius
650 4118 773 4183 loci
806 4116 1173 4205 approbati,
1219 4119 1407 4182 etiam
1447 4121 1513 4182 in
1548 4119 1815 4205 propria
1847 4117 2040 4183 stuba
2071 4117 2231 4191 satis
2275 4116 2493 4203 ampla
2539 4119 2778 4204 poterit
2817 4117 3173 4206 disputare,

337 4219 433 4282 ita
474 4227 688 4282 tamen
731 4216 905 4305 quod
944 4216 1066 4281 hoc
1109 4218 1290 4302 prius
1332 4218 1615 4282 insinuet
1665 4226 1729 4282 et
1781 4217 2070 4282 notificet
2123 4215 2367 4281 decano
2424 4216 2769 4283 facultatis.
2853 4216 2944 4282 Et
2997 4241 3177 4283 exer-

342 4340 495 4383 cens
539 4317 850 4403 magister
892 4316 1066 4380 omni
1106 4315 1218 4411 die
1260 4314 1671 4403 disputabili,
1716 4320 1910 4381 etiam
1953 4318 2022 4380 in
2063 4314 2536 4380 canicularibus
2582 4339 2697 4382 seu
2752 4315 2897 4382 aliis
2946 4340 3177 4384 vacan-

338 4416 486 4499 tiis,
532 4438 716 4480 suum
732 4463 751 4497 ,
791 4412 962 4503 quod
1004 4415 1253 4501 recepit
1293 4425 1355 4479 et
1397 4415 1667 4502 incepit,
1713 4415 2108 4480 exercicium
2151 4415 2525 4480 continuare
2569 4414 2762 4481 debet
2800 4426 2862 4481 et
2901 4427 3173 4503 tenetur,
3194 4430 3261 4485 35

341 4513 461 4579 sub
486 4536 697 4601 poena
719 4537 849 4580 non
882 4515 1377 4600 computationis
1417 4513 1590 4579 illius
1632 4515 1937 4579 exercicii
1974 4537 2092 4601 pro
2130 4514 2575 4600 acturegentia
2618 4525 2681 4580 et
2723 4517 3178 4605 completione²

339 4611 586 4679 biennii
628 4635 748 4701 pro
791 4614 1091 4699 ingressu
1132 4634 1246 4677 suo
1293 4623 1584 4700 tempore
1626 4613 1714 4678 ad
1762 4612 2101 4679 consilium
2137 4612 2481 4678 facultatis.

340 4784 436 4846 21.
492 4794 821 4844 MAGISTRI
873 4795 1233 4845 LECTORES
1286 4796 1554 4856 ABSQUE
1609 4797 1825 4845 CAUSA
1877 4795 2329 4844 RATIONABILI
2387 4795 2551 4845 SUAS
2593 4794 2738 4845 NON
2780 4798 3181 4847 NEGLIGANT

1562 4896 1968 4944 LECTIONES.

504 4994 751 5078 Placet,
791 4995 964 5082 quod
994 4996 1291 5083 magistri
1318 4994 1593 5060 lectores
1631 4993 1963 5077 ordinarii,
2009 4994 2091 5061 de
2131 4993 2398 5060 consilio
2441 4996 2765 5061 facultatis
2806 4996 3175 5081 existentes,
3194 5007 3261 5063 40

342 5094 432 5159 ad
490 5096 1018 5161 convocationem
1082 5094 1366 5160 eiusdem
1426 5093 1680 5160 consilii
1737 5095 1805 5157 in
1868 5094 2090 5159 arduis
2153 5095 2349 5158 etiam
2411 5096 2624 5160 causis
2669 5104 2733 5161 et
2773 5094 2894 5160 sub
2936 5118 3177 5185 magna

514 5264 536 5314 1
577 5258 687 5313 Am
723 5254 942 5314 Randez
976 5260 1104 5314 vido
1135 5261 1235 5314 sub
1268 5262 1537 5315 docum
1570 5261 1747 5315 Maca.

510 5347 543 5399 2
578 5341 949 5401 Geschrieben
982 5343 1058 5399 ist
1090 5344 1483 5416 completionis.
