4038 6358
1310 655 1413 706 Die
1449 657 1687 706 Statuten
1729 670 1835 707 von
1875 656 2223 710 1416—1435.
3057 658 3174 721 179

788 842 885 904 16.
929 853 1022 899 DE
1070 853 1493 903 nmmonmns
1537 851 2002 904 Ponmoumus
2047 855 2303 905 DANms
2345 855 2441 904 An
2484 854 2783 902 mnsam.

498 966 663 1031 Item
709 965 793 1032 de
845 967 1134 1056 quolibet
1175 968 1421 1036 ferculo
1465 970 1736 1038 meliora
1778 970 2011 1039 dentur
2057 973 2143 1039 ad
2182 995 2476 1038 mensam
2515 971 2989 1057 magistrorum.

836 1141 928 1201 17.
971 1153 1064 1200 DE
1110 1152 1471 1204 CEREVISIA
1512 1155 1979 1206 COMPETENTE
2021 1157 2348 1206 HABENDA
2387 1157 2461 1205 IN
2501 1156 2746 1204 MENSA.

488 1268 653 1333 Item
699 1269 1110 1355 praepositus
1153 1270 1499 1357 provideat
1542 1271 1623 1337 de
1667 1274 1987 1338 cerevisia
2034 1275 2425 1360 competenti
2467 1270 2860 1360 potionibus,
2920 1292 3000 1334 ne
3042 1270 3185 1356 quis

294 1364 569 1432 habeat
609 1369 1098 1434 excusationem
1141 1368 1223 1435 de
1266 1370 1718 1457 singularitate
1759 1370 2043 1440 bibendi.
3232 1378 3266 1432 5

1750 1525 1847 1589 18.

486 1634 652 1700 Item
695 1632 967 1722 quilibet
1011 1633 1093 1701 de
1130 1657 1298 1702 novo
1341 1637 1595 1704 intrans
1639 1638 1984 1728 collegium
2025 1640 2095 1705 in
2134 1661 2359 1706 mensa
2413 1637 2626 1705 solvat
2667 1638 2840 1704 infra
2891 1657 3179 1702 mensem

298 1754 518 1799 unam
564 1755 965 1821 sexagenam
1009 1734 1097 1801 ad
1136 1735 1366 1802 fiscum
1410 1737 1686 1826 collegii.

835 1907 927 1969 19.
970 1921 1064 1968 DE
1107 1920 1405 1971 PECUNIA
1449 1923 1796 1972 EXEUNTIS
1840 1922 2248 1974 COLLEGIUM
2293 1913 2733 1972 REHABENDA.

492 2035 656 2100 Item
704 2034 973 2122 quilibet
1018 2036 1170 2104 talis
1214 2039 1440 2104 exiens
1483 2037 1823 2127 collegium
1864 2062 1982 2128 per
2021 2049 2294 2105 mortem
2328 2038 2432 2104 vel
2473 2061 2592 2126 per
2634 2037 3186 2103 renunciationem
3204 2044 3269 2100 10

304 2135 421 2200 vel
468 2135 601 2201 alio
622 2135 818 2200 modo
842 2135 1113 2201 habebit
1150 2137 1564 2205 medietatem
1606 2149 2039 2228 proventuum
2081 2161 2239 2205 suae
2281 2139 2616 2225 portionis,
2657 2158 2852 2224 quam
2893 2133 3184 2217 haberet,

306 2236 366 2300 si
414 2237 490 2299 in
526 2232 803 2320 collegio
844 2246 1152 2319 maneret,
1193 2238 1249 2302 si
1292 2238 1523 2303 saltem
1564 2240 2140 2327 praepositaverit3
2185 2239 2419 2304 sivero
2444 2259 2576 2303 non
2613 2236 3181 2325 praepositaverig

307 2334 595 2400 habebit
636 2333 913 2400 eandem
957 2335 1368 2402 medietatem
1410 2337 1691 2426 demptis
1735 2361 1854 2404 sex
1895 2338 2177 2405 florenis.

488 2508 591 2570 20.
632 2519 727 2568 DE
774 2518 1172 2568 SOLUTIONE
1217 2521 1486 2570 BURSAE
1528 2521 1858 2571 MAGISTRI
1897 2523 1991 2571 DE
2037 2522 2229 2572 NOVO
2271 2519 2643 2570 INTRANTIS
2686 2519 3105 2570 COLLEGIUM.

492 2637 661 2702 Item
703 2635 786 2701 de
830 2658 999 2702 novo
1044 2637 1296 2702 intrans
1339 2637 1674 2725 collegium
1720 2660 1839 2726 per
1882 2639 2170 2705 medium
2215 2660 2457 2705 annum
2500 2637 2713 2704 solvat
2750 2634 3018 2704 bursam
3062 2657 3181 2724 pro
3201 2644 3266 2700 15

321 2758 393 2801 se
437 2747 503 2801 et
548 2735 845 2802 scholare
889 2759 1027 2802 suo.

677 2891 776 2954 21.
814 2905 909 2952 nn
951 2903 1366 2956 nounsu'm
1408 2906 1771 2955 snnvANDA
1812 2905 2026 2956 mrER
2064 2905 2456 2956 mms‘rnos
2500 2904 2848 2954 connacn.

485 3020 653 3086 Item
696 3019 910 3085 nullus
954 3019 1443 3107 collegiatorum
1481 3021 1549 3086 in
1593 3021 2172 3089 convocationibus
2214 3022 2320 3088 vel
2380 3023 2450 3087 in
2494 3043 2720 3086 mensa
2761 3019 3018 3106 collegii
3063 3019 3182 3084 cri-

318 3141 471 3187 men
548 3117 653 3185 vel
728 3120 1091 3186 convicium
1168 3118 1275 3187 vel
1346 3121 1652 3188 iniuriam
1729 3121 1972 3189 realem
2041 3123 2352 3189 iniuriose
2411 3119 2610 3187 alteri
2675 3122 2998 3209 imponat,
3062 3116 3182 3185 sub

320 3243 554 3307 poena,
599 3219 793 3306 quod,
840 3221 899 3285 si
941 3220 1112 3286 infra
1155 3220 1322 3287 duos
1365 3220 1505 3287 dies
1548 3245 1679 3288 non
1719 3222 2074 3289 obtinuerit
2116 3224 2254 3288 eius
2292 3221 2710 3303 voluntatem,
2753 3230 2990 3287 extunc
3032 3219 3268 3285 talis20

322 3329 580 3387 tenetur
621 3330 794 3386 stare
837 3321 906 3385 in
948 3319 1297 3387 dictamine
1335 3322 1606 3388 maioris
1646 3323 1853 3409 partis
1894 3322 2150 3408 collegii
2192 3320 2408 3409 quoad
2452 3319 2979 3387 satisfaciendum
3007 3322 3181 3407 parti

321 3421 625 3502 offensae,
683 3419 804 3485 sub
846 3442 1061 3507 poena
1099 3422 1429 3486 carentiae
1473 3443 1628 3486 suae
1681 3423 2019 3508 portionis,
2066 3420 2269 3486 donec
2327 3420 2442 3486 tali
2486 3420 2820 3486 dictamini
2869 3420 3180 3508 paruerit.

322 3518 407 3584 Et
452 3519 629 3586 idem
673 3518 868 3585 debet
907 3518 1183 3606 intelligi
1230 3518 1312 3584 de
1351 3517 1777 3586 scholaribus.
1858 3521 1931 3586 Si
1972 3543 2130 3588 vero
2173 3520 2424 3608 aliquid
2479 3519 2705 3585 talium
2751 3520 2978 3585 fecerit
3025 3517 3182 3585 alibi

324 3640 521 3705 quam
560 3620 631 3684 in
671 3620 1131 3687 convocatione
1169 3618 1276 3685 vel
1331 3641 1575 3704 mensa,
1628 3630 1866 3685 extunc
1916 3643 2073 3708 pars
2127 3621 2306 3687 laesa
2347 3630 2598 3686 tenetur
2642 3619 2953 3687 offensam
2998 3641 3182 3684 suam

328 3720 537 3804 primo
582 3739 946 3806 proponere
990 3717 1265 3804 collegio
1310 3728 1373 3784 et
1392 3738 1650 3807 ‘capere
1690 3718 1784 3784 ibi
1828 3721 2173 3803 iusticiam,
2220 3720 2275 3786 si
2324 3719 2448 3786 sibi
2496 3720 2735 3806 poterit
2773 3720 3013 3785 venire.
3196 3726 3262 3782 25

863 3892 962 3952 22.
1006 3903 1100 3951 DE
1142 3903 1587 3952 ornnomnus
1632 3882 1975 3954 Ennomus
2015 3905 2162 3956 Non
2200 3903 2716 3953 nssrssunnnms.

418 3966 431 3973 -
485 4018 652 4085 Item
672 4017 885 4083 nullus
909 4016 1393 4105 collegiatorum
1436 4018 1695 4106 publice
1733 4020 2060 4101 defendat,
2107 4021 2338 4087 doceat
2377 4019 2480 4086 vel
2526 4017 2858 4106 praedicet
2897 4017 3180 4106 aliquam

330 4118 696 4204 opinionem
747 4139 986 4183 novam
1031 4117 1137 4183 vel
1195 4121 1548 4207 antiquam,
1602 4141 1769 4205 quae
1819 4122 2051 4188 maiori
2110 4122 2284 4208 parti
2340 4118 2715 4207 displiceat,
2773 4116 2893 4183 sub
2950 4140 3179 4204 poena,

327 4217 523 4304 quod,
582 4220 640 4283 si
695 4226 847 4304 post
900 4217 1171 4283 terciam
1222 4220 1644 4286 monitionem
1699 4219 1943 4289 factam
1996 4244 2040 4285 a
2079 4220 2351 4306 collegio
2396 4217 2479 4285 ab
2522 4218 2672 4304 ipsa
2713 4239 2843 4283 non
2886 4217 3175 4299 cesserit,

330 4324 543 4383 careat
583 4339 705 4383 sua
744 4319 1071 4404 porcione,
1109 4316 1317 4387 donec
1359 4317 1630 4404 collegio
1671 4319 1871 4386 fuerit
1906 4319 2383 4387 reconciliatus.
3188 4324 3257 4381 30

852 4489 948 4553 23.
1001 4503 1095 4550 nn
1142 4502 1637 4551 nEPu'rA'monE
1680 4502 1770 4549 Εἰ·
1815 4502 2046 4552 Pol-:NA
2087 4504 2232 4552 uon
2274 4501 2720 4552 ΑθθυΜΕΝΤιθ.

486 4616 654 4682 Item
702 4615 973 4702 quilibet
1015 4617 1417 4705 collegiatae,
1459 4616 1546 4682 ad
1585 4616 1846 4705 aliquod
1888 4620 2133 4684 factum
2173 4616 2426 4703 collegii
2472 4640 2588 4705 per
2611 4614 2949 4702 collegium
2975 4615 3173 4702 depu-

333 4723 519 4799 tatae,
561 4724 818 4781 tenetur
857 4716 981 4783 hoc
1024 4739 1353 4783 assumere
1394 4715 1517 4782 θιὼ
1559 4739 1770 4804 poena
1807 4721 1999 4783 unius
2042 4716 2289 4784 floreni.
2340 4717 2558 4783 Debet
2589 4728 2803 4782 tamen
2837 4714 3178 4800 collegium

338 4815 397 4881 in
438 4815 554 4881 tali
598 4814 1019 4902 deputatione
1058 4837 1322 4883 servare
1361 4816 1841 4902 aequalitatem,
1885 4818 1953 4881 in
1996 4826 2308 4905 quantum
2350 4825 2580 4902 potest.

953 4987 1052 5051 24.
1095 5001 1189 5048 DE
1235 5000 1562 5050 sncnn'ms
1605 4998 1933 5049 commu
1973 5000 2120 5051 non
2162 5000 2613 5049 REVELANms.
3193 4991 3259 5047 35

485 5114 652 5180 Item
698 5115 967 5202 quilibet
1018 5125 1270 5181 tenetur
1313 5115 1432 5181 sub
1484 5125 1736 5181 secreto
1779 5124 2018 5199 tenere,
2076 5139 2242 5201 quae
2293 5117 2705 5205 praepositus
2750 5115 3008 5179 nomine
3051 5115 3178 5183 col⁴

334 5210 477 5300 legii
519 5216 863 5280 committit
902 5215 1006 5280 vel
1050 5214 1177 5280 sibi
1217 5214 1486 5280 mandat
1527 5227 1747 5280 tenere
1793 5214 1912 5280 sub
1958 5226 2227 5300 secreto,
2287 5215 2408 5281 θιὼ
2464 5237 2675 5302 poena
2732 5236 2847 5301 per
2903 5237 3177 5301 praepo·

336 5313 515 5379 situm
558 5323 624 5378 et
667 5313 1008 5402 collegium
1051 5314 1178 5380 sibi
1224 5314 1637 5401 iniungenda.

2723 5420 2839 5481 12*
