4038 6358
1375 600 1477 654 Die
1515 599 1754 654 statuten
1792 614 1919 652 vom
1952 601 2119 653 Jahn-e
2157 599 2300 655 1558.
3136 589 3250 658 281

362 785 570 854 intra
597 784 887 854 triduum
913 784 1373 868 numeraverit,
1419 783 1843 870 collegiatura
1886 807 2007 851 sua
2052 785 2348 871 privatus
2390 790 2546 848 esto,
2611 779 2838 847 Socius
2880 772 3253 865 au[13]tem

364 908 661 952 mensae
706 884 811 950 vel
874 884 1246 973 inquilinus,
1299 885 1368 949 in
1426 884 1622 950 simili
1679 885 1930 971 flagitio
1988 884 2457 970 deprehensus,
2524 879 2736 946 solvat
2786 878 3031 945 ibidem
3083 877 3258 941 intra

368 984 730 1052 octiduum
773 994 907 1050 tres
948 985 1247 1060 florenos,
1286 983 1391 1048 vel
1433 1004 1469 1049 e
1514 983 1786 1070 collegio
1831 983 2233 1049 excludatur.

434 1189 447 1196 -
559 1134 779 1200 XVII.
837 1133 1136 1220 Collega,
1201 1134 1310 1221 qui
1368 1140 1561 1199 extra
1618 1133 1813 1198 aedes
1872 1133 2125 1220 collegii
2183 1135 2381 1199 utitur
2441 1127 2906 1196 consuetudine
2963 1125 3253 1192 mulieris

372 1243 741 1320 suspectae
782 1232 1154 1321 pudicitiae,
1212 1234 1421 1319 primo
1464 1232 1656 1298 debet
1699 1233 1784 1298 ab
1830 1255 1928 1315 e0,
1972 1236 2083 1321 qui
2126 1233 2195 1297 id
2238 1230 2698 1297 animadvertit
2754 1237 2868 1292 aut
2903 1225 3170 1293 rescivit
3213 1245 3254 1288 a
3302 1230 3336 1287 5

369 1333 524 1398 fide
571 1332 809 1417 digniS,
863 1331 1270 1397 familiariter
1311 1334 1576 1414 moneri,
1630 1341 1701 1397 ut
1751 1332 1834 1398 ab
1878 1333 2177 1420 incoepto
2223 1331 2513 1397 desistat.
2600 1327 2672 1393 Si
2732 1328 2939 1392 averti
2992 1323 3076 1390 ab
3132 1323 3254 1388 hoc

373 1454 527 1496 non
570 1433 833 1519 poterit,
876 1430 1355 1496 manifestanda
1398 1441 1496 1496 est
1536 1453 1641 1495 res
1685 1432 1834 1519 ipsa
1876 1433 2249 1519 praeposito
2294 1438 2360 1496 et
2399 1428 2640 1493 seniori
2684 1425 2990 1512 collegae,
3022 1433 3152 1505 aut,
3197 1423 3253 1487 si

374 1529 721 1616 quispiam
766 1529 931 1595 forte
973 1529 1201 1595 horum
1246 1530 1330 1595 sit
1379 1552 1549 1613 reus,
1602 1530 1718 1612 illi,
1767 1533 1877 1617 qui
1938 1531 2236 1616 proxime
2280 1529 2587 1614 sequitur,
2643 1527 2755 1615 qui
2806 1534 2872 1589 et
2921 1523 3052 1612 ipsi
3109 1543 3255 1586 cum

384 1630 636 1694 amicis
659 1628 879 1693 verbis
926 1650 1161 1693 sanare
1204 1628 1572 1694 studebunt.
1637 1630 1711 1694 Si
1750 1650 1958 1713 neque
1997 1628 2122 1692 hac
2164 1630 2415 1693 ratione
2458 1628 2799 1714 quicquam
2845 1622 3255 1710 profecerint,

381 1726 759 1814 cogendum
809 1737 905 1791 est
944 1736 1150 1793 totum
1197 1726 1538 1814 collegium
1598 1738 1661 1792 et
1715 1726 1864 1792 talis
1917 1726 2227 1792 benevole
2272 1725 2712 1812 castigandus,
2768 1724 2877 1811 qui
2931 1720 3249 1807 flagitium
3272 1727 3337 1783 10

378 1829 901 1914 perpetraverit.
955 1825 1148 1908 Quod
1192 1828 1249 1891 si
1292 1849 1500 1914 neque
1542 1827 1695 1892 huic
1740 1823 1867 1913 [14]
1910 1827 2236 1890 fraternae
2278 1826 2687 1910 castigationi
2729 1822 2940 1887 locum
2982 1819 3253 1907 relique-

380 1927 500 2007 rit,
557 1925 699 1989 iure
757 1924 1013 2008 collegii
1072 1925 1370 2011 privatus
1424 1936 1561 1991 esto
1618 1935 1681 1991 et
1732 1926 1907 1990 intra
1958 1947 2246 1990 mensem
2286 1935 2480 1990 exeat
2532 1922 2835 2008 collegi03
2891 1917 3067 2008 quod
3124 1917 3253 1981 nisi

379 2025 642 2105 fecerit,
689 2025 988 2111 periurus
1029 2023 1368 2090 habeatur.
1452 2022 1683 2105 Qualis
1728 2026 1924 2089 etiam
1969 2026 2220 2089 censeri
2261 2022 2471 2105 debet,
2514 2024 2570 2087 si
2608 2044 2734 2107 quo
2774 2019 2965 2086 modo
3007 2015 3252 2097 ulcisci,

384 2124 537 2187 sive
580 2144 700 2210 per
742 2144 812 2188 se
856 2122 996 2187 sive
1038 2144 1157 2209 per
1200 2122 1415 2206 alium,
1464 2145 1847 2211 quacunque
1888 2126 2140 2188 ratione
2183 2124 2528 2190 tentaverit
2568 2120 2657 2203 id,
2699 2117 2783 2185 ob
2827 2117 3000 2206 quod
3032 2114 3253 2181 debito

382 2220 588 2288 modo
627 2221 697 2286 in
738 2222 953 2308 ipsum
994 2220 1337 2307 collegium
1381 2222 1855 2288 animadvertit.
3273 2222 3333 2278 15

562 2386 804 2453 XVIII.
855 2386 1032 2452 Nihil
1075 2396 1210 2453 tam
1252 2386 1458 2469 decet,
1504 2409 1698 2475 quam
1744 2399 1816 2454 ut
1856 2390 2025 2455 inter
2064 2388 2297 2453 fratres
2344 2383 2695 2454 concordia
2735 2381 2964 2448 alatur.
3009 2379 3251 2446 Severe

384 2488 600 2573 igitur
656 2486 1075 2552 interdictum
1126 2485 1457 2570 volumus,
1513 2509 1594 2552 ne
1652 2489 1797 2575 quis
1853 2487 2128 2553 alterum
2180 2485 2284 2551 vel
2335 2484 2555 2550 verbis
2611 2483 2716 2549 vel
2771 2481 2963 2548 factis
3016 2478 3253 2545 laedat.

390 2586 527 2666 Qui
570 2607 727 2651 vero
790 2596 1017 2658 contra
1081 2585 1442 2674 deliquerit,
1493 2587 1553 2650 is
1607 2588 1962 2652 sententiae
2010 2609 2052 2651 a
2096 2585 2326 2651 maiori
2385 2593 2570 2673 parte
2621 2581 2794 2647 latae
2849 2579 3251 2665 obtemperet

391 2695 462 2749 et
508 2682 593 2749 ab
636 2684 752 2749 illa
795 2684 1109 2750 dictatam
1151 2683 1417 2750 multam
1459 2684 1809 2772 persolvat.
1883 2684 2075 2766 Quod
2116 2686 2172 2749 si
2214 2685 2307 2748 ita
2349 2684 2654 2769 pertinax
2694 2681 2908 2761 fuerit,
2950 2687 3022 2742 ut
3057 2678 3251 2743 etiam

394 2782 569 2848 hanc
604 2782 763 2848 dare
802 2793 1077 2866 recuset,
1122 2784 1415 2870 privetur
1441 2783 1523 2849 de
1567 2780 2019 2872 sen[l5]tentia
2064 2783 2385 2847 communi
2421 2780 2814 2869 reliquorum
2858 2776 3251 2863 collegarum
3268 2784 3336 2841 20

390 2905 516 2969 pro
559 2885 918 2970 quantitate
959 2892 1025 2947 et
1069 2881 1378 2971 qualitate
1421 2881 1639 2947 delicti
1685 2881 1906 2970 aliqua
1950 2904 2307 2948 annuorum
2349 2880 2670 2946 redituum
2715 2886 2923 2966 parte.

560 3047 748 3112 XIX.
811 3046 1095 3114 Cuilibet
1135 3047 1423 3134 collegae
1475 3048 1751 3114 liberum
1808 3050 1890 3114 sit
1936 3046 2223 3136 quolibet
2276 3048 2569 3111 semestri
2612 3067 2653 3109 a
2705 3043 2978 3129 collegio
3022 3042 3251 3108 abesse

390 3169 616 3213 mense
658 3169 808 3213 uno.
887 3146 1003 3212 Sin
1047 3156 1261 3214 autem
1319 3147 1555 3236 aliquis
1609 3147 1889 3234 longiori
1929 3159 2222 3235 tempore
2262 3145 2540 3213 voluerit
2580 3143 2814 3210 abesse
2854 3153 2966 3209 aut
3009 3140 3137 3208 alio
3183 3164 3254 3207 se

308 3240 317 3249 ’
391 3249 718 3329 conferre,
779 3267 1010 3312 causas
1072 3246 1408 3313 absentiae
1470 3271 1625 3313 suae
1682 3258 1968 3334 exponat
2027 3246 2327 3332 collegio,
2389 3244 2562 3333 quod
2622 3243 2974 3310 secundum
3028 3264 3252 3308 earum

393 3344 980 3435 cpnsiderationem
1022 3345 1125 3411 vel
1170 3348 1547 3434 permittere
1592 3347 1687 3415 illi
1731 3347 1903 3433 quod
1946 3347 2110 3433 petit
2151 3343 2254 3411 vel
2304 3344 2629 3429 denegare
2671 3344 2931 3430 poterit.
3267 3351 3333 3406 25

558 3510 713 3575 XX.
776 3511 941 3577 Cum
1004 3510 1239 3576 nullius
1304 3513 1401 3577 rei
1459 3522 1593 3578 tam
1655 3514 1780 3578 cito
1838 3512 2028 3578 nobis
2093 3533 2433 3598 surrepere
2489 3508 2730 3575 oblivio
2792 3507 2994 3573 soleat
3053 3530 3247 3595 quam

388 3609 692 3675 beneficii
749 3612 1033 3697 accepti,
1092 3609 1251 3675 nihil
1293 3634 1450 3676 vero
1507 3620 1639 3677 tam
1698 3622 1891 3699 turpe
1947 3613 2034 3677 sit
2085 3633 2282 3698 quam
2337 3610 2527 3674 huius
2581 3610 3019 3673 immemorem
3075 3629 3249 3673 esse:

388 3709 540 3776 ideo
601 3708 964 3774 iudicamus
1038 3732 1247 3796 neque
1325 3709 1631 3797 deinceps
1706 3711 2225 3776 anniversariam
2298 3708 2846 3784 recordationem,
2883 3706 3249 3772 fundatoris

387 3810 598 3873 nostri
640 3808 1221 3874 munificentissimi
1260 3831 1400 3874 esse
1443 3810 2006 3876 intermittendam.
2066 3808 2287 3875 Solum
2330 3809 2498 3873 enim
2541 3808 2665 3873 hoc
2711 3817 2773 3871 et
2811 3808 3071 3871 unicum
3119 3804 3246 3895 [16]

389 3916 492 3972 est
552 3906 852 3990 officium,
915 3905 1088 3994 quod
1146 3907 1277 3994 ipsi
1341 3919 1490 3973 ante
1552 3909 1788 3975 multos
1852 3932 2054 3975 annos
2116 3909 2415 3973 defuncto
2481 3917 2817 3996 praestare
2878 3916 3333 3994 possumus.30

390 4005 580 4087 Quae
624 4007 843 4094 itaque
884 4015 1033 4071 ante
1075 4007 1238 4072 haec
1278 4016 1575 4093 tempora
1619 4009 1686 4072 in
1727 4009 1981 4090 missas,
2038 4007 2298 4094 vigilias
2351 4016 2414 4072 et
2466 4006 2629 4071 alias
2673 4005 3091 4072 solennitates
3133 4006 3249 4070 im·

389 4127 601 4191 pensa
641 4104 921 4187 fuerunt,
962 4128 1042 4170 ea
1083 4106 1152 4169 in
1194 4116 1542 4193 posterum,
1585 4116 1654 4171 ut
1697 4117 1759 4172 et
1802 4107 2113 4172 hactenus
2157 4116 2256 4171 est
2295 4107 2558 4187 factum,
2600 4105 2896 4173 nolumus
2928 4105 3250 4189 distribui,

389 4205 486 4268 ita
527 4214 600 4268 ut
638 4201 902 4269 cuilibet
945 4202 1231 4290 collegae
1277 4205 1695 4292 collegiorum
1722 4207 1989 4271 maioris
2034 4217 2097 4272 et
2139 4206 2407 4271 minoris
2450 4204 3034 4271 illustrissimorum
3074 4207 3249 4293 prin·

389 4304 611 4389 cipum
679 4312 796 4368 etc.
868 4303 1139 4390 singulis
1202 4305 1391 4369 annis
1458 4319 1751 4393 quatuor,
1826 4314 1890 4369 et
1955 4307 2011 4370 si
2076 4306 2218 4392 quis
2283 4327 2366 4370 ex
2430 4327 2650 4370 eorum
2722 4327 2992 4372 numero
3053 4305 3248 4370 fuerit

389 4400 623 4467 doctor
667 4423 893 4467 sacrae
932 4402 1317 4488 theologiae,
1364 4426 1479 4468 sex
1527 4404 1756 4468 dentur
1798 4406 2033 4490 grossi,
2076 4407 2144 4469 in
2171 4402 2398 4488 vigilia
2437 4405 2959 4470 annunciationis
2996 4404 3331 4469 Mariae35

390 4499 500 4565 vel
542 4500 815 4566 circiter.
838 4514 851 4519 ”
2670 4532 2674 4536 ’

556 4649 745 4715 ΧΧΙ.
809 4649 1005 4730 Quod
1083 4649 1171 4719 ad
1235 4653 1389 4737 pagi
1460 4663 1524 4716 et
1586 4651 1984 4741 reliquorum
2052 4676 2356 4720 censuum
2419 4648 2939 4719 distributionem
2999 4655 3249 4734 attinet,

387 4751 561 4815 inter
615 4747 881 4815 Silesios
937 4749 1295 4835 aequalitas
1354 4762 1679 4835 servetur3
1734 4774 1880 4817 cum
1924 4752 2210 4818 Pruteno
2265 4762 2478 4819 autem
2534 4753 2770 4824 (donec
2825 4775 2867 4817 a
2918 4751 3248 4839 populari-

386 4847 512 4914 bus
556 4847 768 4934 ipsius
819 4848 986 4913 iusto
1027 4848 1219 4915 modo
1262 4862 1576 4935 augeatur
1620 4850 1986 4937 collegium)
2045 4851 2195 4917 talis
2247 4851 2564 4917 habeatur
2617 4852 2812 4917 ratio:
2876 4861 2947 4915 ut
3002 4873 3252 4915 summa

387 4946 844 5012 distribuenda
897 4948 1067 5012 inter
1123 4947 1404 5035 collegas
1462 4971 1682 5015 omnes
1729 4951 1798 5014 in
1852 4959 2072 5036 partes
2128 4951 2312 5015 iuxta
2366 4951 2587 5038 capita
2638 4949 3030 5036 collegarum
3088 4950 3249 5015 divi·
3267 4960 3336 5015 40

389 5044 605 5127 datur,
651 5058 715 5109 et
757 5040 885 5132 [17]
919 5046 1000 5111 de
1039 5045 1154 5117 illa
1196 5048 1512 5134 portione,
1556 5070 1720 5135 quae
1747 5047 2032 5113 Pruteno
2065 5050 2400 5134 contingit,
2445 5048 2823 5114 detrahatur
2864 5052 3057 5114 tertia
3099 5071 3249 5136 par-

384 5143 590 5209 ticula
634 5152 699 5209 et
743 5142 1032 5230 reliquae
1075 5145 1243 5211 duae
1286 5147 1647 5235 particulae
1689 5155 1939 5211 tantum
1981 5147 2269 5213 Pruteno
2311 5156 2708 5231 remaneant,
2762 5149 2957 5213 tertia
2998 5147 3251 5215 Silesiis

387 5242 545 5309 solis
587 5241 1052 5310 distribuenda.
1112 5245 1384 5312 Constat
1424 5248 1613 5329 enim,
1655 5245 1828 5334 quod
1864 5246 2135 5312 Pruteni
2172 5268 2303 5312 non
2343 5256 2594 5314 tantum
2624 5248 3012 5314 contulerint
3050 5248 3255 5331 initio,
