4038 6358
1098 632 1288 684 Fiinfte
1323 632 1850 694 Statutenredacticm
1884 647 2007 683 vom
2043 627 2212 683 Jahn
2252 632 2394 683 1507.
3074 635 3187 697 511

324 815 813 902 proprietatem
856 824 920 880 et
961 815 1382 900 usufructum,
1440 817 1508 881 in
1551 814 1825 901 singulis
1866 815 2073 879 eciam
2115 813 2387 901 agendis
2403 862 2422 896 ,
2499 811 2925 900 disponendis
2976 811 3188 877 fruen—

326 913 580 1001 disque
619 924 1005 1001 potestatem
1045 915 1305 997 habeat,
1345 917 1413 979 in
1460 914 1691 1002 quibus
1734 937 1863 980 non
1906 923 2041 979 tam
2082 912 2772 979 baccalauriandorum
2814 934 3011 999 quam
3056 933 3190 977 ma-

325 1013 833 1097 gistrandorum
874 1013 1112 1079 debent
1153 1014 1470 1080 celebrari
1514 1015 1838 1097 examina,
1881 1016 1973 1078 ita
2015 1024 2231 1078 tamen
2270 1022 2341 1077 ut
2377 1012 2505 1079 duo
2537 1012 2750 1098 grossi
2795 1034 2915 1098 pro
2958 1010 3102 1076 loco
3147 1034 3188 1075 a

328 1113 580 1198 quovis
622 1112 1063 1199 promovendo
1107 1116 1434 1202 praestari
1481 1114 1654 1180 soliti
1711 1114 1869 1178 fisco
1923 1112 2137 1178 dictae
2190 1111 2520 1177 facultatis
2575 1111 2705 1175 sint
2744 1111 3191 1198 appropriati3

328 1212 414 1275 in
458 1213 554 1275 eis
598 1213 802 1276 eciam
845 1223 1091 1278 ceteros
1131 1237 1280 1280 suos
1334 1236 1454 1301 pro
1508 1212 1715 1278 libera
1766 1212 2097 1279 voluntate
2152 1211 2391 1276 habeat
2447 1221 2650 1276 actus.
2736 1208 2919 1290 Quas
2974 1210 3178 1276 eciam
3239 1222 3271 1275 5

330 1309 578 1376 domos
622 1333 791 1375 nunc
835 1320 898 1375 et
937 1313 1006 1376 in
1040 1312 1345 1397 futurum,
1389 1335 1768 1401 quacunque
1794 1311 2014 1379 oblata
2041 1310 2466 1392 condictione,
2502 1312 2657 1391 (uno
2684 1308 3188 1387 contradicente)

331 1408 523 1474 nullo
569 1420 763 1500 pacto
805 1412 1296 1477 commutandas
1338 1414 1498 1496 fore,
1542 1412 1662 1478 sub
1707 1412 1978 1498 periurii
2036 1433 2246 1498 poena
2286 1412 2511 1475 statuit
2521 1458 2538 1492 ,
2599 1431 2730 1475 non
2788 1408 3193 1474 obstantibus

333 1509 841 1597 quibuscunque
882 1509 1072 1574 factis
1117 1511 1217 1577 vel
1261 1514 1329 1576 in
1369 1514 1654 1577 futurum
1692 1510 1925 1575 fiendis
1969 1511 2313 1576 contrariis
2350 1507 2967 1590 machinacionibus,
3042 1531 3187 1595 pre·

339 1607 542 1673 cibus
583 1609 688 1674 vel
731 1608 1077 1693 mandatis,
1118 1610 1459 1693 conclusis,
1504 1610 1801 1692 decretis,
1845 1607 2445 1691 reson-macionibus,
2488 1608 2750 1694 scriptis
2772 1607 2876 1672 vel
2905 1610 3185 1673 statutis.

1369 1732 1546 1796 1520.
1599 1727 1736 1794 Soli
1785 1726 1908 1794 deo
1956 1728 2181 1794 honor.
3216 1737 3278 1791 10

515 2097 652 2171 Ans
683 2099 780 2162 Bl
825 2101 938 2161 ΙΙ·-
979 2101 1177 2160 sichen
1219 2100 1314 2160 die
1355 2099 1490 2158 drei
1512 2102 1845 2176 solqenden
1889 2100 2057 2171 Eide,
2111 2098 2207 2158 die
2248 2098 2401 2158 wohl
2441 2099 2621 2157 sehon
2661 2098 2739 2157 im
2779 2100 2974 2158 Jalm
3017 2101 3175 2163 1499

359 2195 838 2273 cinqeschricben
880 2203 1126 2260 war-den
1171 2193 1317 2283 (vql.
1358 2201 1500 2258 oben
1542 2199 1603 2261 S.
1631 2202 1772 2278 446,
1805 2201 1923 2275 19).

779 2368 832 2426 1.
884 2380 1344 2427 luRAuENTuu
1396 2377 2007 2426 ExAmNANDoRuu
2050 2375 2187 2425 PRO
2230 2376 2782 2425 nAccALAmA‘rU.

992 2499 1169 2562 Vollig
1203 2498 1693 2549 iibereinstirnmend
1732 2499 1826 2546 mit
1860 2496 1976 2557 XV,
2018 2497 2081 2547 14
2134 2494 2217 2560 (S.
2254 2495 2370 2561 484,
2408 2493 2515 2559 24).

853 2651 912 2712 2.
954 2663 1414 2712 mammon
1457 2660 2037 2710 'rEMP‘rANDORuu
2076 2660 2214 2708 pso
2257 2658 2702 2708 MAmsTEmo.
3218 2661 3279 2715 15

1053 2782 1233 2846 veinig
1267 2783 1759 2833 iibereinstimmend
1804 2781 1897 2830 mit
1931 2780 2077 2841 XIV,
2114 2779 2178 2830 18
2216 2778 2292 2842 (S.
2318 2779 2435 2845 478,
2469 2780 2543 2845 3).

443 2930 503 2992 3.
562 2920 1023 2994 mawron
1080 2946 1611 2996 TEMPTATORUM
1653 2947 1742 2994 m*
1789 2945 2403 2994 ExAmAnnosuu
2445 2945 2583 2995 Pno
2628 2935 3121 2998 mulsam-most

519 3060 665 3148 Ego
711 3062 806 3126 .N.
839 3063 1012 3145 iuro,
1059 3063 1232 3148 quod
1272 3085 1392 3128 nec
1436 3065 1689 3129 actione
1731 3085 1851 3127 nec
1893 3061 2178 3145 ulcione,
2222 3084 2343 3126 nec
2385 3084 2505 3149 per
2535 3085 2638 3126 me
2679 3085 2800 3128 nec
2827 3087 2946 3152 per
2977 3063 3195 3149 alium,

350 3160 602 3229 directe
641 3160 744 3227 vel
786 3161 1123 3246 indirecte,
1168 3161 1367 3230 verbo
1410 3161 1516 3229 vel
1553 3163 1726 3229 facto
1783 3160 1888 3228 vel
1942 3163 2173 3248 quovis
2232 3160 2361 3227 alio
2418 3160 2612 3230 modo
2667 3162 2863 3231 velim
2908 3187 3011 3231 me
3050 3167 3189 3231 vin-

352 3261 597 3344 dicare,
681 3262 736 3326 si
778 3261 865 3326 ad
905 3284 1177 3327 examen
1229 3286 1360 3328 non
1418 3263 1727 3329 admittar
1783 3262 1888 3328 vel
1948 3263 2155 3327 eciam
2225 3270 2381 3348 post
2426 3283 2701 3327 examen
2754 3265 3008 3348 reiciar,
3067 3267 3186 3332 sub
3206 3277 3274 3332 20

356 3382 573 3447 poena
616 3362 885 3446 periurii
905 3411 923 3445 ,
995 3360 1169 3448 quod
1212 3364 1683 3429 contrafaciens
1725 3363 1872 3448 ipso
1912 3361 2084 3429 facto
2157 3363 2449 3444 incurro,
2524 3371 2591 3427 et
2631 3374 2885 3429 centum
2925 3363 3195 3431 floreno-

349 3483 495 3524 rum
509 3510 528 3543 ,
615 3482 884 3546 quorum
934 3460 1247 3527 medietas
1300 3461 1490 3528 cedat
1545 3461 1673 3545 illi,
1755 3483 1948 3547 quem
2003 3463 2097 3524 sic
2137 3459 2391 3526 offendo
2408 3508 2428 3542 ,
2509 3459 2641 3525 alia
2684 3484 2838 3528 vero
2883 3460 3197 3531 medietas

352 3558 545 3625 cedat
584 3560 899 3627 facultati.
1001 3559 1113 3626 Sic
1155 3585 1258 3628 me
1302 3561 1459 3627 deus
1505 3561 1767 3626 adiuvet
1811 3569 1875 3627 et
1919 3570 2147 3625 sancta
2182 3558 2287 3625 dei
2328 3560 2701 3647 ewangelis-

528 3933 644 4001 Die
685 3934 1158 3992 nachstelzendcn
1202 3933 1560 3992 Formulare
1604 3934 1805 3992 stehen
1848 3939 1970 4009 aus
1997 3935 2182 3991 BLI
2186 3940 2231 3995 ².
2318 3933 2436 3991 Die
2477 3941 2674 3993 ersten
2718 3938 2756 3997 5
2800 3938 3193 4013 entspreclaen
3207 3943 3274 3998 25

351 4035 467 4091 den
511 4032 574 4089 in
617 4033 743 4090 dem
787 4041 985 4090 ersten
1023 4032 1493 4091 Statutenbande
1532 4053 1717 4091 vor-ne
1760 4033 2214 4110 einqetraqenen
2256 4027 2331 4116 (s.
2350 4034 2493 4091 oben
2518 4033 2579 4092 S.
2603 4035 2725 4097 430
2748 4032 2898 4119 sqq)
2949 4038 3053 4096 mit
3096 4041 3193 4096 de-

351 4152 471 4190 nen
515 4131 600 4188 sie
628 4134 848 4205 jedoclz
887 4133 1048 4191 nicht
1096 4131 1297 4191 immer
1337 4134 1608 4191 wb‘rtliclz
1645 4132 1928 4207 stimmen,
1971 4133 2065 4197 die
2101 4133 2348 4210 iibriqen
2391 4133 2539 4207 ἄνεί,
2584 4135 2778 4207 6-8,
2819 4137 3034 4215 finden
3076 4138 3201 4196 sich

351 4251 475 4291 nur
517 4230 662 4292 hier.

781 4399 831 4458 1.
887 4408 1126 4457 rom
1165 4410 1303 4458 PRO
1349 4409 1700 4459 monem:
1747 4409 2218 4460 s'rA'ru'ronun
2257 4411 2392 4458 PER
2431 4400 2784 4462 nscAmm.

519 4525 793 4591 Mandat
844 4524 1173 4590 facultatis
1228 4528 1475 4591 arcium
1534 4526 1815 4591 decanus
1861 4525 2159 4593 omnibus
2203 4535 2267 4592 et
2306 4527 2578 4614 singulis
2620 4530 2689 4593 in
2733 4529 2984 4595 artibus
3044 4553 3192 4619 pro·
3211 4539 3282 4596 30

352 4627 602 4691 moveri
645 4624 1028 4709 volentibus,
1074 4634 1388 4712 quatenus
1432 4649 1578 4692 cras
1620 4627 1784 4692 hora
1821 4644 1920 4691 ΧΠ
1966 4628 2036 4691 in
2077 4622 2344 4692 lectorio
2388 4626 2865 4693 ordinariamm
2909 4628 3194 4717 disputa-

534 4898 556 4947 1
597 4889 870 4946 Daneben
907 4888 1056 4945 steht
1090 4907 1200 4945 von
1235 4889 1480 4958 andei-er,
1512 4889 1657 4946 doch
1691 4888 1835 4945 noch
1871 4888 2286 4962 gleichzeitigen·
2305 4888 2502 4945 Hand:
2540 4891 2703 4953 Quod
2734 4893 2909 4947 eciam
2942 4892 3202 4949 ita-abente

346 4984 480 5049 post
510 4993 733 5032 examen
765 4975 985 5044 dempta
1018 4975 1128 5028 ista
1165 4974 1414 5029 clama
1455 4977 1572 5044 „ad
1610 4991 1830 5029 emman
1859 4992 1972 5028 non
2003 4975 2315 5030 achaiam&
2383 4974 2453 5028 In
2484 4974 2582 5029 der
2612 4974 3037 5033 Schwurformel
3074 4977 3198 5034 siud

354 5059 612 5134 zugleich
649 5058 756 5119 die*
781 5058 975 5114 Worte
1010 5060 1092 5113 ad
1122 5076 1341 5113 eaeamen
1380 5058 1464 5113 bis
1502 5059 1591 5114 vel
1627 5061 1798 5114 eciam
1828 5059 1956 5114 incl.
2001 5058 2128 5113 roth
2174 5057 2591 5117 unterstrichen.
2672 5060 2793 5115 Nur
2856 5077 2930 5115 an
2989 5060 3195 5118 diesem

358 5146 494 5201 Orte
531 5145 606 5200 ist
637 5143 789 5199 diese
822 5142 1043 5198 Formel
1076 5142 1374 5198 besonders
1408 5142 1743 5213 hingesetzt3
1797 5142 1874 5197 sie
1914 5142 2136 5207 stimmt,
2170 5141 2271 5195 wie
2305 5158 2433 5197 man
2471 5140 2642 5212 siem,
2701 5144 2874 5215 vffllig
2906 5157 2977 5199 zu
3013 5145 3109 5202 Νι.
3148 5153 3197 5218 2,

355 5247 478 5299 nur,
510 5229 642 5283 dass
677 5232 818 5282 statt
852 5235 1171 5299 temptamen
1201 5233 1411 5299 geset-zt
1443 5228 1517 5281 ist
1551 5244 1784 5282 mamm.
1857 5226 1988 5282 wie
2023 5244 2123 5281 aus
2159 5225 2310 5295 XIV,
2354 5229 2412 5280 18
2451 5225 2793 5298 hervorgeht,
2829 5238 3073 5284 mussten
3107 5231 3198 5288 die

356 5312 777 5387 Magistranden
812 5312 870 5366 in
905 5313 1002 5368 der
1039 5311 1191 5367 That
1222 5311 1450 5368 dreimal
1483 5310 1628 5367 nach
1658 5310 1837 5366 dieser
1870 5310 2089 5366 Formel
2126 5310 2196 5386 (2,
2232 5314 2303 5366 3⁸
2339 5316 2448 5365 und
2486 5310 2579 5384 3¹²)
2612 5310 2909 5370 sehworen.
