4038 6358
1291 606 1389 655 Dic
1427 606 1658 659 staunton
1697 620 1803 657 von
1845 604 2193 659 1409—1445.
3052 610 3173 675 309

191 780 296 847 ad
363 784 682 853 minus
727 784 1010 853 debeant
1050 809 1386 875 apparere.
1471 787 1668 870 Quod
1720 790 1776 855 si
1832 788 2068 875 aliquis
2112 787 2509 855 contrarium
2561 788 2806 874 fecerit,
2858 790 2926 856 in
2970 790 3172 857 dicta·

191 883 412 949 mine
474 886 747 954 stabit
783 886 1131 954 facultatis.

661 1062 762 1126 18.
808 1073 928 1133 Qm
963 1073 1056 1119 ET
1100 1072 1292 1132 Qno'r
1333 1072 1660 1139 DEBEANT
1700 1072 1864 1122 ESSE
1901 1074 1976 1121 m
2019 1072 2352 1123 couPU'ro
2394 1072 2842 1124 FACULTATIS.

417 1182 591 1273 [Bl.
649 1190 740 1255 48
754 1184 808 1275 Ι·]
863 1149 1028 1253 Item
1070 1187 1194 1252 fuit
1236 1186 1627 1271 conclusum,
1671 1187 1847 1277 quod
1897 1198 2149 1254 tantum
2192 1210 2309 1253 sex
2351 1210 2669 1276 personae
2710 1187 2987 1257 debeant
3028 1213 3172 1256 esse

205 1284 290 1349 in
339 1296 740 1374 computo
781 1287 1126 1371 facultatis,
1169 1286 1417 1353 scilicet
1455 1309 1661 1353 novus
1700 1287 1984 1353 decanus
2025 1297 2090 1354 et
2131 1286 2415 1353 decanus
2454 1290 2756 1376 antiquus
2798 1298 2862 1353 et
2901 1288 2982 1354 de
3021 1312 3173 1377 qua-
3218 1300 3253 1356 5

217 1384 418 1451 libet
469 1388 804 1455 nacione
846 1410 1033 1454 unus.

1023 1555 1146 1622 19.¹
1187 1571 1283 1619 ΒΕ
1327 1570 1678 1619 nxrnusns·
1705 1570 1779 1619 m
1817 1570 2151 1619 couru‘ro
2194 1571 2487 1621 mmmm.
2572 1569 2577 1575 ·

429 1685 656 1753 Item
705 1688 830 1755 fuit
883 1688 1274 1771 conclusum,
1328 1708 1656 1774 expensae
1707 1687 1777 1753 in
1832 1696 2133 1775 computo
2186 1686 2516 1753 facultatis
2569 1688 2729 1754 fiant
2781 1686 2871 1755 ad
2916 1706 3019 1755 ΧΠ
3072 1712 3170 1777 gr.

241 1795 574 1852 tantum.

1057 1905 1190 1971 20.¹
1229 1922 1324 1969 ΒΕ
1369 1922 1567 1970 nono
1611 1921 2118 1982 EXTORQUENDI
2156 1920 2449 1970 PAs‘ruu.
3192 1914 3255 1970 10

441 2036 654 2101 Item
691 2036 813 2101 fuit
855 2036 1255 2103 conclusum:
1320 2046 1664 2125 postquam
1707 2038 1852 2125 quis
1891 2036 2254 2104 intitulatus
2295 2038 2529 2101 rectori
2570 2036 2886 2103 iuraverit
2928 2046 3171 2104 statuta

260 2146 330 2200 et
381 2136 782 2202 statuenda
824 2158 1089 2201 servare
1128 2158 1248 2223 pro
1288 2159 1500 2223 posse,
1558 2138 1778 2203 statim
1817 2146 2033 2202 rector
2075 2146 2398 2224 proponat
2440 2134 2584 2219 sibi,
2636 2136 2798 2201 illud
2850 2159 2991 2203 esse
3040 2147 3167 2203 sta·

259 2242 502 2299 tutum
553 2236 1016 2300 universitatis
1060 2244 1172 2300 aut
1213 2234 1558 2317 facultatis,
1601 2235 1791 2321 quod,
1834 2237 1890 2301 si
1931 2236 2281 2301 leccionem
2304 2234 2410 2300 vel
2453 2234 2771 2301 lecciones
2809 2236 2880 2301 in
2920 2236 3169 2303 artibus

272 2332 636 2417 audierit,
697 2333 1021 2421 legentem
1085 2334 1392 2422 expediat
1453 2335 1625 2399 infra
1687 2333 2039 2399 leccionem
2098 2336 2164 2399 in
2229 2344 2454 2421 pastu,
2516 2333 2619 2399 vel
2684 2336 2817 2400 eius
2878 2336 3168 2422 optineat

275 2430 742 2517 voluntatem,
798 2433 918 2500 sub
962 2457 1174 2523 poena
1229 2457 1361 2500 non
1402 2434 1892 2521 conputacionis
1945 2434 2131 2499 istius
2189 2432 2340 2498 libri
2385 2433 2473 2500 ad
2524 2434 2835 2521 gradum;
2898 2445 2963 2501 et
3015 2458 3162 2505 cum
3185 2444 3247 2501 15

283 2533 418 2597 hoc
467 2542 756 2621 pastum
798 2533 1012 2600 solvat
1049 2534 1382 2621 magistro,
1437 2534 1618 2599 cuius
1661 2532 2010 2598 leccionem
2054 2532 2324 2617 audivit,
2377 2543 2442 2599 et
2497 2544 2839 2621 praeterea
2878 2534 2959 2601 de
3000 2536 3167 2601 eius-

289 2630 452 2697 dem
493 2656 690 2699 nova
724 2633 1064 2701 audicione
1107 2632 1490 2699 secundario
1535 2631 1741 2698 solvet
1782 2641 1848 2697 et
1887 2632 1983 2697 sic
2019 2654 2139 2718 per
2179 2655 2578 2721 consequens
2622 2634 2828 2701 solvet
2866 2633 3167 2721 duplum:

293 2740 358 2795 et
399 2734 762 2819 magister,
813 2756 854 2798 a
896 2756 1022 2822 quo
1066 2734 1276 2820 primo
1318 2732 1555 2797 librum
1598 2730 1866 2815 audivit,
1921 2731 1992 2795 in
2032 2754 2208 2815 casu,
2260 2754 2386 2818 quo
2428 2754 2651 2798 secum
2691 2756 2886 2822 super
2929 2756 3167 2821 conpu-

295 2834 579 2898 tacione
623 2831 912 2898 eiusdem
950 2830 1104 2897 libri
1145 2833 1525 2920 dispensare
1564 2831 1776 2915 vellet,
1819 2854 1951 2897 non
1993 2830 2235 2897 habeat
2277 2831 2700 2919 dispensandi
2741 2832 3129 2899 facultatem.

1392 3192 1490 3254 21.
1543 3205 1942 3256 VomJahre
1979 3205 2158 3257 1410.
3189 3211 3257 3270 m

486 3313 616 3406 [131.
647 3321 725 3385 48
741 3313 794 3404 b]
839 3315 1026 3382 Anno
1057 3316 1300 3384 domini
1339 3319 1444 3383 Μθ
1469 3319 1734 3388 0000ο
1760 3321 1828 3386 X
1865 3321 1936 3386 in
1977 3318 2085 3384 die
2128 3327 2497 3383 sanctorum
2523 3316 2764 3383 Felicis
2794 3328 2857 3384 et
2882 3319 3173 3386 Adaucti

321 3413 520 3502 (1410
575 3425 633 3482 d.
691 3424 788 3486 30.
843 3414 1100 3504 Auqust)
1161 3419 1232 3482 in
1288 3417 1610 3484 decanatu
1669 3420 1966 3506 magistri
2011 3417 2347 3484 Vincencii
2403 3415 2682 3500 Grtiner,
2742 3418 2917 3484 facta
2977 3419 3170 3506 plena

321 3520 840 3605 congregacione
891 3517 1352 3602 magistrorum
1405 3518 1487 3584 de
1540 3518 1807 3584 consilio
1862 3515 2211 3598 facultatis,
2266 3523 2509 3580 statuta
2560 3517 2736 3581 infra
2789 3520 3047 3604 scripta·
3089 3517 3169 3582 de

327 3615 518 3682 libris
583 3616 912 3682 ordinarie
967 3615 1258 3701 legendis
1321 3626 1386 3681 et
1447 3615 1911 3686 distribuendis
1966 3614 2377 3698 unanimiter,
2435 3614 2610 3682 nullo
2670 3615 3167 3700 contradicente,

330 3725 478 3781 sunt
523 3715 846 3783 conclusa.
3186 3723 3253 3780 25

1055 3815 1139 3881 1.²
1177 3833 1274 3880 nn
1314 3833 1434 3882 ΒιΕ
1475 3831 2031 3882 DISTRIBUCIONIS
2072 3829 2451 3881 anoatm.

497 3933 577 3997 In
631 3931 798 3997 festo
856 3931 1062 3996 sancti
1117 3930 1378 4018 Aegidii
1436 3932 1523 4016 (d.
1570 3942 1624 4000 1.
1667 3933 2031 4015 September)
2092 3930 2375 3996 decanus
2424 3928 2747 3996 tenebitur
2808 3953 3171 3997 convocare

343 4051 557 4096 omnes
619 4033 968 4117 magistros
1037 4030 1108 4096 in
1165 4030 1472 4096 facultate
1535 4031 1785 4097 arcium
1849 4029 1936 4096 ad
1999 4027 2514 4096 distribuendum
2576 4029 2780 4096 libros
2843 4031 3173 4098 ordinarie

342 4127 643 4216 legendos
689 4151 886 4217 super
923 4129 1276 4196 mutatione
1315 4132 1553 4196 futura.

1261 4267 1317 4328 2.
1358 4281 1453 4328 m:
1495 4280 1698 4330 nono
1739 4279 2260 4330 msrmmmum.
2620 4332 2629 4341 ,
3183 4273 3253 4332 3ο

505 4378 892 4463 Secundum,
949 4378 1122 4468 quod
1174 4377 1402 4444 modus
1460 4378 1892 4446 distribuendi
1936 4379 2299 4445 ordinarios
2337 4378 2453 4444 fiat
2492 4401 2611 4467 per
2650 4388 2907 4462 sortem,
2961 4378 3168 4446 donec

352 4477 613 4546 familtas
657 4478 837 4544 aliud
879 4477 1334 4544 deliberaverit
1373 4479 1758 4546 faciendum.

1104 4616 1162 4679 3.
1213 4629 1308 4677 m:
1352 4629 1577 4678 manis
1618 4628 1835 4678 ramo
1878 4627 2430 4676 nmrnmusums.

507 4729 831 4812 Tereium,
879 4727 1054 4816 quod
1107 4750 1326 4794 omnes
1377 4726 1529 4793 libri
1583 4750 1704 4816 pro
1765 4726 2080 4814 gradibus
2136 4725 2494 4813 magisterii
2535 4724 2639 4791 vel
2695 4723 3167 4794 baccalariatus

362 4831 646 4914 primitus
688 4829 817 4893 sint
870 4826 1318 4894 distribuendi.
1404 4826 1658 4909 Quibus
1713 4825 1800 4892 ad
1853 4825 2113 4913 plenum
2152 4849 2286 4892 non
2324 4823 2707 4909 distributis,
2759 4848 2890 4892 non
2930 4831 3169 4916 poterit
3183 4839 3251 4896 35

517 5095 540 5148 1
583 5097 644 5149 ¹9
681 5093 794 5148 und
829 5097 894 5148 20
927 5091 1050 5146 sind
1081 5091 1158 5146 im
1197 5089 1449 5162 original
1485 5087 1812 5146 unbeziffert
1847 5086 2153 5162 geblieben.

512 5199 544 5249 2
575 5193 788 5250 Fortun
829 5193 905 5249 ist
935 5191 1040 5250 auf
1063 5191 1156 5248 die
1185 5189 1618 5248 durchlaufcnde
1652 5189 2006 5263 Bezifferung
2036 5190 2135 5247 des
2168 5187 2447 5262 Originals
2482 5189 2649 5248 keine
2683 5190 2989 5252 Biieksieht
3022 5191 3177 5250 mehr

369 5293 688 5348 gcnommen.
