4038 6358
1225 578 1318 628 mit
1357 576 1891 629 Zmatzbeschliisscn
1922 576 2004 627 bis
2039 590 2157 627 zum
2190 574 2359 629 Jahre
2394 578 2536 627 1521.
3180 578 3255 639 71

835 761 996 829 Stat.
1041 759 1354 827 XXVIII.
1385 761 1404 803 ¹
1447 755 1570 846 [Bl.
1613 764 1692 829 53
1711 752 1764 845 ¹²]
1826 775 1922 823 ns
1963 772 2405 824 wsrrs‘momz
2444 774 2831 826 BURSABUM.

577 895 1187 958 Uebereimtimmend
1206 897 1310 957 mit
1333 898 1450 957 Nr.
1467 898 1568 976 20,
1589 896 1810 955 Abeatz
1835 896 1894 973 2,
1921 912 2042 953 nur
2064 914 2175 953 vor
2196 889 2529 955 electionis
2546 892 2639 966 (S.
2654 895 2755 973 60,
2782 894 2890 969 34)
2904 896 3069 968 fehlt
3085 912 3257 959 suae.

368 1056 562 1123 Stat.
589 1058 852 1125 XXIX.
892 1054 1018 1146 [Bl.
1046 1064 1124 1125 55
1140 1054 1192 1147 ⁸]
1235 1076 1329 1123 ns
1372 1074 1758 1124 REIAEGATIS
1805 1074 2271 1124 mrmrmus
2316 1072 2693 1122 curun-su
2726 1072 2933 1121 mmm
2970 1074 3261 1123 murus.

579 1195 1186 1256 Ueberez'mtimmend
1224 1195 1329 1255 mit
1370 1196 1490 1257 Nr.
1533 1195 1604 1258 21
1657 1196 1766 1255 der
1791 1196 2068 1271 friihern
2108 1194 2416 1265 Statuten,
2473 1193 2619 1251 doch
2663 1200 2787 1251 erst
2830 1192 2933 1251 mit
2973 1187 3261 1270 Quilibet

369 1294 476 1370 (S.
522 1296 618 1359 61
636 1341 658 1375 ,
697 1298 766 1369 5)
818 1294 1164 1373 ὸεςίηηεηά.
1245 1295 1422 1355 ΝαοΙι
1486 1292 1964 1358 convocacione
2008 1294 2099 1371 (S.
2136 1296 2235 1374 61,
2283 1294 2391 1367 10)
2431 1294 2645 1368 fehlen
2701 1293 2798 1353 die
2856 1296 3051 1355 Worte
3108 1290 3261 1356 cita—
3278 1300 3312 1357 5

373 1414 596 1457 cione
645 1414 722 1457 ac
759 1412 1146 1457 mommone.

431 1556 631 1625 Stat.
674 1556 898 1625 XXX.
943 1554 1063 1646 [131.
1103 1552 1248 1647 55¹³]
1291 1575 1384 1623 ns
1421 1574 2120 1640 CONSPIRATIONIBUS,
2164 1572 2719 1625 comnenus
2759 1573 2853 1622 m·
2894 1573 3214 1626 Lmsnms

1671 1673 1980 1725 immas.

573 1779 1180 1840 Uebera‘mtimmend
1217 1777 1322 1838 mit
1355 1778 1475 1837 Nr.
1504 1778 1584 1841 22
1629 1779 1738 1837 der
1771 1778 2041 1851 frimam
2082 1776 2377 1851 statuta,
2421 1778 2569 1837 doch
2610 1787 2737 1837 eret
2766 1777 3098 1854 beyinnend
3120 1780 3225 1838 mit
3241 1802 3259 1838 .-

371 1874 475 1941 Ut
523 1874 1018 1943 discordiarum
1059 1878 1154 1953 (S.
1177 1880 1277 1958 61,
1314 1880 1440 1953 15).
1502 1878 1644 1936 Nur
1687 1883 1834 1937 stau
1857 1870 2231 1939 conclusum
2252 1874 2375 1939 fuit
2394 1876 2482 1953 (S.
2504 1878 2605 1956 61,
2633 1876 2739 1953 18)
2765 1878 2947 1939 loe-‘ut
2973 1898 3035 1937 es
3059 1874 3257 1941 concl.
3280 1884 3343 1941 10

371 1984 524 2059 eat,
583 1979 974 2039 unmittelbar
1016 1980 1258 2055 darauf
1288 1978 1444 2038 nacla
1486 1981 1802 2039 statutum
1845 1976 1943 2051 (S.
1966 1978 2069 2056 61,
2102 1978 2208 2051 19)
2248 1978 2329 2036 ist
2344 2022 2363 2057 ,
2406 1978 2559 2037 wohl
2596 1978 2702 2036 mit
2742 1978 2947 2051 Reckt,
2987 1980 3261 2057 hinzuyc·

357 2084 528 2157 ,περὶ
541 2100 566 2138 .·
615 2096 734 2164 per
773 2084 978 2141 totam
1019 2074 1524 2157 universitatem,
1565 2094 1836 2154 woqeqen
1879 2072 2325 2141 universitatis
2366 2077 2565 2137 'tinter-
2585 2072 2873 2139 eiusdem
2898 2078 2993 2150 (S.
3018 2082 3119 2158 61,
3148 2080 3255 2155 19)

359 2180 566 2254 fehlt.
637 2179 896 2239 Endlick
919 2186 1067 2237 etati
1097 2172 1460 2240 huiusmodi
1493 2172 1898 2260 suppositum
1930 2176 2021 2250 (S.
2047 2178 2149 2258 61,
2170 2178 2282 2249 30)
2312 2177 2495 2237 liei-m
2526 2197 2589 2237 es
2614 2180 2769 2253 jetzt
2791 2172 3255 2242 huiuscemodi.

641 2341 802 2409 Stat.
843 2340 1098 2409 XXXI.
1143 2338 1267 2431 [BL
1307 2345 1386 2409 58
1400 2336 1452 2427 ⁸]
1513 2356 1608 2405 ns
1651 2355 2181 2407 nscsnsnrmus
2224 2357 2503 2409 musas
2544 2358 2643 2409 Ex
2681 2356 3021 2409 suasero,

558 2464 650 2525 In
690 2465 806 2525 den
829 2464 1106 2539 ‚fr-illum
1145 2461 1424 2523 Statuam
1463 2460 1626 2521 nicht
1667 2462 1986 2523 enthaltm.
3269 2470 3331 2526 15

557 2574 856 2657 Placuit,
897 2573 1074 2663 quod
1111 2572 1486 2641 recedentes
1527 2573 1608 2641 de
1645 2584 1894 2640 arrecto
1937 2582 2183 2639 temere
2222 2582 2287 2639 ct
2326 2574 2597 2661 propria
2631 2574 3038 2661 auctoritate,
3079 2577 3257 2641 trina

383 2675 758 2743 monitione
795 2676 1184 2763 praemissa,
1237 2696 1356 2761 pro
1409 2672 1722 2763 qualitate
1775 2694 2014 2741 causae
2074 2671 2181 2739 vel
2218 2671 2439 2739 delicti
2476 2671 2906 2744 excludantur
2948 2675 3053 2741 vel
3093 2675 3253 2743 rele-

383 2784 656 2861 gantur.

517 2922 693 3009 Stat.
737 2940 1024 3011 XXXII.
1069 2936 1190 3029 [131.
1229 2946 1310 3011 58
1325 2936 1378 3029 ⁸]
1423 2958 1518 3007 ns
1559 2956 2110 3009 nssmzunrmus
2151 2956 2549 3008 valmeu
2584 2958 3135 3009 summimus.

565 3064 884 3137 mensal&
925 3062 990 3121 in
1029 3062 1144 3121 den
1169 3061 1444 3137 frilltern
1484 3062 1764 3124 Statum
1803 3061 1966 3123 nicht
2009 3063 2332 3123 embolion.
3269 3068 3339 3127 m

563 3174 672 3242 De
712 3173 1196 3262 resignantibus
1236 3173 1584 3263 privilegia
1623 3175 2067 3241 universitatis
2108 3173 2386 3263 placuit,
2446 3172 2621 3263 quod
2672 3174 2741 3244 in
2784 3174 3073 3244 futurum
3112 3176 3253 3244 nul-

390 3275 528 3344 lum
581 3275 682 3366 [58
696 3273 752 3364 ¹³]
793 3276 1196 3363 suppositum
1212 3323 1232 3359 ‚
1285 3275 1524 3342 rectori
1581 3297 1666 3340 ex
1721 3297 2129 3364 quocumque
2180 3273 2415 3340 delicto
2468 3274 2609 3339 sive
2650 3297 2926 3343 excessu
2968 3278 3056 3344 ad
3098 3301 3249 3368 poe-

390 3401 550 3444 nam
591 3374 980 3462 obligatum,
1023 3375 1163 3440 sine
1203 3375 1650 3441 satisfactione
1689 3396 1940 3462 poenae
1983 3373 2069 3440 ad
2108 3371 2573 3459 resignandum
2612 3373 3008 3448 admittatur.
3093 3377 3245 3460 Qua

393 3501 614 3566 poena
665 3475 876 3542 soluta
935 3473 1159 3540 volens
1212 3475 1569 3561 resignare,
1625 3484 1739 3539 aut
1790 3475 1984 3539 etiam
2042 3471 2206 3540 alias
2268 3495 2353 3538 ex
2404 3493 2609 3539 causa
2661 3475 2834 3541 iusta
2889 3478 2995 3544 vel
3030 3480 3247 3562 tacite,

393 3577 664 3665 quando
707 3573 1046 3642 actualiter
1087 3575 1359 3640 assumit
1400 3571 1664 3660 aliquod
1701 3573 1983 3661 speciale
2024 3573 2327 3655 officium,
2367 3573 2707 3659 negocium
2737 3573 2842 3640 vel
2875 3577 3245 3663 artificium,
3265 3587 3332 3644 25

393 3677 686 3744 studenti
727 3697 858 3742 non
896 3673 1252 3756 conforme,
1295 3683 1508 3739 rector
1553 3668 1660 3759 [59
1680 3671 1736 3764 ⁸]
1779 3673 1929 3750 (sed
1981 3695 2114 3740 una
2170 3695 2317 3738 cum
2370 3671 2639 3738 consilio
2684 3675 3129 3744 universitatis
3166 3677 3255 3744 ad

394 3777 520 3843 hoc
561 3774 892 3854 vocando)
933 3795 1198 3840 causam
1239 3773 1698 3860 resignationis
1739 3772 1963 3839 audiat
2003 3781 2071 3838 et
2112 3772 2438 3838 diiudicet.
2526 3770 2713 3853 Quae
2740 3773 2799 3838 si
2831 3777 3253 3846 racionabilis

395 3886 460 3942 et
505 3877 831 3964 legittima
887 3875 1108 3957 fuerit,
1165 3872 1306 3937 sine
1363 3871 1800 3960 publicatione
1853 3873 1924 3938 in
1977 3871 2191 3939 valvis
2254 3881 2320 3936 et
2375 3871 2809 3940 insinuatione
2865 3876 3121 3943 civibus
3159 3877 3253 3946 fa-

399 3975 632 4042 cienda
689 3983 1080 4062 acceptetur.
1165 3970 1296 4036 Sed
1345 3993 1463 4058 per
1521 3974 1844 4038 notarium
1895 3972 2339 4038 universitatis
2396 3969 2484 4038 ad
2522 3971 2762 4040 librum
2802 3975 3253 4045 conclusorum

399 4099 544 4142 cum
585 4096 790 4140 causa
831 4073 1112 4161 allegata
1151 4071 1628 4156 conscribatur,
1671 4069 1776 4161 [59
1789 4069 1844 4162 1’]
1887 4081 1954 4139 et
1993 4074 2172 4138 circa
2207 4093 2442 4139 nomen
2481 4073 2617 4138 eius
2657 4074 2726 4140 in
2753 4075 3095 4144 matricula
3126 4075 3251 4144 hoc
3267 4087 3338 4146 ³0

399 4175 674 4242 verbum
711 4171 1192 4258 ,‚renuntiavit“
1235 4173 1667 4259 consignetur.

563 4273 638 4340 Si
681 4283 900 4340 autem
937 4275 1112 4338 iusta
1151 4281 1216 4336 et
1252 4271 1572 4358 legittima
1609 4294 1744 4338 non
1779 4271 2009 4355 fuerit,
2076 4271 2195 4338 sed
2232 4293 2317 4338 ex
2363 4270 2513 4338 dolo
2530 4321 2549 4356 ‚
2606 4275 2970 4341 temeritate
3008 4276 3116 4342 vel
3154 4299 3251 4342 rc-

400 4373 680 4440 bellione
717 4372 1098 4461 procedens,
1141 4370 1224 4436 de
1262 4393 1390 4456 quo
1432 4369 1768 4438 consilium
1808 4370 2077 4437 habebit
2096 4372 2409 4456 iudicare,
2448 4371 2599 4437 talis
2626 4373 2983 4459 resignatio
3018 4375 3250 4442 nihilo-

401 4475 614 4540 minus
656 4472 1052 4540 admittatur.
1134 4469 1225 4535 Et
1263 4470 1455 4536 debet
1497 4469 1870 4538 solemniter
1909 4473 1978 4536 in
2024 4471 2235 4538 valvis
2276 4471 2693 4560 collegiorum
2736 4482 2801 4537 et
2835 4472 3253 4540 ecclesiarum

403 4572 770 4640 huiusmodi
821 4573 1172 4660 resignatio
1230 4568 1336 4659 [60
1349 4569 1403 4660 ⁸]
1461 4594 1606 4638 cum
1655 4593 1856 4637 causa
1897 4569 2205 4638 adiuncta
2246 4571 2570 4659 publicari
2623 4581 2687 4638 et
2747 4595 2865 4660 per
2921 4575 3246 4640 notarium
3264 4583 3333 4642 35

403 4674 840 4739 universitatis
895 4671 981 4738 ad
1035 4670 1274 4737 librum
1331 4670 1783 4738 conclusorum
1825 4670 2027 4737 scribi
2066 4693 2145 4737 ac
2187 4671 2439 4738 civibus
2479 4694 2598 4760 per
2640 4680 2961 4738 rectorem
3005 4673 3247 4740 denun-

405 4773 552 4937 ξαζὶ
605 4771 692 4838 ad
744 4773 1038 4842 effectum
1051 4820 1070 4855 ‚
1123 4781 1194 4838 ut
1256 4770 1344 4838 ad
1395 4773 1602 4838 instar
1657 4771 1931 4838 aliorum
1985 4769 2423 4860 relegatorum
2483 4781 2815 4860 tamquam
2866 4773 3251 4840 temerarius

447 4893 487 4936 a
533 4881 736 4938 eatur.

540 5093 563 5144 1
601 5087 711 5143 Am
745 5088 941 5144 Raude
979 5105 1088 5144 von
1126 5091 1372 5159 apaten-er
1406 5087 1598 5142 Hand:
1658 5087 1727 5142 In
1765 5087 2090 5142 vn'aeitacione
2126 5089 2231 5144 hac
2263 5097 2443 5144 rector
2477 5087 2717 5160 inquiret
2748 5105 2787 5142 a
2818 5085 3064 5160 quolibet
3088 5090 3243 5146 echo-

409 5169 597 5228 lacu‘co
625 5180 1062 5244 praeceptorem,
1098 5180 1160 5226 ut
1185 5179 1388 5228 staaato
1423 5177 1487 5228 33
1523 5179 1740 5226 cautum
1776 5179 1867 5228 est.
