4038 6358
1276 616 1377 665 Die
1414 614 1649 668 Statutsn
1686 630 1809 666 vom
1842 616 2008 668 Jahrs
2054 616 2197 668 1543.
3029 617 3150 685 295

252 798 443 876 punt.
535 790 854 863 Dabunt
894 795 1095 883 igitur
1138 798 1434 884 magistri
1475 820 1762 886 operam,
1816 807 1886 863 ut
1939 798 2035 862 ita
2089 795 2441 863 educentur
2483 797 2800 885 discipuli,
2855 821 2939 864 ne
2989 800 3147 869 mul-

248 900 390 956 tum
437 890 860 981 loquantur,
912 905 982 961 ut
1034 896 1320 981 garritus
1371 908 1434 961 et
1473 891 1899 983 loquacitates
1939 897 2108 962 inter
2147 898 2326 983 ipsos
2371 908 2885 983 compensentur,
2930 921 3148 964 coram

249 1013 414 1056 vero
464 1014 544 1057 se
611 1003 837 1083 atque
880 995 1025 1061 aliis
1066 995 1290 1078 doctis,
1349 1018 1389 1061 a
1442 996 1674 1084 quibus
1731 1005 1950 1062 errata
2002 997 2071 1060 in
2123 995 2444 1083 loquendo
2489 996 2820 1061 emendari
2876 1000 3147 1085 possint,

250 1088 465 1157 latina
510 1090 779 1179 lingua
822 1096 917 1161 uti
957 1104 1203 1181 cogent.
1248 1096 1324 1161 In
1365 1095 1628 1184 reliquis
1672 1095 1918 1162 dabunt
1961 1117 2248 1184 operam,
2290 1105 2363 1162 ut
2404 1104 2801 1182 compertum
2843 1096 3150 1179 habeant,

251 1213 385 1255 non
457 1189 689 1258 modo
763 1194 923 1281 quid
990 1204 1187 1281 agant
1251 1194 1365 1260 sed
1433 1197 1631 1262 etiam
1694 1195 1848 1283 quid
1915 1195 2258 1284 loquantur
2333 1194 2656 1283 discipuli.
2735 1194 3148 1261 Potissimum
3196 1205 3229 1261 5

253 1291 435 1356 enim
481 1314 824 1360 sermone
864 1293 1223 1383 produntur
1265 1294 1542 1381 ingenia.
1630 1294 1774 1376 Quo
1818 1297 2026 1363 maior
2068 1317 2226 1362 cura
2269 1305 2338 1361 et
2389 1295 2657 1360 attentio
2701 1293 2849 1360 huic
2898 1295 2995 1361 rei
3036 1294 3147 1361 ad·

257 1390 569 1457 hibenda
615 1404 753 1459 est.

1575 1513 1794 1576 Caput
1826 1514 1929 1564 xl.

428 1642 512 1708 Si
560 1647 1050 1732 magistrorum
1091 1653 1366 1734 quatuor
1406 1645 1687 1728 monitis,
1730 1643 2144 1731 castigationi
2181 1652 2247 1709 et
2291 1643 2842 1710 animadversioni
2888 1666 3147 1709 conces-

264 1765 373 1808 sae
432 1744 842 1831 refragatus
883 1743 1115 1831 aliquis
1160 1744 1368 1827 fuerit,
1425 1745 1483 1809 is
1524 1754 1861 1810 accusator
1902 1743 2080 1832 apud
2135 1743 2502 1831 praesidem
2557 1745 2945 1831 primarium
3001 1754 3232 1809 con-10

262 1842 561 1908 tubernii
612 1856 690 1910 et
748 1845 1055 1931 puniatur
1095 1842 1365 1910 arbitrio
1404 1843 1593 1910 illius.
1680 1845 1752 1909 Si
1806 1854 2026 1909 tamen
2080 1846 2346 1929 gravari
2393 1865 2461 1908 se
2505 1844 2766 1929 putarit,
2826 1844 3022 1909 liceat
3063 1844 3149 1909 ad

266 1945 552 2010 rectoris
638 1944 1028 2011 academiae
1095 1944 1526 2029 cognitionem
1583 1964 1975 2032 provocare,
2048 1944 2228 2008 cuius
2285 1952 2422 2008 tum
2486 1943 2804 2009 sententia
2867 1944 2948 2009 lis
3011 1954 3149 2010 tota

268 2042 696 2109 concidetur.

1527 2163 1743 2226 Caput
1776 2162 1915 2214 XII.

432 2292 772 2380 Magistri
815 2279 1007 2360 etiam
1055 2304 1329 2383 quatuor
1372 2295 1525 2360 dent
1565 2317 1850 2382 operam,
1902 2303 1972 2359 ut
2025 2315 2274 2359 morum
2326 2292 2726 2358 honestatem
2779 2301 2843 2358 et
2885 2293 3138 2381 elegan-
3165 2306 3226 2362 15

276 2393 466 2476 tiam,
541 2396 849 2459 maxime
911 2394 1062 2459 dum
1119 2393 1300 2460 cibus
1357 2395 1629 2481 capitur,
1697 2395 1929 2482 utque¹
1979 2395 2196 2480 ipsum
2251 2414 2436 2458 suum
2490 2391 2816 2477 quoddam
2875 2417 3136 2459 mensae

281 2490 596 2557 decorum
645 2515 874 2559 omnes
916 2503 1189 2560 servent.
1236 2495 1564 2582 Imprimis
1600 2493 1914 2559 clamores
1957 2492 2266 2558 aberunt²
2308 2500 2372 2557 et
2410 2491 2936 2560 tumultuationes
2980 2494 3144 2558 vita·

281 2589 536 2655 buntur.
628 2593 776 2680 Ipsi
823 2595 1013 2659 etiam
1070 2594 1386 2680 magistri,
1443 2595 1778 2681 imperitos
1821 2590 1976 2679 quid
2018 2592 2248 2658 deceat
2290 2590 2600 2675 docendO,
2656 2615 2785 2659 non
2829 2593 3142 2658 facientes

289 2691 710 2777 castigandO,
774 2693 1104 2780 improbos
1160 2703 1224 2760 et
1282 2694 1710 2760 detrectantes
1766 2691 2156 2776 mulctando,
2207 2701 2617 2758 contumaces
2669 2691 2846 2779 apud
2902 2692 3145 2778 praesi-

289 2788 429 2855 dem
474 2792 900 2858 contubernii
946 2793 1310 2860 accusando
1322 2794 1363 2858 ³.
3161 2800 3230 2855 2⁰

1520 2947 1735 3009 Caput
1768 2945 1947 2996 XIII.

451 3073 771 3158 Mulctae,
838 3099 1002 3162 quac
1063 3100 1103 3141 a
1157 3078 1561 3144 contubernii
1617 3078 1843 3144 incolis
1902 3077 1985 3143 ob
2042 3077 2278 3143 delicta
2331 3074 2821 3142 contubernalia
2875 3087 3146 3142 exactae

300 3172 532 3240 fuerint
544 3225 564 3259 ,
612 3199 731 3243 eas
775 3178 1072 3265 magistri
1117 3190 1389 3268 quatuor
1434 3176 1709 3263 singulis
1752 3177 1938 3245 annis
1962 3178 2149 3253 ‚inter
2193 3200 2262 3243 se
2305 3176 2538 3263 partiri
2579 3185 2900 3263 poterunt.

1533 3380 1755 3445 caput
1787 3380 1949 3433 XIV.

463 3509 539 3574 Si
583 3510 748 3598 quid
789 3512 1214 3595 statuendum,
1258 3510 1715 3595 mandandum,
1759 3510 2140 3577 edicendum
2181 3518 2438 3598 praeter
2479 3533 2574 3593 ea,
2617 3531 2782 3599 quae
2820 3507 2943 3573 hoc
2982 3516 3139 3573 tem·
3159 3518 3226 3575 25

310 3630 455 3693 pore
499 3618 769 3692 statuta,
830 3612 1154 3694 mandata,
1195 3612 1406 3677 edicta
1449 3621 1614 3695 sunt,
1657 3612 1869 3676 visum
1909 3610 2121 3694 fuerit,
2175 3611 2242 3674 in
2284 3631 2360 3675 eo
2403 3632 2624 3674 omnes
2668 3608 2953 3674 debitam
2994 3608 3143 3673 obe-

312 3706 609 3774 dientiam
654 3711 1094 3798 praestabunt.
1148 3711 1319 3776 Nihil
1367 3722 1580 3776 autem
1619 3710 1722 3777 vel
1764 3709 2062 3776 addendo
2104 3708 2208 3774 vel
2252 3707 2647 3774 detrahendo
2687 3707 2789 3773 vel
2833 3708 3141 3775 mutando

312 3808 672 3893 novabitur,
729 3812 853 3875 nisi
896 3810 977 3875 de
1019 3813 1338 3876 communi
1381 3811 1650 3877 consilio
1692 3811 1962 3876 rectoris
2003 3809 2446 3874 universitatis
2486 3817 2744 3873 nostrae
2788 3816 2851 3871 et
2895 3807 3142 3873 decem-

314 3907 591 3976 virorum
634 3919 702 3976 et
743 3913 1199 3998 magistrorum
1241 3921 1514 3996 quatuor
1556 3909 2030 3999 praefectorum
2073 3907 2620 3974 administrationi
2663 3905 3089 3974 contubernii.

1535 4113 1753 4178 Caput
1793 4113 1922 4165 XV.
3164 4117 3231 4174 30

468 4240 539 4305 Si
581 4243 695 4331 qui
736 4242 817 4308 de
856 4245 1183 4330 magistris
1224 4253 1499 4328 quatuor
1541 4244 1864 4309 communi
1903 4263 2128 4308 mensa
2167 4243 2260 4307 uti
2304 4240 2643 4321 voluerint,
2697 4242 3033 4328 superiore
3076 4241 3145 4305 in

322 4335 446 4404 loco
486 4340 581 4406 illi
636 4342 927 4407 assidere
969 4352 1033 4406 et
1076 4341 1371 4430 exemplo
1424 4364 1539 4408 suo
1593 4342 1680 4407 ad
1738 4342 2123 4428 elegantiam
2165 4364 2414 4407 morum
2457 4340 2811 4429 discipulos
2868 4342 3145 4406 invitare

327 4434 557 4505 debent.
641 4440 855 4529 Atque
896 4451 1029 4505 tum
1077 4465 1151 4507 eo
1193 4440 1358 4523 cibo,
1402 4444 1510 4530 qui
1561 4441 1707 4506 aliis
1752 4441 2034 4522 dabitur,
2080 4443 2360 4508 contenti
2410 4450 2615 4523 erunt,
2655 4442 2782 4505 nisi
2824 4442 2990 4506 forte
3030 4438 3146 4531 ali-

326 4537 489 4601 cuius
528 4539 835 4606 valetudo
892 4551 1146 4627 poscat,
1207 4551 1277 4605 ut
1335 4540 1591 4607 diverso
1648 4538 1794 4605 cibo
1848 4550 2096 4605 utatur:
2158 4563 2303 4606 eum
2354 4541 2488 4607 suis
2541 4539 2856 4605 sumtibus
2916 4560 3146 4627 parere

330 4639 559 4718 poterit.
645 4638 717 4705 Si
781 4638 1036 4728 quando
1102 4640 1296 4705 etiam
1357 4640 1460 4705 vel
1531 4648 1865 4705 externum
1924 4640 2030 4704 vel
2105 4638 2303 4704 alium
2363 4639 2700 4705 honestum
2773 4649 2837 4703 et
2903 4637 3144 4704 bonum
3161 4646 3228 4704 35

328 4732 519 4801 virum
578 4737 983 4803 invitandum
1037 4736 1297 4803 illorum
1351 4737 1583 4828 aliquis
1637 4738 1921 4826 putavit,
1983 4737 2235 4822 licebit,
2294 4748 2366 4805 ut
2421 4749 2613 4803 extra
2665 4737 2954 4804 ordinem
3011 4740 3143 4803 suis

343 4835 633 4902 sumtibus
680 4836 927 4924 aliquid
971 4847 1150 4903 curet
1190 4860 1232 4903 a
1272 4839 1643 4926 praeposito
1684 4837 2151 4926 apparandum.

481 5040 501 5091 1
538 5034 911 5094 Geschrieben
945 5034 1094 5090 steht
1123 5042 1184 5090 ut
1215 5040 1370 5106 quae.

477 5124 505 5173 2
536 5119 908 5177 Geschrieben
943 5118 1091 5174 steht
1123 5121 1350 5175 aberint.

476 5206 504 5257 3
537 5203 800 5277 Offenbar
831 5202 972 5259 fehlt
1006 5210 1178 5260 etwas
1211 5205 1344 5259 oder
1381 5220 1441 5259 es
1474 5202 1548 5258 ist
1577 5202 1667 5258 ein
1701 5201 1898 5271 Feliler
1924 5199 2256 5258 verbanden.
2313 5202 2536 5274 Vogel's
2567 5203 2859 5260 Abschrift
2897 5205 2972 5259 ist
3007 5203 3119 5261 fast

337 5279 723 5359 dmehgshendn
744 5287 1142 5360 unbegreiflich
1174 5287 1394 5345 sinnlos.
1431 5286 1531 5345 oft
1562 5286 1663 5344 hat
1685 5287 1842 5359 jedes
1861 5288 2026 5345 Wort
2058 5303 2167 5342 von
2190 5286 2296 5342 mir
2328 5286 2629 5345 restituiert
2651 5291 2866 5347 werden
2885 5293 3122 5350 musaeu.
