4038 6358
915 662 1036 725 566
1905 658 2006 709 Die
2039 657 2409 721 theologischc
2442 658 2700 710 Facultit.

912 839 1384 907 canicularibus
1424 840 1976 908 extraordinarias
2021 839 2502 926 disputaciones
2547 838 2889 907 duodecim
2928 838 3301 907 ordinariae
3347 840 3769 931 disputacio-

923 964 1037 1008 nes
1078 964 1196 1030 per
1237 943 1584 1028 magistros
1631 940 1993 1007 antedictae
2033 938 2359 1005 facultatis
2388 940 2458 1004 in
2483 938 2811 1029 theologia
2834 937 3216 1023 habeantur,
3261 940 3768 1008 distribuendae

911 1052 974 1107 et
1018 1040 1451 1129 disputandae
1492 1042 1676 1105 iuxta
1718 1041 2029 1106 materiae
2071 1049 2136 1105 et
2187 1041 2497 1126 temporis
2541 1041 3066 1127 congruenciam.
3148 1041 3227 1106 In
3273 1063 3559 1129 quorum
3600 1064 3769 1130 qua·

908 1141 1068 1206 libet
1119 1141 1563 1228 disputacione
1618 1142 2077 1226 magistrorum
2130 1136 2537 1205 baccalarius
2588 1139 2953 1226 theologiae
3008 1161 3287 1226 arguens
3326 1150 3395 1206 et
3434 1141 3769 1207 reducem

825 1250 857 1306 5
919 1240 1079 1306 duos
1117 1263 1381 1327 grossos
1421 1239 1685 1307 habebit
1726 1250 1789 1320 et
1829 1237 2108 1304 famulus
2149 1238 2592 1303 universitatis
2651 1261 2847 1303 unum
2897 1262 3216 1326 grossum.
3298 1239 3391 1305 Et
3447 1243 3766 1329 quatinus

910 1340 1264 1406 baccalarii
1323 1341 1394 1405 in
1454 1338 2007 1425 disputacionibus
2076 1335 2615 1405 extraordinariis
2673 1333 2777 1426 [27
2794 1337 2846 1425 δ]
2918 1339 3380 1405 canicularium
3454 1340 3763 1429 frequen·

908 1440 1116 1506 ciores
1146 1441 1428 1506 existant
1472 1448 1535 1504 et
1576 1437 1663 1503 ad
1705 1437 2109 1525 arguendum
2152 1438 2218 1501 in
2263 1436 2507 1501 eisdem
2548 1438 2944 1525 paraciores‚
2990 1437 3254 1504 cuilibet
3281 1441 3763 1525 magistrorum

905 1538 1231 1607 facultatis
1289 1540 1535 1605 arcium
1583 1560 1747 1602 unus
1801 1559 2069 1622 grossus
2128 1535 2543 1602 condonetur.
2649 1536 2736 1601 Et
2793 1539 2947 1625 quia
2994 1538 3064 1602 in
3125 1535 3270 1603 aliis
3330 1538 3763 1605 facultatibus

911 1639 1108 1704 studii
1160 1632 1530 1727 Liptzensis
1584 1635 1997 1702 laudabiliter
2047 1636 2168 1727 fuit
2227 1634 2674 1719 observatum,
2727 1646 2802 1701 ut
2852 1638 3151 1723 magistri
3208 1646 3272 1702 et
3327 1636 3632 1704 doctores
3691 1641 3762 1704 in

829 1749 891 1804 10
914 1738 1058 1804 aliis
1114 1737 1531 1805 facultatibus
1580 1735 2011 1823 disputaturi¹
2055 1757 2184 1799 non
2242 1733 2448 1800 solum
2489 1734 2744 1800 titulum
2792 1736 3185 1822 quaestionis
3231 1735 3347 1801 sed
3391 1748 3601 1804 totam
3641 1761 3759 1826 po-

908 1840 1216 1904 sicionem
1257 1838 1342 1904 ad
1384 1838 1602 1904 omnia
1646 1835 2059 1922 collegiorum
2115 1833 2261 1899 loca
2313 1832 2569 1922 publice
2622 1835 2924 1903 intimare
2979 1845 3362 1922 procurent,
3409 1836 3496 1903 ob
3541 1837 3641 1920 id,
3686 1850 3760 1902 ut

908 1960 1004 2020 ea,
1049 1961 1212 2027 quae
1255 1941 1321 2004 in
1373 1934 1703 2025 publicam
1745 1934 2306 2000 exercitationem²
2347 1934 2641 1998 instituta
2696 1945 2793 1999 est
2846 1933 3240 2022 disputacio,
3299 1935 3569 2023 publico
3610 1935 3757 2002 loco

906 2039 1345 2103 universitatis
1400 2034 1761 2101 scolasticis
1819 2035 2180 2098 insinuetur
2194 2032 2251 2116 ,³
2305 2031 2551 2119 placuit
2605 2032 2901 2098 facultati
2958 2033 3357 2121 theologicae
3397 2036 3756 2122 irrefraga-

908 2136 1124 2202 biliter
1177 2134 1624 2224 praesentibus
1678 2133 1969 2215 statuit,⁴
2019 2141 2094 2196 ut
2147 2131 2375 2197 similis
2445 2133 2878 2198 intimacionis
2955 2133 3182 2199 modus
3238 2134 3306 2199 in
3363 2133 3749 2221 theologicis

832 2246 891 2301 15
916 2234 1475 2324 disputacionibus
1516 2235 1781 2320 insuper
1803 2234 1828 2273 ⁵
1866 2231 2121 2319 penitus
2165 2230 2561 2314 observetur,
2619 2244 2689 2296 ut
2738 2242 2890 2319 pote
2934 2232 3106 2320 quod
3148 2235 3452 2319 magistri
3499 2242 3566 2299 et
3604 2234 3754 2300 bac·

908 2334 1134 2400 calarii
1191 2335 1497 2421 deinceps
1558 2330 1887 2398 ordinarie
1946 2339 2010 2395 et
2065 2329 2584 2395 extraordinarie
2638 2330 3033 2418 disputaturi
3087 2344 3287 2397 totam
3352 2335 3753 2420 posicionem

910 2457 1054 2499 cum
1099 2433 1612 2501 conclusionibus
1658 2442 1720 2496 et
1762 2427 2165 2511 corrolariis‚
2209 2431 2390 2516 prius
2447 2440 2698 2496 mature
2740 2433 3057 2513 revisam,
3100 2430 3186 2495 ad
3230 2433 3451 2497 omnia
3494 2434 3752 2498 univer·

913 2536 1123 2600 sitatis
1168 2533 1432 2621 publica
1472 2531 1647 2612 loca,
1709 2528 1951 2594 scilicet
2002 2530 2379 2594 artistarum
2432 2539 2496 2593 et
2550 2532 2960 2613 iuristarum,
3015 2529 3255 2595 additis
3308 2530 3484 2614 loce,
3544 2531 3653 2597 die
3692 2542 3753 2596 et

908 2633 1104 2715 horis,
1132 2628 1644 2720 pro[28⁸]curent
1684 2629 1989 2695 intimari.
2052 2626 2309 2693 Placuit
2351 2629 2576 2711 eciam,
2621 2628 2792 2716 quod
2836 2628 3192 2712 doctorum,
3235 2628 3750 2696 baccalariorum

826 2742 893 2798 20
916 2744 980 2798 et
1022 2728 1514 2819 [licentiatorum
1531 2726 1588 2816 ‘?]
1636 2750 1961 2794 sermones
2006 2727 2092 2792 ad
2136 2726 2378 2792 clerum
2417 2728 2614 2794 fiendi
2658 2729 2744 2794 ad
2786 2730 3001 2794 omnia
3051 2728 3196 2794 loca
3244 2728 3514 2816 publica
3569 2752 3749 2818 prae-

910 2832 1110 2897 missa
1151 2831 1430 2896 debeant
1470 2829 1773 2894 intimari.

1073 3134 1182 3194 Am
1235 3131 1508 3192 Schlusse
1559 3133 1661 3190 cles
1713 3131 1972 3204 Bmhes,
2028 3133 2237 3193 descen
2290 3132 2530 3211 iibriqer
2588 3133 2793 3192 Inhalt
2853 3132 2916 3192 in
2968 3134 3083 3192 den
3146 3133 3438 3194 Urkundl.
3494 3132 3745 3200 Qucum

910 3257 965 3298 a.
1007 3256 1065 3295 a.
1116 3234 1182 3296 Ο.
1230 3230 1608 3309 ausflihrliclz
1649 3231 1987 3308 mitqetheilt
2030 3231 2122 3306 ist,
2165 3234 2364 3292 slehen
2406 3234 2499 3292 die
2542 3233 2745 3292 beiden
2770 3235 3102 3310 folgenden
3143 3234 3544 3292 For-mulam:

1035 3407 1087 3465 1.
1140 3392 1703 3482 Reverendissimo
1749 3391 2006 3458 domino
2050 3403 2114 3458 et
2155 3394 2454 3481 principi,
2501 3392 2758 3459 domino
2800 3393 2915 3476 .N.,
2959 3394 3267 3484 episcopo
3313 3394 3631 3461 ecclesiae

826 3506 893 3564 25
1160 3491 1736 3579 Merseburgensis‚
1765 3491 2153 3557 cancellario
2199 3493 2568 3559 academiae
2609 3493 2934 3581 Lipsicae,
2980 3493 3237 3560 domino
3281 3503 3506 3561 nostro

2071 3591 2582 3658 clementissimo.

1076 3724 1636 3792 Reverendissime
1679 3721 1936 3788 domine
1980 3736 2046 3789 et
2086 3724 2577 3791 clementissime
2619 3727 2947 3813 princeps.
3011 3726 3253 3791 Petunt
3291 3726 3420 3792 hoc
3460 3735 3751 3814 tempore

912 3829 1084 3895 docti
1127 3836 1190 3891 et
1228 3824 1383 3890 boni
1425 3823 1551 3887 viri
1593 3821 1738 3907 du0,
1795 3833 2176 3910 potestatem
2231 3824 2356 3889 sibi
2400 3824 2667 3891 concedi
2724 3826 2792 3890 in
2848 3823 3196 3911 theologici
3253 3825 3452 3891 studii
3508 3827 3750 3914 profes-

917 3931 1096 3994 sione
1140 3922 1316 4011 apud
1369 3946 1486 3989 nos
1529 3922 1939 4009 procedendi,
1994 3933 2067 3988 ut
2109 3925 2493 4011 praecipuos
2535 3924 2813 3990 honores
2864 3946 2945 3988 ac
2994 3922 3250 3989 titulum
3301 3924 3593 3991 doctoris
3634 3948 3746 4012 per

830 4039 898 4095 30
917 4025 1459 4116 opportunitatem
1537 4020 1884 4109 aliquando
1968 4025 2273 4110 consequi
2353 4022 2565 4089 liceat.
2648 4024 2967 4104 Quoniam
3000 4111 3007 4120 .
3038 4032 3257 4089 autem
3330 4023 3455 4089 hoc
3530 4027 3635 4090 ius
3708 4048 3748 4089 a

911 4137 1025 4192 tua
1065 4121 1604 4190 reverendissima
1645 4120 1983 4187 clementia
2024 4122 2313 4188 obtinere
2352 4134 2576 4189 nostra
2618 4120 2956 4190 academia
2992 4125 3360 4206 consuevit,
3412 4145 3536 4190 nos
3582 4147 3747 4190 com·

912 4226 1188 4292 muniter
1228 4232 1375 4287 tuae
1418 4219 1994 4285 reverendissimae
2036 4220 2412 4290 clementiae
2455 4222 2917 4310 supplicamus,
2961 4233 3032 4288 ut
3069 4223 3260 4289 huius
3299 4225 3558 4310 negocii
3600 4245 3747 4290 exe-

914 4326 1232 4390 cntionem
1288 4319 1600 4385 mandare
1653 4328 1718 4383 et
1769 4327 1919 4384 tuae
1990 4321 2571 4387 reverendissimae
2637 4321 3011 4388 clementiae
3064 4324 3244 4388 vices
3295 4321 3579 4410 benigne
3628 4323 3752 4389 hoc

909 4435 1201 4511 tempore
1243 4418 1545 4506 delegare
1585 4417 1742 4483 velit
1781 4419 2128 4504 magnifico
2165 4415 2338 4503 viro,
2380 4443 2605 4487 sacrae
2644 4420 3008 4507 theologiae
3049 4421 3315 4506 doctori,
3370 4421 3749 4489 Alexandro

830 4523 1153 4604 35Alesio,
1210 4519 1445 4585 rectori
1500 4515 1925 4602 academiae,⁶
1965 4507 2093 4607 'pro
2140 4542 2215 4585 eo
2262 4530 2453 4606 atque
2506 4544 2735 4585 munus
2792 4521 3119 4607 peculiare
3174 4521 3553 4587 clementiae
3604 4531 3749 4588 tuae

914 4621 1196 4712 postulat
1246 4628 1309 4684 et
1360 4616 1677 4683 submisse
1734 4640 1921 4683 orare
1978 4621 2262 4687 officium
2313 4621 2502 4687 nobis
2561 4620 2889 4690 incumbit.
2970 4621 3047 4687 In
3101 4644 3227 4710 quo
3283 4631 3397 4688 tua
3452 4644 3746 4688 reveren-

1089 4843 1112 4893 1
1152 4833 1526 4894 Geschriehen
1560 4835 1635 4891 ist
1668 4836 1964 4907 disputari.

1078 4927 1109 4977 2
1146 4918 1519 4978 Geschrieben
1554 4918 1703 4976 steht
1734 4922 2078 4980 exere-itacio.

1079 5011 1110 5061 3
1148 5003 1519 5062 Gescbrieben
1556 5003 1703 5060 steht
1737 5006 2072 5062 insinuantis.

1081 5098 1113 5147 4
1148 5087 1408 5144 Offenbar
1442 5087 1725 5144 enthalten
1757 5088 1846 5144 die
1880 5089 2362 5162 voraufgehenden
2398 5091 2595 5146 Worte
2628 5092 2786 5147 einen
2823 5091 3038 5150 Pehler.

1086 5181 1116 5231 5
1150 5175 1311 5229 Etwa
1346 5173 1407 5227 in
1425 5175 1723 5244 ficturum!

1081 5265 1112 5315 6
1145 5255 1338 5313 Durch
1372 5256 1520 5312 diese
1552 5257 1787 5329 Angabe
1823 5258 1958 5312 wird
1991 5274 2050 5313 es
2082 5258 2342 5330 moglich,
2371 5259 2472 5314 das
2507 5257 2651 5313 Jalu-
2682 5276 2752 5314 zu
2791 5259 3129 5330 beetimmen,
3174 5261 3234 5317 in
3266 5260 3526 5319 walchem
3562 5261 3735 5320 die-ur

923 5342 1082 5400 Brief
1106 5340 1462 5416 geschrieben
1495 5342 1584 5398 ist.
1652 5342 1872 5399 Alesius
1904 5358 2016 5397 war
2049 5344 2255 5400 Re'ctor
2286 5343 2362 5397 im
2396 5341 2643 5399 Sommer
2682 5348 2825 5402 1555.
