4038 6358
1088 656 1179 704 mit
1210 656 1740 709 Zusatzbesohlfimn
1777 661 1855 711 bis
1890 676 2008 711 zum
2046 663 2212 712 Jahre
2255 667 2398 713 1490.
3071 662 3149 726 53

275 826 676 914 titulentur,
717 842 781 897 et
825 835 998 922 quod
1040 837 1386 925 unicuique
1427 838 1629 906 velint
1669 840 1885 907 facere
1925 842 2218 909 similiter
2260 865 2372 909 seu
2411 842 2895 910 racionabiliter
2939 854 3003 910 et
3045 867 3144 910 ar-

275 925 519 993 ticulos
568 931 1037 1022 infrascriptos
1081 935 1163 1002 de
1200 938 1366 1025 ipsis
1412 938 1613 1006 velint
1654 941 2025 1009 observare.

685 1120 779 1183 10.
843 1134 940 1183 ns
980 1136 1394 1187 mclomsns
1436 1119 1998 1193 umvnnsnsrsu'
2037 1144 2701 1194 consummi-mus.
2733 1129 2747 1169 ¹

439 1242 528 1307 In
580 1246 1013 1316 universitate
1055 1254 1185 1319 sint
1225 1265 1498 1342 quatuor
1541 1260 1846 1325 naciones
1863 1310 1882 1344 ‚
1942 1271 2014 1327 ut
2059 1259 2140 1325 de
2180 1259 2353 1324 facto
2400 1268 2548 1324 sunt
2563 1308 2583 1342 ,
2628 1269 2692 1324 et
2734 1259 2815 1326 de
2858 1283 3140 1348 quacun-

274 1361 397 1427 que
442 1345 747 1411 nacione
788 1351 934 1436 quis
975 1374 1105 1417 non
1146 1354 1508 1422 intitulatus
1549 1359 1744 1426 fuerit
1759 1409 1777 1443 ,
1822 1359 1910 1425 ad
1951 1360 2130 1426 illam
2173 1357 2564 1423 inscribatur
2585 1407 2603 1442 ,
2656 1369 2718 1423 et
2759 1358 2969 1425 solvet
3006 1363 3143 1427 uni·
3163 1376 3197 1427 5

271 1442 592 1508 versitati
655 1445 879 1513 decem
931 1472 1196 1535 grossos
1252 1463 1317 1520 et
1370 1455 1653 1523 medium
1703 1481 2002 1544 grossum
2057 1456 2478 1524 servitoribus
2521 1457 2993 1543 universitatis,
3047 1462 3140 1525 iu-

273 1539 487 1607 rando
536 1543 675 1609 sub
719 1546 847 1612 hac
887 1549 1125 1617 forma:

440 1656 661 1746 „Ego
702 1662 782 1728 N.
826 1666 969 1732 iuro
1010 1669 1197 1736 vobis
1240 1673 1478 1737 rectori
1519 1682 1584 1738 et
1622 1674 1858 1739 vestris
1901 1672 2384 1742 successoribus
2428 1671 2874 1739 obedienciam
2913 1675 2984 1738 in
3009 1673 3143 1739 lici-

272 1756 356 1821 tis
423 1765 495 1823 et
570 1758 873 1829 honestis
939 1775 1004 1830 et
1055 1791 1320 1835 servare
1375 1780 1617 1837 statuta
1675 1782 1742 1838 et
1801 1773 2144 1839 statuenda
2192 1795 2312 1861 pro
2363 1795 2558 1861 posse
2610 1794 2753 1837 meo
2765 1820 2784 1855 ,
2853 1782 2917 1837 et
2975 1773 3149 1860 quod

278 1853 525 1922 bonum
573 1856 779 1927 huius
824 1859 887 1951 [9
907 1862 961 1954 ⁸]
1003 1869 1445 1935 universitatis
1489 1870 1683 1937 velim
1728 1894 2101 1960 procurare,
2145 1872 2231 1937 ad
2273 1893 2715 1959 quemcunque
2757 1880 2996 1937 statum
3040 1872 3143 1936 de·
3170 1884 3232 1936 10

274 1977 559 2041 venem,
609 1969 680 2024 et
723 1962 901 2051 quod
939 1965 1243 2034 iniuriam
1287 1972 1625 2058 propriam
1666 1993 1786 2037 nec
1827 1994 1946 2058 per
1984 1995 2088 2038 me
2129 1994 2250 2036 nec
2290 1994 2410 2058 per
2455 1970 2655 2036 alium
2699 1970 2893 2035 velim
2931 1971 3138 2037 vindi-

275 2075 425 2119 care
486 2057 620 2123 sed
681 2084 877 2150 super
932 2064 1054 2132 hoc
1102 2067 1382 2134 officium
1435 2071 1707 2137 rectoris
1759 2073 2083 2137 invocare.
2194 2070 2304 2136 Sic
2373 2093 2477 2135 me
2532 2070 2690 2135 deus
2753 2070 3019 2136 adiuvet
3078 2081 3142 2135 et

278 2149 441 2219 haec
486 2169 737 2226 sancta
776 2160 882 2228 dei
924 2167 1324 2253 evangelia.“

708 2350 801 2412 11.
863 2364 958 2412 DE
999 2365 1198 2417 MODO
1241 2368 1577 2418 ELIGENDI
1619 2369 2095 2421 CONSILIARIOS
2133 2373 2225 2421 ΕΤ
2268 2353 2730 2419 IUDICIALES.²

444 2469 843 2543 Consiliarii
881 2479 1216 2549 iudiciales
1262 2483 1581 2572 eligantur
1625 2487 1707 2552 de
1749 2496 2028 2574 quatuor
2071 2486 2449 2553 nacionibus
2483 2509 2601 2574 per
2644 2486 2814 2552 hunc
2848 2487 3127 2556 modum.
3157 2498 3218 2553 15

285 2566 695 2659 consiliarii,
740 2579 852 2665 qui
890 2580 1149 2648 fuerunt
1191 2606 1312 2672 pro
1357 2594 1648 2674 tempore
1679 2588 1929 2675 antiqui
1951 2588 2245 2669 rectoris,
2290 2586 2676 2653 coadiuncta
2709 2585 2835 2651 sibi
2865 2587 3140 2652 nacione

287 2689 437 2752 ΒΜ,
495 2675 751 2765 quique
805 2681 874 2744 in
937 2702 1057 2746 sua
1108 2685 1380 2751 nacione
1423 2685 1849 2752 nominabunt
1890 2709 2008 2752 sex
2049 2686 2360 2753 discretos
2404 2688 2581 2752 viros
2625 2707 2781 2751 suae
2822 2688 3138 2770 nacionis,

289 2789 446 2854 quos
488 2772 729 2842 valere
773 2778 1042 2846 credunt
1080 2782 1165 2848 ad
1208 2783 1331 2850 hoc
1369 2784 1680 2870 officium,
1737 2787 2185 2852 consenciente
2225 2796 2362 2851 tota
2401 2785 2514 2851 illa
2554 2787 2862 2869 nacione,
2918 2796 2983 2850 et
3023 2784 3142 2851 hos

286 2865 352 2931 in
392 2880 583 2937 carta
635 2876 897 2943 tradant
936 2884 1189 2948 rectori.
1272 2883 1418 2965 Quo
1471 2886 1642 2951 facto
1688 2895 1902 2951 rector
1942 2908 2149 2951 novus
2194 2885 2275 2951 de
2313 2908 2701 2973 unaquaque
2742 2887 3016 2951 nacione
3058 2908 3142 2951 ex

292 2988 405 3033 sex
461 2968 641 3038 duos
695 2978 967 3066 recipiet
1015 2990 1078 3045 et
1131 2984 1225 3048 sic
1278 2996 1464 3051 erunt
1506 2997 1648 3054 octo
1693 2984 2084 3069 consiliarii,
2142 2986 2251 3073 qui
2306 3007 2450 3051 cum
2496 2995 2748 3051 rectore
2790 2987 2857 3050 in
2898 2984 3224 3052 iudiciozo

296 3066 637 3140 sedebunt.
721 3075 1211 3167 Verumtamen,
1266 3086 1322 3150 si
1364 3095 1534 3151 esset
1577 3084 2040 3152 consulendum
2084 3085 2164 3152 de
2209 3108 2280 3152 re
2320 3086 2589 3153 multum
2633 3083 2870 3168 ardua,
2925 3094 3138 3150 rector

292 3168 749 3242 universitatis
811 3182 1233 3268 congregabit
1285 3184 1621 3252 consilium
1676 3187 2117 3252 universitatis
2169 3186 2255 3252 ad
2308 3185 2768 3254 consulendum
2826 3208 3020 3271 super
3061 3209 3134 3249 re

296 3266 515 3337 eadem
561 3270 635 3361 [9
647 3273 740 3364 b];
785 3288 849 3343 et
890 3283 1062 3368 quod
1099 3284 1576 3351 ibi'diffinitum
1617 3286 1830 3370 fuerit,
1873 3286 2051 3351 istud
2093 3295 2371 3374 ponatur
2415 3285 2500 3351 ad
2533 3286 2985 3351 execucionem
3024 3308 3137 3370 per

296 3378 640 3439 rectorem.
728 3377 1100 3448 consiliarii
1159 3394 1374 3450 autem
1429 3388 1774 3452 nacionum
1829 3385 2138 3451 assistant
2187 3386 2427 3451 rectori
2482 3385 2569 3451 ad
2622 3384 3139 3472 prosequendum

302 3476 359 3531 et
397 3473 833 3561 explendum,
878 3481 1050 3569 quod
1098 3483 1157 3550 ei
1200 3483 1513 3551 dictatum
1553 3495 1651 3551 est
1690 3487 1759 3550 in
1802 3485 2070 3551 consilio
2114 3486 2579 3550 universitatis
3153 3492 3220 3549 25

807 3669 894 3730 12.
951 3683 1048 3732 ns
1092 3684 1499 3738 murmuro
1545 3685 1989 3737 samm-oium
2025 3684 2572 3735 unwanswsns.
2597 3668 2624 3711 ³

455 3786 832 3861 Servitores
883 3799 1323 3867 universitatis
1374 3801 1683 3869 iurabunt
1735 3802 2181 3868 obedienciam
2227 3803 2465 3868 rectori
2516 3812 2580 3867 et
2620 3801 2756 3866 suis
2804 3822 3130 3865 successo-

305 3881 472 3960 ribus
512 3899 583 3956 et
623 3892 1000 3965 fidelitatem
1041 3902 1469 3987 universitati,
1513 3916 1577 3968 et
1618 3902 1792 3991 quod
1834 3911 2086 3967 secreta
2131 3923 2249 3988 per
2287 3913 2622 3984 rectorem,
2667 3900 2777 3988 qui
2817 3922 2935 3986 pro
2981 3909 3138 3964 tem·

305 4003 452 4067 pore
497 3990 730 4076 fuerit,
784 4006 848 4062 et
896 4020 1015 4084 per
1070 4001 1472 4068 consiliarios
1514 4002 1953 4068 universitatis
1994 4002 2159 4088 ipsis
2204 4002 2616 4067 manifestata
2651 4022 2783 4064 non
2824 3997 3130 4063 revelent.

303 4077 453 4150 Item
493 4089 836 4180 iurabunt,
874 4098 1081 4186 quod,
1124 4102 1180 4166 si
1223 4102 1565 4188 contigerit
1608 4102 1886 4188 aliquem
1930 4123 2013 4166 ex
2055 4102 2148 4166 eis
2189 4101 2509 4167 removeri
2552 4098 2636 4165 ab
2682 4099 2911 4181 offici0,
2955 4097 3129 4186 quod
3145 4107 3213 4162 30

304 4200 421 4247 non
458 4188 623 4255 velit
664 4207 931 4283 propter
976 4199 1101 4265 hoc
1144 4200 1488 4266 detrahere
1527 4201 1717 4268 alicui
1762 4200 1843 4265 de
1886 4201 2237 4285 magistris.
2310 4199 2397 4264 Et
2425 4198 2555 4264 alia
2579 4197 2929 4264 secundum
2961 4218 3132 4262 com-

305 4307 545 4357 munem
586 4291 863 4361 formam
902 4298 972 4361 in
1012 4300 1456 4366 universitatis
1498 4302 1769 4368 introitu
1809 4297 2105 4364 iuranda.

454 4648 568 4709 Bis
609 4651 848 4712 leion-lter
880 4653 1099 4730 qinqen
1140 4654 1237 4714 die
1278 4655 1782 4732 urspriinyliclten
1824 4655 2123 4715 Statuten.
2207 4653 2323 4713 Bei
2362 4654 2491 4712 dem
2521 4654 2865 4729 Folyenden
2897 4654 3130 4728 bezeuqt

312 4741 454 4803 nicht
503 4749 663 4808 bloss
721 4754 837 4811 das
899 4753 1125 4813 Datum
1145 4799 1160 4827 ,
1217 4757 1477 4814 sondern
1529 4757 1682 4814 auch
1743 4756 1857 4813 das
1896 4755 2123 4812 Fauen
2165 4755 2274 4813 der
2315 4752 2619 4812 Rubriken
2657 4753 2785 4811 und
2826 4751 2990 4810 einer
3032 4752 3123 4809 be-

313 4841 581 4907 stinunten
622 4851 1022 4930 Anordmmq,
1066 4855 1210 4912 dass
1253 4875 1315 4913 es
1356 4855 1802 4914 Zusatzartikel
1842 4853 1994 4912 sind.
2081 4853 2197 4912 Die
2240 4853 2436 4911 Hand
2474 4853 2645 4910 bleibt
2686 4850 2932 4911 dieselbe
2952 4897 2970 4929 ‚
3032 4849 3125 4909 die

316 4944 450 5002 weh
489 4949 604 5007 das
665 4951 1151 5029 Vorausqehende
1188 4954 1569 5031 quchrieben
1611 4956 1733 5018 hat.
1819 4954 1927 5012 101·
1970 4954 2156 5024 zc‘ikle
2183 4952 2413 5011 weiter:

635 5263 831 5319 Raude
864 5283 974 5332 mm
1007 5265 1227 5335 loquar.
1487 5273 1517 5323 2
1551 5265 1661 5322 Am
1694 5266 1892 5322 Raude
1921 5283 2035 5321 non
2070 5264 2289 5334 leym.
