4038 6358
1132 650 1310 701 Vierte
1344 650 1873 712 Statutenrednctiom
1902 667 2010 701 von
2049 648 2394 704 1499—1522.
3061 653 3182 719 465

256 843 732 929 ticorum,
774 848 1469 932 yconomicorum,
1514 850 2050 933 perspectiva
2093 852 2557 934 communis,
2597 850 2966 916 theorica
3007 850 3184 937 pla-

254 953 763 1030 netarum,
838 946 1265 1028 Euclides,
1340 946 1969 1012 rethoricorum
2038 948 2583 1031 Arestotelis,
2656 951 3188 1015 arismetrica

262 1064 579 1109 comm
606 1048 828 1129 unis,
884 1047 1197 1112 musica
1235 1044 1499 1111 Muris
1540 1055 1603 1110 et
1640 1046 2226 1133 metaphisica.

908 1254 965 1315 5.
1008 1264 1103 1311 DE
1146 1262 1534 1311 nxnnclcns
1574 1263 1711 1312 Pno
1755 1264 2182 1313 mels‘rnmo
2222 1266 2620 1313 Aunmxms.

472 1410 737 1477 Nullus
782 1412 1041 1477 admitti
1082 1411 1273 1477 debet
1315 1410 1403 1477 ad
1441 1422 1837 1499 temptamen
1892 1437 2013 1501 pro
2069 1414 2280 1500 gradu
2349 1416 2707 1501 magisterii
2724 1464 2741 1496 ,
2806 1414 2932 1478 nisi
2998 1417 3178 1501 prius
3229 1426 3262 1479 5

272 1512 583 1575 steterit
628 1512 697 1575 in
739 1512 1077 1576 exerciciis
1118 1512 1553 1599 infrascriptis
1568 1562 1587 1595 ,
1658 1512 1903 1577 scilicet
1940 1536 2005 1577 m
2023 1522 2095 1577 et
2111 1536 2152 1577 a
2165 1536 2208 1600 p
2223 1513 2302 1577 hi
2319 1536 2350 1577 s
2367 1514 2392 1577 i
2409 1536 2446 1577 c
2460 1536 2501 1577 a
2514 1536 2550 1577 e
2597 1510 2701 1599 [19
2717 1510 2768 1600 b]
2817 1536 2966 1578 cum
3006 1514 3177 1578 vice-

267 1609 725 1676 cancellario
748 1660 767 1694 ,
832 1610 1152 1676 ethicor
1170 1634 1324 1693 um,
1388 1612 1712 1697 phisico
1734 1635 1938 1695 rum,
2001 1614 2318 1678 veteris
2383 1614 2592 1677 artis
2639 1634 2784 1676 cum
2826 1612 3072 1677 decano
3118 1621 3182 1676 et

264 1732 315 1772 n
332 1733 376 1775 o
397 1732 449 1773 v
472 1732 525 1775 a
554 1733 599 1775 e
640 1709 716 1777 lo
730 1712 811 1797 gi
827 1733 965 1775 cae
1007 1732 1153 1774 cum
1198 1732 1592 1798 quocunque,
1620 1713 2104 1797 magistrorum,
2148 1732 2315 1795 quae
2360 1723 2508 1777 sunt
2532 1713 2970 1795 necessitatis;
3013 1734 3078 1775 m
3100 1735 3135 1775 e
3155 1749 3176 1759 -

264 1808 360 1875 th
381 1832 425 1875 e
448 1834 495 1876 o
515 1833 813 1875 rorum
862 1809 967 1874 vel
1021 1833 1065 1896 p
1085 1811 1315 1873 arvis
1366 1809 1909 1875 naturalibus
1963 1832 2085 1897 pro
2128 1833 2288 1895 uno,
2344 1811 2426 1875 de
2469 1810 2702 1899 quibus
2737 1810 2977 1880 ultimis
3023 1810 3178 1875 duo·

270 1910 412 1974 bus
462 1911 791 1997 capiatur
834 1932 1031 1973 unum
1075 1931 1295 1975 eorum
1328 1907 1679 1985 secundum
1723 1909 2034 1998 placitum
2076 1910 2182 1976 vel
2236 1910 2586 1977 secundum
2637 1910 3012 1976 electionem
3063 1920 3260 1975 vo-10

268 2007 605 2075 leucium
647 2012 1034 2096 promoveri.

366 2249 437 2311 6.
488 2261 604 2307 ΒΕ
648 2260 981 2320 QUATUOR
1022 2258 1623 2309 RESUMPTIONIBUS
1666 2258 1979 2308 PUBLICIS
2023 2258 2455 2308 FACULTATIS
2483 2259 2858 2308 AUDIENDIS
2902 2260 3088 2308 ANTE

984 2358 1493 2408 Pnonoclomm
1536 2358 1814 2407 GRADUS
1856 2358 2447 2408 BACCALARIATUS.
2487 2344 2506 2385 ¹

468 2524 719 2590 Nullus
760 2522 955 2589 debet
996 2523 1251 2589 admitti
1293 2521 1380 2589 ad
1422 2547 1697 2591 examen
1738 2524 2214 2591 baccalariatus
2259 2527 2328 2590 in
2370 2525 2641 2609 artibus,
2683 2526 2811 2590 nisi
2843 2526 3026 2612 prius
3057 2522 3168 2589 ad-

296 2626 541 2690 minus
598 2622 799 2715 semel
863 2622 1188 2689 audiverit
1244 2632 1521 2709 quatuor
1570 2629 2060 2712 resumpciones
2111 2648 2152 2691 a
2203 2623 2511 2690 facultate
2564 2625 2896 2689 institutas
2937 2634 3000 2689 et
3042 2646 3162 2710 pro
3184 2634 3245 2689 15

284 2726 389 2789 eis
440 2722 885 2789 effecumliter
926 2722 1222 2788 facultati
1266 2724 1670 2809 satisfecerit,
1712 2724 2018 2791 videlicet
2059 2746 2256 2789 unam
2297 2725 2366 2787 in
2403 2746 2448 2809 g
2463 2746 2499 2788 r
2516 2746 2632 2788 am
2648 2747 2716 2788 m
2733 2725 2893 2789 atic
2909 2745 2968 2807 a,
3012 2722 3166 2789 alte-

286 2846 448 2887 ram
498 2825 579 2889 in
614 2822 898 2911 loyca,
952 2824 1225 2888 terciam
1265 2824 1335 2887 in
1376 2823 1841 2908 rethorica,
1898 2835 2194 2909 quartam
2238 2825 2306 2888 in
2346 2823 2892 2911 philosophia
2935 2834 3168 2889 natu-

288 2946 326 2987 r
344 2922 497 2988 ali.
592 2922 683 2987 Et
704 2931 788 2999 ‚ut
830 2922 911 2987 de
953 2922 1077 2987 hoc
1118 2932 1417 2987 constare
1453 2925 1692 3009 possit,
1757 2923 1950 2989 debet
2010 2922 2281 2988 audiens
2357 2946 2398 2987 a
2449 2922 2960 3009 resumptoribus
3002 2924 3167 3009 ipsis

289 3024 828 3110 recognitionem
886 3021 1233 3087 auditionis
1293 3022 1663 3087 huiusmodi
1718 3034 1979 3089 actuum
2049 3024 2512 3110 resumptionis
2568 3022 2860 3087 obtinere
2903 3035 2967 3087 et
3007 3030 3165 3087 tem·

292 3144 471 3210 pore
522 3122 1041 3210 dispensacionis
1080 3122 1149 3186 in
1194 3120 1457 3188 scedula
1502 3144 1621 3188 sua
1661 3144 1883 3189 coram
1927 3123 2174 3189 decano
2219 3132 2283 3188 et
2322 3121 2626 3188 facultate
2669 3120 2998 3187 exhibere.
3079 3120 3250 3186 Etzo

293 3225 877 3310 quocienscunque
929 3219 1211 3309 aliquam
1280 3223 1429 3309 quis
1483 3221 1807 3288 audiverit
1872 3224 2376 3311 resumptionem
2394 3275 2410 3306 ,
2478 3222 2724 3287 tociens
2791 3222 3166 3286 satisfacere

290 3331 624 3388 teneatur.

298 3543 361 3603 7.
404 3556 509 3603 nn
556 3555 754 3604 nono
801 3554 1142 3604 Asamum
1182 3554 1571 3603 an‘rlomss
1626 3555 1719 3602 ΕΤ
1778 3555 2155 3604 ΕΧΕΒΟΙΤΙΑ
2175 3587 2194 3622 ,
2249 3556 2343 3603 ΕΤ
2386 3555 2578 3616 Quor
2627 3556 2771 3604 UNA
2809 3555 2968 3604 vlcn
3003 3555 3159 3616 Qms

1397 3654 1659 3704 Annum
1704 3654 2025 3703 Pornmr.
2050 3639 2074 3680 ²

482 3820 723 3887 Modus
768 3819 1075 3886 audiendi
1111 3819 1419 3885 lectiones
1463 3830 1527 3884 et
1568 3822 1895 3895 exercicia
1937 3820 2062 3885 erit
2117 3819 2286 3884 talis.
2371 3819 2664 3901 Quilibet
2719 3820 2990 3886 audiens
3043 3819 3158 3885 ali·
3173 3829 3240 3886 25

308 3939 509 4003 quam
557 3919 897 3986 lectionem
939 3941 1059 4006 pro
1102 3919 1317 4005 gradu
1356 3922 1425 3984 in
1468 3917 1716 3984 artibus
1734 3968 1751 4000 ,
1815 3921 2107 4004 exceptis
2167 3919 2794 3987 mathematicalibus
2811 3969 2830 4003 ,
2903 3930 3160 3986 tenetur

314 4039 461 4084 eam
508 4018 737 4084 audire
775 4019 844 4083 in
884 4016 1052 4083 libro
1096 4020 1205 4102 qui
1257 4018 1495 4104 legitur
1538 4039 1682 4081 cum
1724 4016 2080 4103 diligentia,
2133 4019 2226 4083 ita
2283 4017 2459 4104 quod
2507 4029 2757 4085 textum
2816 4021 3156 4107 proprium

312 4129 425 4183 aut
472 4116 1034 4184 accommodatum
1076 4139 1291 4182 secum
1332 4127 1623 4204 tempore
1663 4116 1954 4181 lectionis
2000 4115 2240 4182 habeat
2278 4122 2574 4204 (possunt
2613 4128 2832 4184 tamen
2878 4119 3004 4185 duo
3053 4118 3156 4184 vel

310 4225 445 4282 nes
492 4216 583 4283 ad
620 4219 985 4283 maximum
1026 4216 1253 4282 eodem
1293 4227 1475 4281 textu
1517 4237 1639 4302 pro
1674 4225 1966 4303 tempore
2006 4218 2134 4294 uti)
2150 4264 2169 4298 ,
2233 4225 2299 4281 et
2355 4217 2528 4304 quod
2584 4220 2722 4286 sine
2765 4217 3153 4284 racionabili

310 4337 529 4400 causa,
570 4316 883 4403 legittimo
925 4315 1387 4404 impedimento
1430 4325 1725 4380 cessante
1738 4364 1757 4398 ,
1815 4313 2062 4380 nullam
2101 4315 2440 4381 lectionem
2453 4365 2472 4400 ,
2536 4339 2731 4404 quam
2773 4317 3000 4384 audire
3042 4317 3149 4383 de·
3168 4326 3238 4383 30

308 4413 467 4501 buit,
512 4427 627 4483 aut
666 4418 1057 4482 exercicium
1072 4465 1089 4497 ‚
1133 4417 1201 4480 in
1238 4438 1363 4502 quo
1422 4423 1597 4479 stare
1652 4411 1903 4495 debuit,
1966 4413 2284 4500 neglexit,
2347 4438 2388 4480 a
2441 4419 2647 4482 tercia
2715 4416 2990 4482 lectione
3048 4415 3156 4481 vel

311 4518 630 4582 exercicio
675 4515 760 4582 ab
803 4517 1183 4602 incepcione
1203 4513 1517 4580 librorum
1538 4511 1992 4600 computando,
2033 4524 2114 4597 et,
2159 4525 2719 4603 quantumcunque
2739 4519 2968 4602 potuit,
3013 4518 3152 4581 sine

312 4613 457 4682 dolo
524 4625 589 4682 et
654 4615 884 4680 fraude
940 4637 981 4680 a
1038 4615 1363 4702 principio
1420 4635 1627 4700 usque
1670 4612 1756 4677 ad
1794 4611 1987 4677 finem
2045 4616 2437 4700 permansit,
2495 4637 2618 4680 nec
2659 4614 2780 4680 sub
2821 4639 2953 4682 una
2993 4616 3153 4683 hora

317 4711 477 4782 duas
520 4715 830 4780 lectiones
866 4724 979 4779 aut
1019 4713 1145 4780 duo
1198 4713 1527 4778 exercicia
1578 4711 1822 4778 habuit.
1910 4711 2240 4792 Quociens
2303 4725 2518 4780 autem
2578 4717 2969 4781 exercicium
3037 4726 3149 4781 aut

308 4809 651 4881 lectionem
694 4815 833 4880 sive
874 4811 1184 4879 lectiones
1221 4811 1509 4900 neglexit
1574 4812 1678 4876 vel
1733 4833 1774 4875 a
1830 4811 2157 4898 principio
2216 4835 2419 4900 usque
2461 4814 2549 4879 ad
2591 4815 2788 4880 finem
2831 4838 2962 4882 non
3004 4826 3232 4903 per-35

318 4917 572 4992 mansit,
614 4923 677 4981 et
716 4935 935 4979 omnes
984 4911 1145 4978 alios
1188 4912 1475 4977 defectus
1520 4933 1670 4976 suos
1714 4909 1905 4975 debet
1942 4911 2015 4974 in
2055 4911 2321 4977 scedula
2363 4935 2625 4979 suorum
2672 4925 2948 4999 actuum,
2988 4924 3146 4980 tem-

476 5211 1571 5280 lAmBandex-echtsaonleqawru.
1610 5208 1970 5264 linksvacat.

469 5303 501 5353 2
534 5297 645 5352 Am
679 5297 877 5352 Raude
910 5297 1125 5367 leqamr
1158 5313 1279 5349 eum
1312 5295 1485 5348 mbas
1522 5294 1874 5362 εοφιοηὴόω.

440 5399 878 5438 snrunusucn
910 5399 1027 5434 nn
1060 5397 1205 5436 nstv.
1239 5397 1477 5434 nmmo.
2725 5373 2805 5434 30
