4038 6358
1409 630 1513 681 Die
1550 630 1789 682 statutos
1830 642 1937 678 von
1981 628 2124 679 1565.
3075 633 3194 698 213

314 811 629 877 cessione
696 811 967 878 alicuius
1029 835 1296 879 numero
1369 813 1698 879 deminuto
1759 832 1966 877 novus
2031 809 2284 897 collega
2364 818 2700 896 cooptetur
2711 860 2729 893 ,
2809 812 2933 876 erit
3008 812 3194 877 istius

318 912 638 997 proximo
676 933 845 977 anno
880 912 1126 977 functio
1168 914 1455 981 muneris
1496 912 1686 978 huius
1740 921 1806 978 et
1855 912 1949 975 ita
2002 910 2263 975 demum
2320 919 2471 996 post
2524 931 2762 975 annum
2822 911 2907 975 ad
2961 914 3195 977 seriem

313 1010 815 1097 progressionis
880 1011 1251 1077 ordinariae
1311 1035 1390 1077 ea
1456 1021 1839 1077 revertetur.
1925 1009 2256 1097 Cuiusque
2320 1018 2534 1075 autem
2602 1011 2756 1075 anni
2818 1005 3192 1097 praeposito

308 1111 791 1196 magistratum
850 1110 1096 1176 ineunti
1159 1120 1457 1177 tenentur
1522 1110 1758 1199 singuli
1820 1109 2110 1197 collegae
2184 1111 2563 1197 promittere
2630 1107 3067 1175 obedientiam
3128 1120 3195 1174 et

314 1212 786 1274 reverentiam.
3242 1217 3274 1272 5

492 1307 831 1398 Usitatum
873 1332 1126 1398 quoque
1154 1298 1286 1395 est,
1328 1321 1401 1377 ut
1440 1311 1850 1400 praepositus
1890 1310 2346 1396 magistratum
2378 1310 2584 1374 iniens
2614 1318 2677 1373 et
2711 1307 2935 1375 eodem
2964 1309 3189 1375 abiens

318 1418 525 1493 atque
580 1411 867 1474 rationes
909 1408 1188 1475 reddens
1230 1433 1498 1477 coenam
1544 1411 1655 1476 det
1710 1409 1992 1495 collegis,
2045 1408 2172 1474 hoc
2215 1431 2346 1474 non
2391 1410 2601 1474 visum
2654 1417 2719 1472 et
2772 1410 3187 1474 intermitten-

315 1506 483 1572 dum
532 1503 622 1594 [6]
669 1531 813 1574 esse
854 1518 1126 1595 propter
1166 1511 1395 1576 talium
1437 1532 1897 1597 congressuum
1944 1530 2075 1573 non
2120 1508 2323 1574 solum
2367 1509 2753 1573 suavitatem
2797 1508 2913 1574 sed
2952 1508 3189 1573 utilita-

312 1616 455 1671 tem
518 1609 748 1690 etiam3
810 1606 1055 1695 placuit
1110 1620 1328 1676 tamen
1393 1611 1673 1692 decerni,
1734 1608 1879 1674 illas
1948 1630 2186 1673 coenas
2245 1607 2586 1694 frugaliter
2646 1608 3063 1673 instruendas
3124 1619 3188 1672 et

318 1706 675 1793 superfluis
718 1708 1034 1774 sumtibus
1077 1709 1478 1796 parcendum
1530 1720 1596 1775 et
1646 1709 1915 1795 dignam
1956 1707 2184 1774 ordine
2243 1705 2628 1773 scholastico
2671 1706 3182 1772 moderationem
3209 1717 3271 1772 10

320 1805 774 1871 adhibendam
812 1830 974 1873 esse.

491 1904 626 1985 Qui
669 1929 824 1973 vero
864 1916 998 1973 tres
1042 1896 1577 1975 commemoratas
1620 1930 1853 1974 coenas
1898 1907 2057 1973 dare
2095 1907 2395 1990 noluerit,
2440 1905 2525 1970 ab
2567 1929 2641 1971 eo
2685 1912 2722 1972 7
2757 1905 2823 1971 fl.
2868 1928 2988 1992 pro
3029 1928 3185 1992 qua-

320 2002 485 2068 libet
528 2008 864 2072 numerari
906 2008 975 2071 in
1018 2008 1377 2074 rationibus
1424 2008 1695 2095 collegio
1740 2006 2003 2093 placuit.

1005 2177 1060 2237 2.
1106 2191 1201 2238 ns:
1244 2190 1676 2240 PRAEPOSITO
1722 2190 2058 2239 Paeonum
2097 2188 2516 2238 Amnum.

491 2303 927 2371 Constitutum
973 2316 1096 2389 est,
1152 2315 1224 2371 ut
1262 2328 1497 2374 munus
1552 2308 1909 2393 praepositi
1955 2328 2151 2371 curae
2191 2325 2510 2391 pagorum
2556 2300 2862 2387 deinceps
2903 2303 2972 2366 in
3013 2302 3267 2368 ordi-15

324 2423 470 2468 nem
519 2405 693 2469 serie
734 2406 1164 2491 cooptationis
1206 2429 1249 2470 a
1276 2408 1491 2493 primo
1536 2405 1622 2471 ad
1664 2407 2035 2493 proximum
2078 2425 2392 2492 quemque
2427 2401 2754 2466 deferatur
2795 2410 2862 2465 et
2902 2402 2995 2466 ita
3036 2424 3182 2489 pro-

322 2502 515 2568 cedat
559 2514 1028 2591 consequenter
1071 2528 1188 2591 per
1228 2507 1587 2571 universos.

360 2676 418 2736 3.
464 2687 564 2735 DE
612 2687 1104 2736 GOOPTATIONE
1148 2688 1319 2736 Novl
1366 2687 1733 2736 COLLEGAE
1776 2688 1867 2735 ΕΤ
1908 2687 2118 2736 HUIUS
2159 2683 2637 2748 mREmRANDO
2681 2682 2769 2731 Ac
2810 2682 3144 2734 IMPENSIS.

486 2799 624 2865 Ubi
700 2824 867 2866 unus
941 2801 1174 2887 aliquis
1251 2823 1335 2866 ex
1412 2800 1805 2889 collegarum
1873 2823 2141 2867 numero
2203 2797 2306 2863 vel
2374 2805 2582 2866 morte
2644 2794 2749 2860 vel
2814 2796 3182 2864 voluntaria

322 2901 763 2986 resignatione
821 2899 925 2965 vel
991 2921 1377 2988 quocunque
1436 2900 1629 2966 modo
1693 2900 2075 2982 decesserit,
2152 2907 2508 2965 conventus
2576 2897 2796 2961 statim
2860 2895 2944 2960 ab
3008 2896 3180 2962 illius
3199 2908 3267 2964 20

321 3001 637 3087 temporis
694 3001 1067 3088 praeposito
1108 2999 1431 3066 indicetur
1484 2999 1571 3064 ad
1625 2999 1899 3066 alterum
1940 3001 2008 3064 in
2053 3000 2211 3082 eius,
2267 2998 2382 3083 qui
2425 2996 2735 3078 decessit,
2792 2996 3006 3060 locum
3047 3019 3182 3061 sur-

318 3097 705 3185 rogandum.

485 3198 772 3284 Rogabit
813 3208 1031 3264 autem
1073 3209 1226 3264 tunc
1265 3209 1328 3264 et
1380 3200 1447 3263 in
1500 3198 1799 3264 omnibus
1853 3197 2276 3265 conventibus
2334 3192 2786 3284 sen[7]tentias
2846 3198 3182 3283 praeposi-
3231 3211 3240 3220 ‘

320 3309 423 3362 tus
468 3306 536 3362 et
589 3298 732 3382 hae,
778 3309 853 3363 ut
894 3298 1120 3364 ordine
1163 3307 1357 3386 atque
1410 3296 1634 3382 libere,
1689 3300 1783 3363 sic
1836 3298 2113 3364 fideliter
2170 3307 2236 3362 et
2287 3295 2545 3383 placide
2603 3294 2915 3377 dicentur,
2971 3296 3065 3360 ita
3108 3307 3180 3361 ut

322 3399 739 3487 praepositus
804 3407 870 3463 et
922 3398 1066 3484 ipse
1121 3421 1236 3463 suo
1294 3396 1456 3480 loco,
1516 3420 1707 3485 quem
1769 3398 2200 3484 cooptationis
2259 3396 2425 3461 serie
2478 3393 2703 3476 habet,
2761 3394 3172 3481 suffragetur,
3193 3405 3260 3461 25

321 3495 901 3583 surrogabiturque
945 3497 1021 3579 is,
1085 3498 1153 3560 in
1215 3519 1404 3585 quem
1465 3495 1728 3583 plurimi
1792 3498 2256 3563 consenserint.
2345 3493 2597 3575 Quodsi
2655 3493 2823 3558 forte
2883 3494 3184 3583 aequalia

318 3594 561 3660 fuerint
607 3596 939 3682 suffragia,
982 3599 1396 3683 praepositus
1442 3598 1800 3662 sortitionis
1844 3605 2081 3661 eventu
2123 3595 2637 3680 surrogationem
2678 3591 2946 3658 definire
2989 3592 3179 3659 debe-

318 3692 435 3758 bit.
523 3694 691 3779 Legi
735 3704 948 3760 autem
1002 3695 1249 3781 placuit
1304 3694 1575 3781 collegio
1624 3696 1692 3760 in
1746 3694 1956 3760 locum
2012 3697 2170 3777 eius,
2226 3695 2335 3781 qui
2389 3692 2804 3774 decessisset,
2866 3714 2948 3756 ex
2991 3692 3180 3759 huius

320 3794 529 3879 ipsius
578 3794 840 3859 natione
884 3793 1178 3877 alterum,
1221 3796 1436 3859 virum
1478 3794 1738 3875 bonum,
1786 3793 2129 3875 eruditum,
2176 3816 2463 3879 gravem,
2495 3794 2704 3858 omnis
2749 3793 3006 3857 virtutis
3053 3803 3180 3859 stu-

320 3891 577 3958 diosum
637 3902 702 3956 et
762 3901 911 3961 ante
969 3895 1187 3958 omnia
1246 3895 1506 3980 pietatis
1564 3915 1643 3958 ac
1699 3894 1980 3979 purioris
2043 3892 2380 3959 doctrinae
2437 3890 2759 3977 evangelii
2824 3892 3178 3958 secundum
3196 3905 3265 3961 30

322 3993 544 4078 capita
608 3991 1030 4057 confessionis
1083 3992 1525 4078 Augustanae,
1584 4014 1752 4058 anno
1809 3992 2057 4060 Christi
2111 3992 2456 4057 MDXXX
2514 4013 2731 4056 coram
2788 3991 3184 4078 imperatore

323 4090 564 4157 Carolo
587 4090 651 4154 V
679 4093 1003 4156 recitatae.
1055 4090 1265 4172 Quem
1308 4100 1561 4157 constet
1597 4091 1916 4157 bonarum
1956 4115 2100 4159 esse
2140 4093 2377 4157 artium
2419 4092 2806 4177 magistrum
2848 4091 2917 4154 in
2959 4102 3183 4157 nostra

319 4189 444 4255 hac
491 4188 831 4254 academia
871 4190 1132 4272 factum,
1191 4200 1254 4255 et
1295 4189 1470 4255 bona
1510 4213 1659 4277 spes
1704 4192 1817 4275 sit,
1871 4190 2206 4278 dignitatis
2263 4190 2513 4279 aliquid
2570 4189 2919 4256 conciliare
2965 4190 3179 4256 ordini

314 4298 541 4354 nostro
586 4299 650 4353 et
687 4288 1028 4353 utilitatem
1072 4289 1447 4354 academiae
1490 4288 1724 4355 afferre
1778 4292 2087 4377 privatim
2144 4300 2256 4356 aut
2308 4288 2569 4377 publice
2627 4288 2918 4354 docendo
2981 4313 3173 4377 posse

316 4388 422 4453 vel
467 4386 771 4474 exemplo
816 4397 879 4453 et
920 4391 1307 4453 auctoritate
1347 4386 1821 4476 prudentiaque
1862 4398 1928 4455 et
1967 4392 2195 4455 iuvare
2239 4389 2402 4455 alios
2446 4397 2511 4454 et
2552 4411 2785 4453 ornare
2830 4388 3176 4474 collegium
3192 4399 3258 4455 35

319 4496 638 4569 nostrum,
696 4497 766 4551 ut
807 4488 1219 4552 emeritorum
1264 4508 1536 4574 quoque,
1595 4489 1761 4552 sicut
1818 4510 2096 4574 aequum
2140 4497 2266 4571 est,
2321 4489 2488 4553 ratio
2531 4486 2867 4551 habeatur.
2952 4487 3086 4552 Aut
3126 4490 3182 4553 si

323 4584 588 4673 placeat
631 4588 930 4672 cooptari
975 4587 1257 4673 aliquem
1300 4588 1369 4650 in
1412 4584 1542 4651 alia
1564 4586 1903 4652 academia
1939 4589 2238 4674 magistri
2269 4587 2454 4653 titulo
2484 4595 2804 4667 ornatum,
2831 4585 2937 4652 hic
2962 4595 3179 4651 tamen

316 4686 386 4749 in
426 4706 772 4751 numerum
811 4687 1199 4751 nostratium
1244 4687 1720 4771 magistrorum,
1772 4688 1854 4752 iis
1909 4710 2075 4774 quae
2127 4709 2251 4774 par
2305 4695 2407 4752 est
2458 4686 2842 4767 observatis,
2894 4684 3181 4770 legitime

317 4794 620 4869 receptus
664 4806 807 4849 esse
847 4784 1130 4850 debebit.
2377 4786 2388 4811 ³

484 4881 575 4971 [S.
592 4881 658 4971 8]
681 4883 811 4965 Qui
840 4885 907 4948 in
937 4906 1272 4949 numerum
1303 4883 1698 4970 collegarum
1721 4894 2059 4973 cooptatus
2087 4886 2282 4951 fuerit
2309 4886 2759 4970 surrogatione
2787 4886 2855 4949 in
2880 4887 3037 4968 eius,
3067 4889 3178 4975 qui
3197 4899 3264 4953 40

316 4983 628 5065 decessit,
689 4982 936 5049 locum:
995 4984 1052 5048 is
1106 4984 1485 5070 praeposito
1526 4982 1698 5048 illius
1748 4986 2059 5069 temporis
2120 4983 2381 5049 iubente
2437 4984 2657 5071 palam
2714 5006 2936 5049 coram
2991 5008 3179 5072 prae·

320 5082 611 5148 sentibus
658 5084 726 5147 in
767 5081 1037 5147 consilio
1071 5082 1290 5148 verbis
1324 5084 1654 5170 conceptis
1697 5082 2141 5147 iusiurandum
2186 5082 2387 5166 dabit,
2433 5082 2606 5172 quod
2651 5082 3009 5149 subiectum
3051 5095 3178 5150 est:

490 5180 683 5267 „Ego
709 5183 806 5247 .N.
852 5184 1014 5264 iuro,
1058 5182 1224 5248 velle
1267 5205 1371 5247 me
1415 5180 1711 5247 omnibus
1754 5181 2004 5247 viribus
2050 5182 2486 5248 honestissimi
2530 5182 2784 5268 collegii
2829 5184 3019 5249 huius
3063 5187 3183 5251 uti·

313 5280 533 5349 litates
576 5292 641 5346 et
680 5283 1022 5349 commoda
1065 5281 1579 5348 administrando
1624 5304 1997 5367 procurare,
2063 5282 2385 5348 servando
2446 5283 2956 5371 exequendoque
3003 5286 3182 5371 quic-
