4038 6358
788 618 910 682 486
1768 614 1869 663 Die
1903 613 2345 677 philosophische
2380 612 2640 664 Facultit.

961 838 1055 899 19.
1098 848 1191 896 DE
1236 848 1584 896 CARENTIA
1627 848 1789 897 Locl
1828 846 2107 896 ADMISSI
2148 846 2732 913 BAccALARJANDI,
2779 845 3103 895 STATUTO
3149 846 3479 895 TEMPORE

1825 946 1970 995 NON
2013 945 2603 997 DETERMJNANTIS.

955 1082 1101 1145 Non
1158 1080 1596 1145 determinans
1654 1089 1804 1144 ante
1865 1079 2059 1144 finem
2135 1081 2463 1168 sequentis
2518 1080 2842 1146 examinis
2915 1069 3135 1144 omnes
3201 1075 3522 1143 admissos
3575 1080 3641 1144 in

798 1181 913 1246 tali
955 1181 1255 1246 examine
1299 1189 1639 1268 sequatur,
1697 1180 1826 1244 nisi
1871 1201 1953 1243 ex
1999 1201 2198 1243 causa
2240 1178 2625 1244 racionabili
2675 1177 2856 1244 locus
2911 1178 3038 1243 sibi
3095 1200 3215 1265 per
3270 1177 3641 1242 facultatem

711 1292 744 1346 5
800 1281 994 1345 fuerit
1033 1287 1426 1353 reservatus.
1524 1278 1611 1343 Et
1651 1279 1880 1343 eodem
1921 1277 2116 1343 modo
2158 1279 2274 1344 fiat
2315 1279 2399 1344 de
2440 1278 2587 1343 aliis
2630 1279 3041 1345 examinibus
3095 1275 3550 1367 sequentibus,
3590 1278 3646 1341 si

800 1390 950 1446 ante
989 1379 1185 1445 finem
1228 1401 1449 1446 eorum
1491 1401 1621 1444 non
1662 1376 2141 1444 determinabit.

1445 1619 1542 1680 20.
1596 1629 2034 1678 nmAcloNEM
2076 1631 2345 1680 suasu:
2390 1631 2658 1680 parans
2701 1629 3007 1678 mRABrr.

981 1779 1216 1844 Petens
1261 1778 1635 1844 dilationem
1678 1778 1917 1844 bursae
1956 1778 2229 1862 iurabit,
2274 1782 2454 1846 infra
2506 1782 2848 1846 terminum
2907 1778 3240 1844 dilationis
3283 1778 3453 1844 velle
3507 1778 3651 1843 bur·

806 1903 944 1945 sam
989 1879 1257 1944 solvere.
1352 1877 1438 1943 Et
1492 1877 1665 1943 ultra
1716 1879 1841 1944 hoc
1899 1877 2093 1944 debet
2148 1878 2389 1947 habere
2441 1903 2644 1945 unum
2697 1881 3111 1965 magistrum,
3156 1879 3269 1965 qui
3309 1901 3430 1964 per
3474 1901 3651 1942 suum

724 1989 788 2046 10
808 1981 1240 2044 iuramentum
1283 1978 1460 2043 dicat
1478 2028 1495 2061 ‚
1538 1979 1712 2067 quod
1753 1977 1910 2044 velit
1954 1979 2366 2067 irrequisitus
2410 1980 2676 2047 bursam
2732 1978 2914 2044 illam
2957 1978 3211 2043 solvere
3253 1988 3407 2043 ante
3448 1976 3555 2042 vel
3590 1979 3657 2042 in

806 2080 1084 2145 termino
1129 2077 1491 2161 dilacionis,
1537 2080 1594 2143 si
1634 2088 1863 2165 petens
1905 2076 2088 2144 illam
2131 2101 2263 2144 non
2307 2078 2594 2145 solverit.

1287 2318 1382 2379 21.
1437 2329 1708 2378 vomens
1750 2327 2025 2377 ramam
2066 2329 2522 2379 nnnssmnnu
2564 2330 2834 2379 suasu:
2878 2330 3186 2379 nmABrr.

973 2478 1214 2543 Volens
1257 2488 1477 2566 petere
1525 2478 1964 2543 dimissionem
2007 2476 2249 2544 bursae
2290 2477 2553 2561 iurabit,
2599 2478 2770 2565 quod
2815 2478 2985 2543 ultra
3024 2501 3129 2543 res
3155 2475 3315 2567 [31⁸]
3351 2489 3416 2544 et
3458 2478 3661 2543 libros

806 2601 935 2645 non
954 2577 1194 2644 habeat
1225 2578 1448 2643 decem
1479 2578 1759 2645 florenos
1803 2577 1885 2642 de
1926 2576 2115 2643 bonis
2162 2577 2573 2643 hereditariis
2610 2578 2714 2644 vel
2757 2572 3265 2666 quibuscunque.
3318 2578 3413 2644 Et
3438 2577 3522 2643 de
3550 2578 3667 2643 hoc

730 2689 791 2744 15
809 2679 1049 2744 habeat
1093 2678 1344 2766 aliquos
1389 2677 1752 2763 fidedignos
1796 2680 1929 2763 (qui
1971 2677 2090 2741 sub
2133 2675 2554 2743 conscienciis
2597 2701 2823 2744 eorum
2870 2677 3123 2761 dicant,
3176 2701 3316 2743 rem
3358 2682 3456 2742 ita
3497 2700 3653 2758 esse,

812 2781 980 2843 sicut
1023 2778 1409 2866 principalis
1452 2780 1686 2859 iurat),
1729 2776 1966 2864 quibus
2007 2774 2089 2840 de
2134 2788 2520 2864 paupertate
2568 2780 2712 2843 eius
2771 2788 3057 2860 constat,
3112 2787 3229 2843 aut
3283 2777 3448 2843 alios
3501 2776 3664 2840 suffi-

822 2880 1066 2944 cientes
1108 2879 1608 2944 informaciones
1650 2877 1732 2942 de
1776 2899 1896 2942 sua
1934 2884 2323 2962 paupertate
2364 2877 2606 2942 fecerit.

1453 3115 1551 3176 22.
1611 3126 2012 3175 PAUPERTAS
2056 3126 2402 3187 Quomono
2447 3125 2681 3176 DEBET
2720 3128 3045 3176 PnosAm.

990 3279 1354 3366 Paupertas
1391 3278 1664 3345 alicuius
1696 3280 1748 3342 si
1786 3276 2057 3362 vulgata
2103 3287 2166 3341 et
2206 3276 2424 3342 multis
2469 3287 2627 3343 nota
2666 3279 2735 3342 in
2781 3279 3204 3343 universitate
3244 3301 3372 3343 non
3417 3280 3668 3361 existat,

732 3389 802 3447 20
821 3379 1091 3469 probari
1143 3387 1360 3465 potest
1417 3377 1651 3443 litteris
1709 3377 2054 3442 autenticis
2111 3398 2268 3441 suae
2321 3379 2608 3443 civitatis
2662 3377 2765 3442 vel
2823 3377 3134 3459 aliorum,
3181 3387 3295 3442 aut
3348 3400 3470 3465 per
3516 3378 3668 3443 duos

819 3481 1198 3566 magistros,
1245 3479 1358 3565 qui
1398 3476 1823 3559 fideiubeant‚
1867 3487 1937 3541 ut
1987 3476 2239 3540 litteras
2293 3479 2654 3545 autenticas
2710 3477 2883 3542 infra
2940 3476 3221 3541 medium
3269 3500 3511 3541 annum
3556 3477 3669 3542 sub

826 3601 1041 3667 poena
1084 3578 1356 3664 periurii
1399 3575 1745 3663 disponere
1788 3575 1947 3640 velit
1989 3584 2103 3639 aut
2159 3585 2610 3661 paupertatem
2658 3599 2843 3641 suam
2886 3578 3210 3641 veraciter
3249 3586 3313 3641 et
3355 3576 3666 3662 legittime

826 3678 1141 3766 probare3
1201 3675 1304 3741 vel
1366 3677 1572 3741 eciam
1624 3676 1865 3762 poterit
1921 3697 2067 3739 eam
2123 3673 2406 3761 probare
2460 3698 2578 3761 per
2637 3674 2801 3740 duas
2843 3698 3158 3762 personas
3198 3675 3565 3762 fidedignas
3607 3686 3665 3740 et

822 3779 1158 3859 honestas,
1217 3774 1450 3864 quibus
1510 3784 1683 3839 certe
1743 3782 1997 3840 constat
2048 3772 2129 3837 de
2190 3795 2307 3838 sua
2361 3783 2767 3861 paupertate.
2852 3774 2940 3839 Et
2993 3799 3140 3840 cum
3188 3774 3385 3840 semel
3442 3774 3668 3860 aliquis

739 3888 806 3943 25
826 3899 1011 3943 suam
1054 3875 1433 3963 probaverit
1484 3883 1936 3962 paupertatem
1998 3873 2421 3955 sufficienter,
2482 3872 2885 3960 peramplius
2931 3875 3017 3939 ad
3060 3897 3205 3939 eam
3263 3873 3664 3960 probandum

824 3978 970 4064 cogi
1013 3999 1144 4042 non
1188 3973 1412 4057 debet,
1479 3973 1608 4038 nisi
1669 3981 2026 4056 constaret,
2083 3970 2277 4037 talem
2336 3972 2671 4038 evidenter
2732 3973 2818 4038 a’d
2882 3975 3291 4061 pinguiorem
3351 3973 3670 4041 fortunam

825 4086 1056 4164 postea
1100 4075 1497 4163 pervenisse.

825 4316 926 4380 23.
982 4329 1077 4376 ΒΕ
1119 4323 1670 4375 DISPENSATIONE
1715 4322 2306 4371 BACCALARIORUM
2352 4324 2570 4373 SUPER
2621 4324 2766 4372 NON
2813 4324 3308 4373 COMPLETIONE
3361 4310 3669 4374 mmm!

1002 4475 1297 4557 Quilibet
1349 4472 1871 4539 baccalariorum
1929 4482 2156 4558 petens
2203 4471 2761 4558 dispensacionem
2819 4496 3016 4562 super
3070 4497 3200 4565 non
3254 4474 3671 4563 completione

742 4577 1104 4658 30biennii‚
1152 4577 1207 4641 si
1250 4572 1496 4639 nullum
1539 4595 1779 4637 annum
1825 4572 2195 4661 complevit,
2234 4571 2420 4637 dabit
2461 4597 2657 4638 unum
2696 4573 3046 4657 florenum3
3108 4576 3163 4639 si
3217 4596 3372 4640 vero
3432 4585 3669 4640 tantum

827 4676 1178 4764 complevit
1220 4697 1416 4739 unum
1461 4695 1734 4755 annum,
1781 4672 2121 4737 dimidium
2172 4671 2379 4737 solvet
2413 4673 2760 4756 florenum3
2830 4675 2887 4738 si
2929 4696 3084 4739 vero
3147 4677 3311 4740 citra
3354 4674 3462 4740 vel
3512 4676 3672 4739 infra

833 4800 1074 4843 annum
1118 4774 1469 4862 complevit
1511 4782 1624 4836 aut
1659 4773 1918 4836 omnino
1962 4795 2215 4859 pauper
2254 4773 2469 4855 fuerit,
2512 4784 2665 4837 tunc
2703 4774 3001 4859 magistri
3047 4773 3129 4839 de
3172 4772 3445 4840 consilio
3484 4773 3669 4840 facul·

827 4877 1006 4958 tatis,
1051 4875 1339 4962 pensatis
1384 4873 1900 4937 circumstanciis
1944 4894 2181 4937 causae
2223 4880 2288 4937 et
2328 4895 2777 4959 personarum,
2823 4874 3117 4960 recipere
3144 4884 3420 4961 possunt
3459 4897 3670 4939 secun·

832 4975 988 5041 dum
1036 4973 1209 5062 quod
1253 4973 1344 5038 eis
1387 4970 1715 5037 videbitur
1759 4970 2094 5059 expedire.

930 5298 950 5348 1
992 5290 1103 5345 Am
1137 5292 1359 5348 Raude:
1396 5293 1602 5363 hysem-
1634 5310 1734 5347 cuo
1771 5299 2010 5362 tempore
2044 5308 2200 5346 canu.
2238 5290 2403 5363 (etwa
2435 5290 2897 5356 caniculas-innan
2931 5297 3257 5346 occurrente.
