4038 6358
1374 638 1474 690 Die
1510 639 1745 691 statuum
1781 654 1887 690 von
1931 638 2275 693 1409—1445.
3136 636 3257 703 315

307 814 540 885 1000
608 843 724 887 suo
767 819 1100 889 ordinarie
1139 830 1290 909 post
1329 824 1809 909 promocionem
1854 846 2037 889 suam
2082 823 2165 889 ad
2208 824 2422 888 minus
2467 820 2552 885 ad
2595 819 2815 885 decem
2859 840 3081 900 annos,
3142 816 3261 883 sub

313 938 628 1004 poena
685 922 1082 1008 privacionis
1135 921 1264 987 loci
1315 924 1385 987 in
1441 922 1632 989 scolis
1684 934 1748 988 et
1804 923 2198 1011 quibuslibet
2249 922 2395 988 aliis
2453 920 2721 987 actibus.
2808 918 3017 999 Quem
3060 920 3265 984 eciam

323 1016 700 1085 decanus
755 1043 876 1108 pro
931 1031 1224 1109 tempore
1277 1024 1561 1088 existens
1617 1022 1940 1089 tenebitur
1997 1022 2313 1110 repellere
2366 1020 2447 1086 de
2503 1019 2694 1086 scolis
2750 1041 2867 1106 per
2921 1018 3264 1083 nanceium

321 1118 878 1203 universitatis,
921 1122 1050 1186 nisi
1089 1121 1285 1187 fuerit
1325 1122 1394 1186 in
1437 1121 1567 1186 alia
1607 1122 1917 1188 facultate
1963 1136 2311 1209 promotus.

579 1224 637 1283 7.
695 1220 860 1284 Item
918 1219 1187 1307 quilibet
1243 1220 1697 1303 admittendus,
1760 1224 1870 1310 qui
1932 1224 2262 1286 annuatim
2318 1220 2489 1285 ultra
2545 1218 2750 1283 XXX
2809 1218 3088 1283 florenos
3148 1216 3257 1281 hic
3306 1224 3339 1279 5

337 1337 799 1383 consumere
856 1318 1081 1402 habet,
1141 1329 1434 1408 tempore
1495 1343 1648 1385 suae
1706 1322 2119 1386 admissionis
2176 1319 2499 1385 tenebitur
2560 1320 2938 1405 promittere
2999 1316 3257 1381 domino

337 1414 680 1498 decano,
721 1428 796 1482 ut
837 1418 1010 1483 infra
1049 1418 1332 1485 medium
1371 1442 1610 1485 annum
1639 1420 1798 1485 velit
1841 1420 1966 1486 sibi
2009 1422 2343 1507 proprium
2388 1417 2680 1483 habitum
2724 1439 3093 1505 procurare,
3140 1416 3259 1480 sub

337 1536 625 1601 poena
665 1516 734 1581 X
770 1540 1166 1603 grossorum,
1225 1540 1384 1605 quos
1429 1519 1711 1585 decanus
1764 1519 2093 1585 tenebitur
2147 1541 2292 1584 cum
2348 1518 2580 1583 effectu
2634 1517 2718 1582 ab
2778 1537 2852 1582 eo
2896 1516 3158 1602 exigere
3202 1524 3267 1581 et

353 1615 682 1681 eosdem
727 1616 855 1682 sibi
893 1639 1250 1683 reservare.

1187 1740 1246 1803 8.
1293 1732 1415 1821 [Bl.
1455 1733 1601 1821 53⁸]
1647 1752 1740 1800 nn·
1787 1750 2177 1801 sonumoim
2222 1726 2501 1800 rasi-us.
3282 1740 3345 1797 10

570 1849 740 1915 Item
781 1849 1052 1937 quilibet
1093 1850 1363 1917 audiens
1417 1850 1766 1917 leccionem
1809 1850 1915 1917 vel
1971 1851 2291 1917 lecciones
2334 1850 2439 1915 vel
2495 1851 2889 1916 exercicium
2943 1849 3263 1915 tenebitur

369 1948 590 2014 infra
631 1948 983 2017 leccionem
1025 1961 1283 2038 pastum
1325 1950 1632 2016 leccionis
1677 1948 1937 2017 realiter
1980 1950 2486 2046 persolverevel
2526 1948 2688 2015 alias
2731 1950 3043 2035 magistro
3078 1950 3265 2014 satis-

356 2046 625 2114 facere
671 2048 791 2114 sub
833 2072 1045 2136 poena
1086 2049 1288 2138 dupli,
1334 2050 1701 2117 exercitans
1741 2073 1898 2117 vero
1944 2049 2066 2116 sub
2108 2074 2318 2138 poena
2359 2049 2537 2137 pleni
2580 2059 2824 2135 pastus,
2868 2058 2941 2113 ut
2984 2070 3025 2113 a
3064 2046 3262 2113 facul·

363 2156 536 2213 tate
585 2157 691 2213 est
733 2157 1018 2214 taxatus.

570 2252 632 2313 9.
685 2247 848 2313 Item
890 2248 1159 2335 quilibet
1218 2252 1529 2337 magister
1570 2249 1743 2313 infra
1794 2270 2082 2314 mensem
2142 2260 2291 2335 post
2348 2248 2539 2314 finem
2598 2270 2755 2315 suae
2808 2247 3112 2313 leccionis
3154 2245 3261 2312 vel
3286 2257 3344 2311 15

373 2347 716 2412 exercicii
772 2347 1094 2413 tenebitur
1153 2359 1411 2435 pastum
1473 2348 1778 2413 leccionis
1839 2369 1986 2412 cum
2046 2368 2165 2413 sua
2220 2369 2433 2435 poena
2488 2357 2552 2413 et
2614 2358 2871 2435 pastum
2936 2346 3261 2433 exercicii,

373 2445 588 2515 sieud
633 2469 676 2512 a
711 2445 1020 2511 facultate
1065 2456 1180 2519 est
1203 2456 1485 2530 taxatus,
1527 2448 1822 2533 rigorose
1849 2447 2133 2532 exigere,
2177 2447 2297 2512 sub
2337 2470 2549 2534 poena
2578 2448 2933 2513 carenciae.
2996 2446 3086 2511 Et
3109 2468 3261 2512 eun-

379 2543 548 2610 dem
595 2553 861 2633 pastum
902 2554 1056 2611 tunc
1094 2546 1365 2613 audiens
1407 2547 1514 2612 vel
1557 2548 1922 2611 exercitans
1967 2545 2293 2611 tenebitur
2336 2545 2589 2613 solvere
2630 2546 2943 2612 facultati.

573 2652 672 2713 10.
716 2644 882 2710 Item
925 2643 1196 2731 quilibet
1235 2668 1357 2733 pro
1400 2656 1593 2733 pastu
1633 2645 1984 2732 praeterito
2029 2648 2167 2710 sive
2209 2648 2511 2711 exercicii
2554 2649 2692 2712 sive
2734 2645 3037 2711 leccionis
3083 2655 3256 2710 tene-

381 2740 578 2808 bitur
618 2744 932 2830 magistro
971 2744 1350 2811 satisfacere
1391 2746 1564 2811 infra
1603 2745 1755 2810 hinc
1799 2756 1862 2811 et
1901 2744 2138 2811 festum
2166 2746 2527 2813 nativitatis
2556 2744 2818 2830 Christi,
2864 2743 2984 2809 sub
3030 2745 3254 2831 poenis
3273 2751 3341 2807 20

379 2862 917 2930 praeexpressis.
1183 2878 1190 2889 ·
3210 2866 3217 2871 ·

1451 3190 1550 3250 24·
1604 3203 1766 3252 Vom
1801 3203 2227 3256 Jahn-0142&

567 3305 690 3396 [Bl.
731 3313 811 3376 53
823 3305 876 3396 1’]
923 3308 1058 3375 Sub
1103 3333 1272 3379 anno
1317 3313 1558 3380 domini
1601 3315 1722 3380 ΜΟ.
1763 3316 2163 3384 CCCCXX⁰
2206 3316 2481 3383 sabbato
2524 3327 2673 3382 ante
2730 3319 2961 3383 festum
3018 3316 3260 3383 exalta-

391 3409 608 3474 cionis
666 3418 932 3476 sanctae
991 3413 1204 3477 crucis
1261 3417 1452 3492 (1420
1496 3419 1552 3479 d.
1594 3421 1651 3480 7.
1695 3419 2064 3496 September)
2116 3417 2185 3482 in
2238 3415 2555 3482 decanatu
2604 3419 2902 3504 magistri
2960 3413 3259 3506 [Nicolai]

389 3506 612 3572 Hilter
671 3505 780 3594 [de
821 3507 1196 3599 Kempnitz]
1211 3561 1230 3594 ‚
1288 3512 1463 3578 facta
1516 3512 1712 3600 plena
1763 3517 2279 3601 congregacione
2332 3516 2791 3602 magistrorum
2848 3516 2928 3581 de
2990 3514 3254 3580 consilio
3276 3523 3342 3578 25

387 3605 746 3692 facultatiS,
795 3615 1040 3674 statuta
1074 3610 1492 3698 infrascripta
1533 3613 1961 3697 concorditer,
2004 3613 2180 3680 nullo
2210 3615 2710 3698 contradicente,
2755 3625 2902 3681 sunt
2940 3614 3260 3681 conclusa.

821 3748 874 3807 1.
927 3759 1002 3807 m
1044 3759 1186 3820 Quo
1229 3759 1417 3810 LOCO
1463 3763 1824 3811 PRANDIUM
1865 3764 2319 3812 ARISTOTELIS
2362 3765 2550 3812 FIERI
2590 3765 2845 3814 DEBET.

563 3855 877 3938 Primum,
927 3858 1276 3944 prandium
1326 3859 1874 3928 licenciandorum
1917 3863 2059 3928 fieri
2102 3862 2297 3928 debet
2334 3865 2403 3928 in
2444 3863 2663 3952 aliquo
2708 3864 3147 3951 collegiorum,
3193 3875 3257 3929 et

389 3954 656 4019 interim
697 3954 875 4042 quod
920 3956 1263 4044 collegium
1291 3961 1504 4026 minus
1540 3953 1673 4027 non
1705 3971 1804 4026 est
1843 3961 1931 4027 ad
1972 3962 2253 4050 aliquem
2294 3961 2507 4028 locum
2540 3975 3006 4050 competentem
3048 3973 3255 4028 trans-

390 4052 620 4138 latum,
676 4054 792 4120 fiat
845 4055 915 4120 in
959 4055 1232 4144 collegio
1276 4060 1527 4125 maiori.
1605 4061 1816 4127 Facta
1854 4084 2012 4128 vero
2054 4061 2421 4126 huiusmodi
2463 4062 2916 4144 translacione,
2974 4062 3256 4127 decanus
3275 4071 3343 4126 30

390 4177 516 4242 pro
555 4163 712 4220 tunc
754 4155 1042 4220 existens
1085 4157 1288 4222 habet
1328 4178 1574 4245 ponere
1621 4161 1707 4226 ad
1747 4161 2173 4250 quodcunque
2216 4159 2631 4248 collegiorum
2674 4162 2800 4228 sibi
2842 4161 3076 4250 placet.

738 4291 799 4354 2.
841 4305 916 4352 m
959 4305 1100 4366 Quo
1137 4307 1323 4356 Loco
1368 4307 1938 4360 convocAomNEs
1979 4311 2411 4361 montrum
2447 4314 2635 4361 FIERI
2671 4314 2974 4362 DEBENT.

561 4403 726 4468 Item
781 4405 1090 4470 examina
1146 4407 1733 4493 promovendorum
1785 4411 1855 4474 in
1921 4410 2171 4476 artibus
2242 4423 2305 4476 et
2366 4414 2871 4484 convocaciones
2932 4413 3258 4480 facultatis

399 4504 652 4568 arcium
705 4503 867 4569 fiant
917 4505 986 4570 in
1047 4505 1318 4593 collegio
1371 4509 1604 4573 maiori
1661 4510 1730 4574 in
1785 4508 1976 4574 stuba
2037 4510 2381 4596 facultatis,
2438 4522 2501 4577 et
2554 4535 2672 4598 pro
2735 4514 2861 4578 isto
2918 4512 3256 4600 collegium

391 4603 604 4666 maius
662 4601 744 4666 de
788 4603 1078 4690 quolibet
1135 4606 1580 4693 promovendo
1636 4610 1702 4672 in
1761 4606 2011 4673 artibus
2062 4608 2330 4676 habebit
2382 4611 2543 4676 duos
2599 4635 2805 4678 novos
2856 4635 3141 4699 grossos,
3198 4623 3343 4679 et35

395 4701 560 4765 istos
615 4715 713 4788 gr.
759 4700 1044 4768 decanus
1089 4727 1130 4768 a
1171 4705 1632 4792 promovendis
1686 4705 1887 4771 habet
1928 4705 2249 4792 colligere.
2336 4788 2343 4796 ι

565 4805 622 4868 3.
660 4801 830 4867 Item
877 4802 948 4866 in
994 4813 1188 4872 antea
1225 4803 1438 4870 nullus
1479 4807 1940 4890 magistrorum
1985 4801 2366 4872 admittatur
2409 4809 2493 4874 ad
2537 4808 2875 4876 consilium
2912 4811 3261 4896 facultatiS,

391 4899 522 4964 nisi
579 4909 884 4988 quartum
929 4923 1168 4966 annum
1219 4906 1318 4968 sui
1358 4905 1719 4990 magisterii
1761 4904 2051 4990 attigerit
2103 4915 2167 4970 et
2214 4906 2543 4974 biennium
2599 4909 3022 4998 compleverit
3072 4912 3260 4976 iuxta

393 5008 636 5066 statuta
676 4997 1025 5065 facultatis·

557 5106 614 5166 4.
656 5096 835 5163 ‘Item
885 5098 1325 5165 inscribantur
1365 5101 1853 5169 baccalariandi
1897 5103 2252 5170 secundum
2296 5106 2605 5191 ordinem,
2662 5131 2850 5198 quem
2893 5107 3135 5174 habent
3181 5111 3250 5174 in
3266 5119 3335 5175 40

395 5195 746 5264 matricula
787 5198 1248 5264 universitatis.

554 5305 612 5366 5.
667 5297 834 5364 Item
885 5298 956 5362 in
1011 5320 1204 5386 yeme
1259 5299 1421 5366 fiant
1478 5299 1604 5366 duo
1665 5304 1999 5389 examina,
2056 5326 2256 5370 unum
2307 5306 2901 5392 magistrandorum
2960 5316 3253 5395 tempore
