4038 6358
1131 627 1302 678 Achte
1338 625 1868 690 Stantem-edancium
1909 640 2030 677 vom
2065 623 2231 677 Jahre
2266 625 2408 679 1558.
3082 627 3202 690 525

336 820 513 875 sunt
559 807 892 876 doctrinae
935 807 1268 895 publicae,
1312 807 1557 896 absque
1601 829 1726 893 quo
1769 830 2097 895 nunquam
2141 805 2358 872 studia
2396 806 2467 870 in
2508 803 2845 896 academia
2884 804 3017 870 ulla
3054 828 3202 872 con-

336 907 632 974 formari
661 918 980 995 poterunt,
1015 930 1223 995 neque
1244 909 1502 974 omnino
1547 906 1879 992 explorari
1920 906 2239 972 industria
2281 903 2764 991 discipulorum.
2831 903 2962 984 Qui
3003 907 3204 990 igitur

337 1004 778 1072 baccalaurei
831 1007 979 1071 fieri
1021 1006 1270 1089 volent,
1333 1009 1380 1071 ii
1434 1005 1760 1072 debebunt
1807 1008 2273 1092 grammaticen
2322 1006 2659 1090 utriusque
2712 1003 2927 1089 liguae
2985 1015 3203 1069 tenere

338 1106 712 1172 secundum
757 1106 1116 1182 doctrinam
1183 1105 1511 1193 publicam
1530 1154 1546 1184 ,
1600 1107 1879 1191 itemque
1935 1104 2313 1169 dialecticae
2369 1115 2563 1190 atque
2620 1102 2983 1168 rhetoricae
3039 1104 3202 1190 phy-

338 1206 663 1293 sicaeque
704 1205 1035 1287 elementa,
1081 1228 1287 1290 neque
1329 1204 1770 1272 arithmeticae
1808 1226 1950 1268 esse
1994 1216 2058 1268 et
2099 1203 2553 1268 elementorum
2614 1191 2931 1288 sphaerae
2972 1203 3194 1267 mundi
3251 1214 3282 1266 5

335 1306 666 1392 imperiti.
750 1305 925 1369 Inter
987 1302 1214 1368 horum
1281 1305 1755 1368 examinatores
1799 1315 1986 1368 erunt
2051 1303 2379 1388 professor
2440 1303 2806 1388 (utriusque
2849 1300 3203 1388 linguae,)¹

341 1405 676 1489 poeticuS,
721 1405 1184 1489 grammaticus
1230 1401 1623 1483 dialecticus,
1675 1402 2033 1466 rhetoricus
2083 1415 2145 1465 et
2186 1401 2678 1465 mathematicus
2722 1399 3194 1466 elementarius.

523 1500 985 1588 Magistrorum
1027 1501 1244 1567 titulos
1288 1501 1794 1588 dignitatemque
1833 1512 2125 1589 petentes
2170 1503 2519 1565 instructos
2563 1521 2705 1563 esse
2753 1509 3013 1586 oportet
3057 1523 3203 1587 cog-

348 1602 612 1666 nitione
648 1601 960 1667 mediocri
1002 1603 1342 1688 utriusque
1382 1600 1642 1685 linguae
1687 1609 1749 1663 et
1790 1622 1918 1666 non
1963 1602 2301 1687 imperitos
2350 1597 2805 1686 philosophiae
2843 1610 3036 1684 atque
3080 1600 3208 1664 dis-

353 1700 756 1786 ciplinarum
781 1700 1407 1765 mathematicarum.
1469 1698 1680 1763 Erunt
1721 1699 1889 1763 inter
1933 1700 2161 1765 horum
2205 1700 2403 1785 igitur
2447 1700 2924 1763 examinatores
2969 1700 3015 1763 ii
3059 1708 3293 1785 pro-10

353 1800 668 1882 fessoreS,
713 1801 822 1888 qui
863 1799 1012 1881 illis,
1068 1821 1233 1884 quae
1278 1799 1582 1879 diximuS,
1627 1797 1935 1862 docendis
1979 1799 2291 1886 praefecti
2337 1807 2498 1862 sunt.

533 1894 628 1986 [S.
671 1895 772 1985 22]
839 1898 1114 1985 Utrique
1171 1900 1364 1963 etiam
1423 1903 1728 1985 petitores
1783 1896 2050 1983 planum
2104 1898 2373 1977 facient,
2429 1896 2691 1961 affuisse
2749 1921 2817 1962 se
2878 1896 3099 1962 sedulo
3141 1898 3209 1962 in

351 1997 907 2085 disputationibus
964 2009 1156 2086 atque
1212 1995 1805 2063 declamationibus.
1910 1996 2014 2061 De
2070 1996 2297 2061 horum
2367 2006 2578 2060 autem
2639 1995 3043 2061 admittenda
3098 2019 3206 2083 pe·

349 2097 590 2162 titione
634 2107 695 2161 et
739 2096 1289 2162 examinatoribus
1337 2095 1681 2160 sortiendis
1724 2104 1785 2159 et
1822 2096 2094 2160 caeteris
2138 2093 2208 2158 id
2252 2094 2394 2176 fiet,
2437 2094 2609 2182 quod
2660 2094 2992 2159 hactenus.
3076 2094 3206 2160 Sed

353 2195 671 2283 pleraque
735 2199 802 2260 in
861 2201 1070 2282 magis
1129 2195 1363 2260 bellam
1420 2209 1483 2259 et
1540 2194 1868 2260 meliorem
1925 2195 2204 2260 formam
2261 2194 2655 2279 redigentur,
2705 2206 2774 2259 ut
2831 2206 2915 2276 et,
2974 2217 3192 2281 super·
3220 2204 3281 2258 15

357 2297 669 2360 vacaneis
729 2294 1118 2384 quibusdam
1173 2296 1417 2377 recisis,
1479 2296 1757 2381 tempori
1813 2293 2307 2380 hominibusque
2366 2305 2672 2379 parcatur
2727 2306 2820 2374 et,
2882 2293 3205 2358 nonnullis

355 2394 742 2476 emendatiS,
786 2397 1122 2482 graviores
1165 2394 1314 2458 illae
1358 2394 1485 2457 sint
1528 2394 1834 2458 actiones.
2636 2391 2643 2398 ’

698 2644 794 2692 DE
839 2644 1448 2694 RENUNCTlATIONE
1493 2643 1894 2691 TESTIMONII
1935 2642 2278 2692 GRADUUM
2320 2645 2410 2691 ΕΤ
2454 2644 2878 2693 TITULORUM.

1634 2763 1852 2826 Caput
1888 2762 1949 2811 X.

530 2876 608 2941 In
650 2874 1046 2941 declaranda
1088 2877 1405 2941 sententia
1448 2874 1528 2939 de
1573 2876 1671 2958 iis,
1717 2878 1827 2963 qui
1872 2873 2189 2940 bacularii
2234 2876 2392 2956 sint,
2441 2876 2596 2963 quid
2636 2875 2775 2940 fieri
2818 2899 2886 2942 se
2902 2877 3293 2964 rvarique20

367 2973 628 3057 debeat,
690 2986 754 3040 et
810 2976 1225 3041 constitutum
1285 2985 1347 3039 et
1405 2975 1472 3040 in
1531 2997 1712 3039 more
1773 2985 1886 3039 est.
1973 2973 2326 3058 Magistros
2392 2989 2603 3039 autem
2662 2997 2868 3041 novos
2929 2985 3000 3040 ut
3062 2975 3203 3039 fieri

363 3073 577 3156 liceat,
617 3076 966 3139 autoritate
1006 3075 1290 3160 gerentis
1325 3075 1530 3138 vicem
1566 3072 1935 3139 cancellarii
1974 3075 2493 3160 pronunctiatur,
2538 3077 2649 3162 qui
2694 3077 2979 3139 examini
3025 3097 3211 3162 prae·

365 3174 505 3256 fuit,
555 3172 669 3238 sed
711 3172 1134 3261 promovendi
1181 3197 1291 3239 eos
1335 3172 1420 3238 ad
1462 3172 1738 3239 honores
1794 3175 1953 3239 istos
1995 3182 2058 3239 et
2101 3172 2488 3239 decernendi
2546 3174 2801 3240 titulum
2854 3175 3211 3260 magisterii

370 3295 605 3338 munus
650 3282 714 3338 et
756 3275 1004 3338 curatio
1045 3273 1394 3359 peculiaris
1436 3286 1499 3338 et
1542 3274 1808 3360 propria
1851 3283 1948 3337 est
1993 3273 2243 3338 decani.
2341 3272 2596 3338 Placuit
2649 3284 2898 3358 tamen,
2941 3276 2996 3337 si
3041 3273 3212 3338 illius

372 3373 704 3437 semestris
746 3382 960 3437 rector
1004 3372 1168 3437 forte
1209 3395 1372 3438 unus
1416 3374 1499 3436 sit
1540 3376 1608 3436 in
1647 3371 1914 3437 consilio
1957 3371 2220 3458 publico
2264 3374 2757 3455 communitatis,
2802 3383 2873 3437 ut
2915 3396 3028 3437 suo
3069 3374 3294 3437 iure25

371 3482 438 3537 et
479 3472 620 3537 loco
665 3471 949 3539 decanus
1008 3470 1100 3535 illi
1159 3470 1348 3536 cedat
1401 3482 1464 3535 et
1514 3471 1682 3535 hanc
1741 3472 2278 3537 renunctiationis
2330 3472 2732 3558 provinciam
2789 3495 2935 3537 eum
2987 3494 3215 3558 gerere

372 3593 587 3656 aequo
631 3573 846 3637 animo
891 3571 1193 3658 patiatur.

1393 3769 1486 3817 DE
1530 3768 2190 3817 VICECANCELLARIO.

1613 3889 1830 3951 Caput
1873 3887 1967 3937 XI.

543 4002 1074 4070 Commendatum
1131 4013 1231 4067 est
1286 4024 1516 4066 munus
1575 4000 1944 4066 cancellarii
1999 4002 2371 4067 academiae
2427 4002 2614 4067 huius
2670 3993 3294 4069 reverendissimo'sso

371 4106 685 4190 episcopo
741 4102 1229 4189 Merspurgensi
1289 4113 1352 4166 et
1411 4123 1568 4165 cura
1626 4104 1755 4165 iam
1811 4100 1904 4165 illi
1951 4097 2079 4188 [23]
2136 4101 2454 4167 incumbit
2512 4103 2857 4168 ordinandi
2912 4107 3216 4169 examina

369 4203 853 4288 magistrorum.
936 4202 1096 4266 Fert
1139 4211 1351 4266 autem
1395 4201 1524 4264 iam
1579 4200 1819 4264 dudum
1876 4200 2303 4284 consuetudo,
2370 4212 2442 4266 ut
2507 4225 2691 4267 suam
2750 4205 2956 4268 vicem
3030 4203 3217 4269 alteri

372 4302 621 4388 petenti
655 4299 924 4386 deleget.
968 4300 1181 4365 Huius
1225 4301 1423 4386 igitur
1465 4300 1674 4364 vicem
1718 4298 1841 4364 hac
1883 4300 1952 4363 in
1995 4310 2184 4386 parte
2223 4302 2333 4387 qui
2373 4324 2601 4387 gerere
2637 4301 2827 4384 volet,
2871 4305 2926 4367 is
2969 4303 3215 4368 decano

369 4399 616 4466 indicet
700 4398 1037 4465 consilium
1110 4423 1294 4465 suum
1364 4408 1427 4464 et
1503 4407 1685 4486 petat
1765 4398 2381 4465 commendationem
2458 4399 2544 4464 ad
2608 4401 3215 4467 reverendissimum

374 4498 438 4564 d.
495 4501 908 4586 episcopum,
972 4500 1227 4567 circiter
1283 4499 1550 4565 Calend.
1607 4496 1908 4582 Augusti.
2019 4497 2149 4578 Qui
2205 4497 2366 4563 illud
2422 4522 2651 4565 munus
2707 4501 2954 4566 occulte
3013 4500 3301 4566 ambi-35

365 4599 538 4663 verit
593 4607 657 4662 et
711 4599 916 4663 inscio
973 4597 1248 4680 decane,
1305 4609 1374 4664 ut
1428 4597 1553 4662 sibi
1611 4597 2049 4679 mandaretur,
2111 4597 2493 4681 obtinuerit,
2553 4601 2609 4664 is
2667 4598 2933 4665 multam
2978 4600 3213 4665 solvito

367 4698 810 4762 communitati
865 4696 1064 4761 studii
1123 4696 1440 4761 bonarum
1497 4698 1732 4760 artium
1777 4695 2043 4761 florines
2087 4715 2256 4762 xxx.
2339 4698 2740 4763 Indicantem
2805 4710 3023 4765 autem
3065 4722 3213 4765 con·

368 4795 584 4861 silium
642 4795 820 4861 istud
861 4806 924 4860 et
963 4805 1285 4882 petentem
1331 4794 1952 4861 commendationem
1995 4794 2279 4861 decanus
2324 4797 2613 4862 studiose
2671 4797 2981 4864 adiuvare
3025 4797 3218 4863 debet

369 4905 433 4961 et
458 4886 682 4961 literas
715 4897 775 4959 ei
820 4897 1077 4960 nomine
1106 4896 1576 4959 communitatis
1619 4893 1742 4958 hac
1784 4894 1863 4957 de
1903 4916 1974 4958 re
2015 4894 2434 4981 perferendas
2481 4896 2566 4961 ad
2606 4898 3216 4963 reverendissimum

368 4996 748 5082 episcopum
794 4995 930 5059 sine
972 5016 1155 5059 mora
1194 4994 1467 5062 tradere.
1554 4993 1627 5058 Si
1669 4993 1859 5059 simul
1899 4994 2118 5081 plures
2160 4993 2277 5059 has
2314 4996 2488 5061 vices
2541 4998 2704 5062 forte
2758 4997 3045 5084 delegari
3089 4996 3297 5062 sibim

542 5297 561 5348 1
596 5291 875 5363 turiusque
908 5292 1130 5363 linquae
1163 5293 1239 5347 ist
1276 5289 1712 5364 nachgetragen,
1745 5291 1888 5349 doch
1925 5291 2066 5349 wohl
2101 5290 2256 5347 nicht
2289 5309 2361 5346 zu
2393 5292 2792 5351 beanstanden.
