4038 6358
837 625 959 694 438
1843 628 1944 681 Die
1979 629 2417 697 philosophinche
2442 629 2697 685 Facultat.

1231 848 1329 914 20.
1373 863 1715 915 raecum
1757 865 2190 917 monum-ns
2228 864 2579 927 otmarus
2617 863 2927 915 nxrnnm
2967 864 3266 915 nesam.

997 976 1324 1046 Peccunia
1376 981 1705 1049 facultatis
1757 1006 2169 1074 nequaquam
2215 981 2610 1069 dilapidetur
2661 981 2778 1047 sed
2829 1004 2952 1070 pro
3008 981 3196 1047 libris
3252 980 3546 1049 emendis
3588 978 3702 1046 vel

837 1077 1140 1143 censibus
1184 1082 1645 1167 comparandis
1685 1092 1749 1149 et
1787 1106 1906 1171 pro
1952 1083 2455 1150 conservacione
2509 1080 2965 1170 disputationis
3008 1081 3381 1148 ordinariae
3420 1104 3500 1147 ac
3547 1080 3701 1147 aliis

837 1176 1035 1243 studii
1077 1187 1142 1243 et
1183 1188 1546 1247 structurae
1584 1184 1970 1250 necessariis
2011 1182 2289 1249 fideliter
2328 1190 2749 1248 conservetur
2791 1190 2856 1247 et
2895 1180 3322 1270 dispensetur.
3371 1180 3460 1248 Et
3501 1179 3700 1247 dece·

752 1286 786 1343 5
837 1286 975 1345 tero
1013 1276 1175 1343 nulli
1214 1290 1502 1345 mutuum
1544 1280 1732 1347 detur
1774 1284 1901 1348 nisi
1947 1282 2032 1349 de
2074 1305 2392 1349 consensu
2433 1291 2498 1347 et
2534 1280 2867 1349 voluntate
2908 1283 3116 1361 tocius
3156 1280 3499 1371 facultatis.

924 1451 1024 1512 21.
1066 1460 1160 1510 DE
1202 1460 1551 1514 FORMULIS
1593 1466 2045 1517 LITTERARUM
2087 1466 2481 1517 SUPPOSI'I'IS
2524 1464 3052 1515 RECEDENTIBUS
3091 1464 3228 1513 PER
3270 1462 3616 1514 Dsscmtm

2126 1564 2404 1616 DANDIS.
2659 1570 2666 1575 ’

1003 1675 1248 1762 Placet,
1290 1679 1465 1767 quod
1504 1680 1592 1746 ad
1631 1680 1988 1748 tollendum
2032 1682 2438 1748 confusiones
2483 1689 2548 1746 et
2591 1680 2915 1768 obloquia,
2957 1700 3124 1767 quae
3164 1678 3486 1745 interdum
3525 1677 3702 1744 flunt

845 1787 1112 1867 propter
1151 1777 1707 1847 inadvertenciam
1767 1780 2181 1866 decanorum,
2235 1803 2368 1846 non
2411 1779 2774 1868 sigillentur
2814 1801 3022 1866 neque
3065 1779 3300 1846 dentur
3343 1800 3462 1867 per
3497 1777 3697 1843 deca·

760 1888 825 1944 10
841 1900 994 1943 num
1058 1877 1314 1965 aliquae
1369 1877 1627 1946 litterae
1683 1881 2148 1948 testimoniales
2208 1882 2347 1947 sive
2409 1881 2892 1966 recogniciones
2953 1878 3152 1944 alicui
3207 1879 3700 1967 suppositorum

841 1977 925 2044 ab
968 1978 1388 2043 universitate
1428 1978 1774 2063 recedenti,
1828 1983 1955 2048 nisi
2006 1983 2190 2068 prius
2242 1980 2406 2047 tales
2458 2001 2576 2067 per
2619 1978 2870 2069 aliquos
2916 1976 2977 2067 [4
2993 1977 3048 2067 ²]
3097 1980 3386 2045 seniores
3425 1975 3696 2045 faculta-

838 2078 926 2143 tis
966 2087 1238 2165 quatuor
1278 2079 1624 2144 nacionum
1663 2076 1903 2145 fuerint
1942 2083 2127 2146 visae
2176 2090 2241 2145 et
2281 2078 2705 2167 approbatae,
2751 2078 2872 2144 sub
2924 2101 3136 2167 poena
3176 2077 3529 2145 arbitraria
3573 2099 3697 2166 per

843 2174 1221 2244 facultatem
1263 2177 1472 2242 eidem
1515 2188 1667 2265 post
1706 2178 1995 2246 functum
2038 2180 2321 2246 officium
2366 2177 2693 2245 dictanda.
3083 2184 3088 2189 ’

1135 2347 1233 2408 22.
1273 2359 1591 2411 DECANUS
1638 2362 1963 2411 TENETUR
2005 2362 2297 2412 INGBEDI
2336 2361 2908 2412 DISPUTATIONEM
2947 2360 3403 2412 ORDmAmAM.

765 2484 826 2541 15
1008 2473 1320 2541 Decanus
1363 2486 1614 2543 tenetur
1653 2481 1965 2545 interesse
2007 2479 2443 2566 disputacioni
2484 2477 2855 2544 ordinariae
2896 2478 3357 2564 magistrorum
3397 2486 3460 2543 et
3499 2500 3693 2563 argu·

845 2597 972 2659 ere,
1030 2574 1311 2664 demptis
1367 2578 1513 2643 istis
1555 2577 2132 2666 disputacionibus‚
2190 2599 2358 2663 quae
2401 2578 2523 2647 sub
2581 2576 2991 2643 examinibus
3044 2574 3690 2643 baccalariandorum

842 2675 1025 2757 fiunt,
1080 2673 1200 2740 sub
1257 2699 1473 2762 poena
1524 2687 1797 2764 quatuor
1845 2701 2243 2765 grossorum,
2300 2698 2459 2765 quos
2505 2676 2712 2744 solvet
2754 2675 3053 2742 facultati
3095 2678 3343 2742 tociens
3386 2678 3691 2764 quociens

845 2772 1081 2843 absens
1133 2773 1357 2858 fuerit,
1415 2776 1534 2842 sub
1590 2800 1707 2843 suo
1761 2778 2140 2861 iuramento,
2157 2779 2178 2820 ¹
2227 2777 2355 2843 nisi
2407 2799 2490 2842 ex
2536 2777 2908 2842 necessaria
2963 2798 3162 2841 causa
3206 2798 3355 2841 eum
3398 2798 3542 2843 esse
3580 2775 3689 2842 ab·

844 2879 1092 2939 sentem
1127 2884 1471 2961 oporteret,
1519 2875 1600 2942 de
1642 2898 1770 2965 qua
1812 2898 2012 2942 causa
2054 2899 2209 2943 suus
2251 2897 2587 2942 successor
2621 2885 2686 2941 et
2719 2883 3197 2962 computatores
3236 2876 3375 2942 eius
3421 2877 3492 2942 in
3525 2898 3687 2942 com-

761 2979 829 3037 20
847 2982 1005 3060 puto
1050 2994 1439 3060 cognoscere
1486 2973 1742 3041 debent.
1801 2976 1964 3042 Item
2000 2974 2239 3042 absens
2283 2974 2566 3042 decanus
2607 2974 2801 3042 debet
2842 2976 3020 3041 vices
3064 2997 3216 3041 suas
3258 2974 3450 3041 alteri
3492 2977 3686 3063 magi-

846 3080 1127 3137 strorum
1170 3071 1251 3138 de
1294 3074 1563 3140 consilio
1605 3074 1932 3141 facultatis
1976 3076 2394 3158 committere,
2448 3097 2531 3140 ne
2577 3075 2797 3161 aliqua
2853 3074 3259 3162 negligencia
3301 3075 3372 3141 in
3413 3074 3533 3141 tali
3568 3075 3686 3141 dis-

850 3173 1195 3260 putacione
1236 3175 1304 3238 in
1348 3175 1785 3242 confusionem
1825 3173 2151 3241 facultatis
2194 3184 2459 3263 propter
2499 3175 2639 3241 eius
2684 3175 3058 3242 absenciam
3101 3176 3554 3242 committatur.

847 3376 945 3440 23.
1008 3385 1325 3440 Decanus
1366 3391 1743 3442 manasse
1785 3392 2019 3441 mrem
2061 3391 2557 3443 msrurAmom
2616 3389 3041 3441 onnnunun
3095 3393 3686 3444 mccmmmum.

1012 3520 1285 3606 Placuit,
1332 3523 1504 3610 quod
1544 3523 1827 3593 decanus
1866 3529 1937 3592 in
1978 3524 2268 3614 qualibet
2310 3525 2764 3614 disputacione
2804 3524 3139 3592 ordinaria
3180 3526 3690 3593 baccalariorum

758 3629 832 3686 25
851 3630 962 3687 aut
1002 3620 1433 3688 vicedecanus
1476 3625 1564 3690 sit
1606 3648 1916 3712 praesens
1966 3626 2053 3691 ad
2109 3624 2498 3691 insolencias
2552 3621 3071 3690 baccalariorum
3125 3635 3189 3691 et
3242 3628 3589 3711 sociorum,
3641 3626 3691 3692 si

850 3743 1017 3810 quae
1055 3721 1314 3806 fierent,
1380 3723 1912 3811 compescendas,
1972 3746 2095 3813 pro
2158 3725 2339 3790 cuius
2407 3724 2883 3812 inquietacione
2949 3733 3012 3789 et
3072 3724 3300 3792 labore
3359 3725 3601 3792 habeat
3656 3747 3691 3790 a

842 3819 1156 3887 facultate
1201 3819 1363 3886 duos
1411 3844 1695 3908 grossos,
1752 3823 1907 3889 dum
1954 3833 2171 3890 tamen
2216 3822 2545 3911 praesidet
2586 3822 2674 3888 ad
2719 3845 2917 3888 unam
2959 3823 3205 3909 horam,
3247 3826 3378 3891 nisi
3421 3826 3689 3892 necessi·

848 3928 953 3985 tas
995 3918 1172 3986 aliud
1210 3920 1654 4007 postulaverit,
1699 3943 1813 3988 cur
1855 3934 2154 4010 oporteat
2197 3924 2448 3989 diucius
2490 3941 2890 4011 permanere.

1063 4124 1159 4187 24.
1218 4138 1316 4187 DE
1357 4137 1583 4188 mes
1623 4139 2055 4191 FAGULTATIS
2096 4141 2187 4189 ΕΤ
2234 4139 2585 4202 QUALITER
2620 4138 2938 4190 DECAMJS
2981 4140 3186 4190 cmca
3227 4141 3361 4192 Eos
3402 4141 3485 4191 SE

765 4227 836 4283 30
1952 4240 2228 4289 HABERE
2270 4239 2571 4289 DEBRAT.

1010 4350 1318 4417 Decanus
1372 4351 1493 4418 sub
1544 4376 1755 4440 poena
1796 4352 2023 4420 decem
2074 4356 2468 4423 florenorum
2518 4358 2603 4420 sit
2655 4355 2960 4422 astrictus
3015 4354 3100 4420 ad
3153 4358 3692 4443 praesentandum

850 4451 1271 4518 effectualiter
1312 4474 1532 4517 omnes
1573 4451 1776 4519 libros
1817 4453 2167 4540 facultatis,
2223 4478 2263 4520 a
2319 4454 2820 4542 praedecessore
2877 4453 3003 4519 sibi
3057 4465 3533 4541 praesentatos,
3589 4479 3694 4523 suo

851 4551 1211 4617 successori
1253 4571 1327 4616 eo
1369 4560 1681 4639 tempore,
1742 4575 1868 4642 quo
1911 4553 2068 4620 fecit
2110 4555 2439 4620 racionem
2493 4553 2574 4619 de
2618 4555 2941 4643 perceptis
2997 4576 3080 4619 ex
3122 4564 3309 4641 parte
3349 4553 3694 4622 facultatis.

846 4650 1011 4716 Item
1054 4649 1246 4716 debet
1284 4650 1459 4717 idem
1499 4650 1780 4717 decanus
1822 4675 1963 4718 esse
2006 4654 2333 4736 astrictus,
2386 4652 2558 4740 quod
2599 4651 2760 4718 nulli
2802 4651 3096 4719 comodet
3136 4652 3422 4742 aliquem
3465 4653 3694 4722 librum

766 4760 963 4817 35aut
1014 4749 1250 4835 libros,
1308 4752 1435 4817 nisi
1491 4750 1641 4817 talis
1697 4752 1805 4817 det
1866 4735 1995 4839 ipsi
2060 4752 2305 4819 decano
2345 4754 2885 4842 ·recognicionem
2942 4752 3024 4820 de
3083 4764 3381 4842 recepto,
3443 4756 3512 4821 in
3573 4777 3693 4844 qua

851 4850 1095 4937 obliget
1137 4874 1205 4916 se
1255 4849 1341 4917 ad
1383 4847 1783 4917 reddendum
1824 4853 2021 4918 istum
2061 4855 2167 4920 vel
2207 4855 2369 4919 istos
2412 4863 2562 4920 ante
2611 4862 2985 4942 computum
3027 4875 3233 4937 suum,
3295 4876 3488 4943 quem
3527 4863 3692 4920 tene-

850 4961 955 5016 tur
1005 4950 1221 5015 facere
1274 4972 1443 5015 novo
1499 4948 1779 5035 decan03
1838 4950 1959 5018 sub
2017 4954 2225 5041 priori
2283 4975 2520 5041 poena,
2588 4962 2701 5019 aut
2762 4951 3051 5019 obtineat
3104 4955 3313 5020 tocius
3371 4953 3693 5020 facultatis

850 5050 1265 5118 voluntatem.

1027 5303 1049 5355 1
1087 5298 1199 5357 Am
1231 5300 1451 5357 Raude:
1508 5300 1647 5358 Vide
1685 5304 1814 5359 1520
1847 5302 1917 5356 de
1951 5302 2269 5358 iuramento.
