4038 6358
762 449 879 515 184
1847 450 1958 501 Das
1974 453 2183 514 ‘grosse
2226 446 2438 513 colleg.

758 652 1029 714 marum,
1091 630 1178 696 ad
1233 653 1505 720 quarum
1546 632 1902 722 quamlibet
1945 630 2221 721 quilibet
2265 629 2647 717 collegiatus
2688 633 2957 698 maioris
3001 631 3256 719 collegii
3298 646 3694 721 praesens

757 738 1010 795 tenetur
1065 731 1298 797 offerre
1354 741 1417 797 et
1472 733 1540 798 in
1602 733 1827 799 eadem
1893 734 2289 821 septimana,
2353 731 2407 796 si
2474 741 2573 797 est
2637 731 3004 819 presbyter,
3070 732 3289 798 dicere
3342 730 3695 798 missam

760 830 1142 913 animarum,
1189 832 1246 896 si
1288 854 1419 897 non
1455 842 1553 898 est
1594 832 1959 920 presbyter,
1987 830 2248 919 vigilias
2288 852 2522 896 novem
2565 830 2914 898 lectionum
2944 855 3065 920 pro
3100 830 3343 897 eisdem
3397 824 3695 896 fundae

755 929 1005 996 toribus
1050 939 1115 995 et
1154 929 1696 999 benefactoribus,
1774 934 1935 1000 Post
1986 938 2262 998 mortem
2300 953 2457 996 vero
2500 932 2798 1017 magistri
2840 931 3230 1019 Henningi
3210 956 3279 997 111
3324 925 3698 1020 qualibet

672 1040 706 1096 5
760 1029 1019 1095 1118111111
1074 1032 1497 1146 exequiarum
1554 1055 1685 1099 una
1747 1042 1982 1121 quarta
2043 1053 2274 1096 census
2330 1030 2620 1096 eiusdem
2678 1030 2918 1096 bursae
2968 1032 3178 1096 tocius
3235 1034 3398 1097 anni
3475 1029 3692 1093 inter

758 1130 1135 1217 collegiatos
1178 1133 1446 1196 maioris
1506 1131 1762 1217 80118311
1816 1131 1977 1196 1111111
2033 1138 2426 1218 praesentes,
2485 1131 2719 1196 missas
2774 1132 3138 1196 animarum
3183 1131 3290 1197 vel
3351 1126 3689 1216 vigilias

758 1231 1067 1314 dicentes,
1107 1229 1461 1315 aequaliter
1504 1231 1850 1297 dividatur.

925 1328 1250 1395 Statutum
1293 1339 1357 1396 et
1398 1331 1767 1397 conclusum
1807 1338 1907 1395 est
1933 1330 2016 1396 de
2039 1352 2357 1396 consensu
2382 1328 2469 1395 M.
2495 1328 2827 1417 Henningi
2866 1329 2946 1395 de
2973 1329 3405 1414 Hildesheim,
3461 1326 3688 1414 quod

759 1439 1027 1519 propter
1069 1428 1448 1517 ampliorem
1492 1430 1751 1497 laudem
1795 1430 2254 1517 omnipotentis
2282 1428 2407 1511 dei,
2449 1428 2911 1495 liberacionem
2933 1429 3309 1496 celeriorem
3336 1429 3681 1510 illorum,

682 1541 744 1597 10
762 1554 882 1618 pro
940 1528 1171 1615 quibus
1228 1529 1595 1596 huiusmodi
1657 1533 1974 1619 exequiae
2032 1529 2223 1611 fiunt,
2289 1539 2352 1594 et
2413 1528 2763 1594 earundem
2828 1530 3245 1615 exequiarum
3300 1531 3679 1596 maiorem

757 1629 1157 1695 honestatem
1216 1628 1481 1695 cuilibet
1533 1630 1871 1717 collegiato
1917 1629 2172 1716 collegii
2223 1630 2491 1695 minoris
2537 1638 2602 1694 et
2642 1626 2906 1694 cuilibet
2959 1626 3300 1716 collegiato
3357 1628 3674 1713 collegii

758 1727 990 1793 beatae
1029 1729 1324 1814 virginis,
1368 1730 1654 1795 venienti
1712 1729 1798 1795 ad
1845 1729 2111 1796 chorum
2152 1729 2529 1795 monasterii
2586 1729 2795 1793 sancti
2833 1726 3023 1793 Pauli
3067 1729 3134 1793 in
3175 1729 3424 1817 vigiliis
3495 1728 3674 1793 fun-

763 1828 1062 1894 datorum
1119 1829 1565 1894 universitatis
1634 1839 1697 1894 et
1759 1828 2240 1895 benefactorum
2301 1827 2559 1916 collegii
2622 1828 2889 1893 maioris
2946 1836 3096 1893 ante
3157 1828 3353 1894 finem
3419 1828 3671 1917 primi

760 1929 1056 1994 nocturni
1099 1937 1164 1991 et
1202 1929 1487 1993 manenti
1528 1931 1596 1994 in
1637 1929 1864 1996 eodem
1908 1929 2105 2019 choro
2149 1927 2447 1994 adminus
2501 1949 2707 2012 usque
2762 1926 2848 1992 ad
2899 1927 3144 2011 laudes,
3201 1937 3265 1994 et
3318 1927 3670 1994 similiter

683 2038 743 2093 15
759 2029 1045 2093 venienti
1087 2027 1173 2092 ad
1216 2028 1582 2115 praefatum
1625 2029 1889 2094 chorum
1946 2031 2014 2095 in
2057 2029 2259 2094 missa
2310 2026 2658 2115 principali
2713 2027 3076 2092 animarum
3130 2028 3666 2115 praedictorum

757 2126 1171 2192 fundatorum
1229 2138 1292 2192 et
1347 2127 1830 2194 benefactorum
1888 2139 2039 2195 ante
2095 2126 2438 2215 epistolam
2492 2135 2557 2192 et
2621 2128 2907 2192 manenti
2968 2117 3212 2193 ibidem
3263 2151 3476 2213 usque
3556 2125 3664 2192 ad

763 2226 1097 2292 silencium
1143 2225 1431 2314 (dempto
1493 2241 1729 2311 tamen,
1787 2229 1961 2316 quod
2008 2252 2126 2316 pro
2171 2225 2498 2293 offertorio
2541 2234 2758 2313 potest
2802 2228 3013 2309 exire)
3057 2237 3122 2292 et
3161 2228 3459 2293 offerenti
3507 2225 3658 2291 ibi-

760 2326 907 2391 dem
966 2325 1052 2390 ad
1107 2328 1235 2391 tria
1277 2325 1512 2392 altaria
1554 2339 1617 2394 et
1657 2327 1901 2394 volenti
1952 2325 2169 2393 dicere
2221 2328 2488 2392 missam
2541 2327 2922 2409 animarum,
2980 2327 3035 2391 si
3096 2336 3194 2392 est
3246 2326 3654 2415 presbyter,

759 2425 863 2491 vel
908 2424 1191 2511 vigilias,
1244 2428 1300 2492 si
1341 2450 1470 2492 non
1519 2437 1616 2493 est
1660 2427 2023 2516 presbyter,
2065 2451 2186 2516 pro
2230 2426 2545 2515 praefatis
2587 2424 3040 2491 fundatoribus
3085 2436 3149 2491 et
3186 2426 3650 2492 benefactori-

676 2526 886 2592 20bus
931 2526 997 2590 in
1040 2525 1267 2591 eadem
1312 2527 1692 2614 septimana,
1750 2537 2005 2592 tenetur
2062 2527 2477 2614 praepositus
2525 2525 2782 2612 collegii
2835 2526 3100 2591 maioris
3161 2535 3314 2614 post
3368 2524 3648 2591 obitum

761 2624 1050 2691 eiusdem
1092 2627 1388 2712 magistri
1430 2625 1763 2713 Henningi
1814 2626 1896 2691 de
1939 2626 2146 2691 altera
2201 2625 2547 2690 medietate
2601 2643 2830 2690 census
2884 2626 3091 2691 tocius
3145 2626 3299 2690 anni
3355 2624 3644 2706 bursae,

759 2748 951 2814 quam
1020 2726 1352 2812 praefatus
1421 2728 1733 2813 magister
1790 2724 2180 2811 Henningus
2238 2723 2508 2811 collegio
2565 2725 2798 2790 maiori
2853 2724 3038 2790 dedit
3093 2734 3156 2789 et
3212 2724 3493 2811 legavit,
3559 2725 3643 2789 in

759 2823 1152 2910 quibuslibet
1207 2824 1446 2890 talibus
1487 2827 1780 2912 exequiis
1837 2825 1995 2891 dare
2049 2849 2096 2890 x
2145 2848 2240 2910 gr.
2303 2825 2623 2912 antiquos.
2709 2825 2782 2888 Si
2839 2847 2996 2890 vero
3040 2824 3378 2912 praedicto
3421 2823 3638 2891 modo

758 2947 879 2990 nec
935 2923 1021 2988 ad
1073 2923 1333 3010 vigilias
1377 2947 1498 2990 nec
1549 2925 1634 2990 ad
1690 2926 1954 2990 missam
1996 2926 2267 3007 venerit,
2319 2923 2518 2990 nichil
2570 2922 2855 2989 habebit.
2941 2923 3014 2990 Si
3069 2947 3224 2992 vero
3275 2925 3634 3013 praedicto

678 3033 745 3090 25
763 3022 953 3090 modo
997 3024 1248 3089 venerit
1286 3034 1538 3090 tantum
1596 3024 1683 3090 ad
1721 3024 1980 3112 vigilias
2028 3024 2134 3090 vel
2191 3032 2441 3089 tantum
2498 3023 2584 3089 ad
2638 3025 2928 3107 missam,
2984 3023 3250 3089 habebit
3305 3023 3629 3090 medieta-

761 3134 910 3191 tem.
970 3122 1059 3189 Et
1101 3124 1197 3189 sic
1240 3124 1553 3190 conformi
1598 3125 1791 3192 modo
1833 3123 2160 3214 collegiati
2204 3122 2461 3211 collegii
2500 3124 2766 3189 maioris
2807 3134 2940 3191 tam
2988 3123 3074 3190 ad
3113 3123 3373 3210 vigilias
3420 3147 3632 3213 quam

760 3224 846 3290 ad
903 3225 1170 3288 missam
1226 3224 1311 3290 ad
1364 3226 1769 3312 praedictum
1829 3226 2101 3292 chorum
2156 3223 2393 3289 debent
2447 3225 2691 3306 venire,
2749 3224 2871 3289 sub
2930 3224 3251 3290 consimili
3315 3226 3630 3291 carencia

765 3323 1095 3410 porcionis
1145 3346 1319 3407 suae,
1375 3326 1443 3390 in
1497 3327 1635 3391 vita
1688 3348 1843 3391 vero
1900 3325 1987 3391 M.
2041 3324 2374 3410 Henningi
2427 3322 2699 3412 quilibet
2762 3322 3140 3410 collegiatus
3199 3323 3281 3389 de
3340 3323 3624 3411 collegio

761 3425 993 3489 maiori
1035 3444 1371 3509 praesens,
1414 3425 1702 3512 legitime
1744 3448 1875 3490 non
1915 3424 2286 3511 impeditae,
2328 3432 2428 3487 ter
2458 3422 2793 3510 praedicto
2820 3422 3013 3489 modo
3041 3432 3174 3488 tam
3199 3424 3267 3487 in
3294 3423 3620 3489 veniendo

676 3533 745 3590 30
762 3546 956 3610 quam
996 3523 1317 3589 manendo
1361 3525 1430 3589 in
1474 3524 1797 3590 antedicto
1841 3524 2042 3591 choro
2082 3525 2150 3587 in
2194 3521 2545 3609 praedictis
2594 3523 2885 3610 exequiis
2929 3536 2998 3587 se
3042 3523 3451 3588 conformare
3494 3523 3619 3589 sub

760 3645 972 3710 poena
1016 3624 1202 3688 unius
1245 3625 1480 3710 grossi,
1535 3647 1725 3712 quem
1768 3623 1952 3689 dabit
1991 3624 2325 3709 magistris
2368 3645 2489 3710 pro
2534 3621 2974 3687 consolatione
3016 3623 3082 3686 in
3125 3645 3371 3688 mensa.
3450 3625 3620 3689 Item

761 3722 1172 3810 praepositus
1216 3732 1469 3788 tenetur
1510 3746 1653 3789 cum
1696 3723 2008 3789 fratribus
2050 3724 2137 3789 ad
2187 3731 2478 3787 sanctum
2515 3721 2790 3787 Paulum
2832 3722 2899 3787 in
2943 3720 3433 3810 quibuscunque
3471 3723 3616 3788 tali-

760 3820 882 3886 bus
927 3823 1218 3909 exequiis
1264 3822 1343 3887 de
1389 3823 1617 3888 eadem
1662 3824 1870 3888 altera
1917 3824 2263 3889 medietate
2307 3844 2539 3887 census
2584 3820 2743 3885 dare
2783 3821 3066 3886 medium
3106 3821 3336 3887 floreni
3378 3832 3443 3887 et
3484 3821 3614 3888 dis-

761 3941 1002 4008 ponere
1048 3920 1351 3986 candelas
1396 3924 1573 3987 circa
1621 3922 1915 3988 tumbam
1954 3925 2024 3988 in
2065 3921 2312 4008 vigiliis
2372 3930 2435 3985 et
2479 3922 2681 3986 missa
2724 3930 2788 3985 et
2845 3920 3109 3986 cuilibet
3163 3922 3481 4008 magistro
3525 3922 3615 3988 ad

678 4029 743 4087 35
763 4018 1159 4085 antedictum
1220 4020 1487 4086 chorum
1542 4023 1826 4087 venienti
1862 4021 2042 4088 -dare
2097 4020 2431 4086 candelam
2490 4042 2608 4107 pro
2662 4018 3019 4104 oblacione,
3073 4019 3400 4086 residuam
3456 4044 3613 4088 vero

761 4127 1015 4207 partem
1056 4118 1344 4185 eiusdem
1388 4122 1707 4188 secundae
1751 4121 2116 4188 medietatis
2157 4143 2388 4186 census
2414 4119 2652 4185 bursae
2689 4129 2942 4184 tenetur
2979 4117 3153 4183 idem
3197 4123 3612 4208 praepositus

761 4242 880 4307 pro
923 4220 1423 4285 conservacione
1465 4220 1703 4287 bursae
1742 4221 2021 4287 fideliter
2065 4220 2446 4308 dispensare
2486 4229 2551 4285 et
2590 4220 2659 4284 in
2700 4218 2945 4284 nullum
2988 4218 3188 4283 alium
3227 4242 3418 4285 usum
3458 4243 3608 4286 con·

763 4330 1034 4402 vertere,
1095 4318 1214 4384 sub
1256 4343 1468 4407 poena
1512 4323 1799 4409 periurii.
1877 4322 2041 4386 Item
2091 4327 2345 4385 tenetur
2400 4320 2605 4384 eciam
2657 4320 3070 4406 praepositus
3115 4318 3369 4406 collegii
3424 4343 3612 4407 prae·

763 4420 971 4485 dictas
1033 4420 1340 4504 exequias
1391 4418 1681 4507 collegiis
1734 4421 2054 4486 intimare.
2134 4418 2352 4485 Debet
2403 4420 2599 4484 etiam
2652 4418 2879 4483 eadem
2935 4418 3137 4483 bursa
3192 4419 3278 4484 ad
3337 4418 3612 4486 eundem

678 4532 744 4587 40
760 4543 929 4607 11183.
969 4519 1386 4605 Η8111111138111
1427 4520 1631 4586 1111818
1669 4523 1931 4604 reverti,
1984 4521 2042 4585 si
2093 4520 2160 4584 in
2201 4521 2341 4583 vita
2390 4540 2511 4584 sua
2550 4518 2942 4583 universitas
2983 4518 3352 4605 Lypzensis
3397 4542 3612 4585 cessa·

756 4621 853 4687 bit
894 4618 998 4684 vel
1041 4618 1457 4685 dissolvatur.

923 4720 1087 4784 ltem
1130 4728 1439 4785 statutum
1480 4721 1601 4785 fuit
1642 4729 1795 4785 tunc
1838 4728 1902 4786 et
1936 4719 2327 4800 conclusum,
2373 4715 2549 4805 quod
2592 4716 2954 4804 quicunque
2997 4716 3080 4783 de
3119 4717 3391 4804 collegio
3423 4741 3611 4806 prae·

756 4821 957 4885 fatam
1000 4818 1482 4886 ordinacionem
1540 4822 1962 4910 exequiarum
2017 4818 2406 4907 impedierit,
2463 4817 2817 4904 periurium
2875 4819 3166 4882 incurrat
3218 4819 3361 4904 ipso
3415 4818 3610 4902 facte,

758 4921 910 4984 item
956 4918 1129 5004 quod
1172 4922 1582 5006 praepositus
1624 4943 1745 5008 pro
1789 4931 2076 5007 tempore
2122 4919 2408 4983 existens
2463 4924 2757 4981 teneatur
2799 4917 3202 5005 praedictam
3246 4916 3608 4983 ordinacio-

679 5029 742 5085 45
761 5042 907 5083 nem
963 5020 1197 5107 exequi
1251 5028 1383 5083 tam
1427 5020 1494 5084 in
1538 5021 1830 5108 exequiis
1889 5042 2080 5106 quam
2122 5019 2188 5082 in
2231 5018 2522 5104 pecuniis
2566 5015 3050 5082 distribuendis.
3131 5019 3300 5083 Item
3355 5018 3609 5083 conclu-

760 5142 902 5184 sum
943 5117 1064 5182 fuit
1101 5116 1364 5199 ibidem,
1419 5120 1589 5203 quod
1645 5118 2069 5201 commodum,
2125 5116 2299 5206 quod
2340 5116 2430 5181 M.
2471 5115 2783 5203 Henning
2832 5118 2966 5182 iam
3003 5117 3347 5200 inhabitat,
3403 5118 3610 5205 possit
