4038 6358
927 625 1041 687 164
1614 620 1713 670 Die
1747 617 1948 668 Placita
1984 597 2215 668 nationis
2249 617 2537 667 Bavaricae
2574 629 2693 666 vom
2729 614 2894 666 Jahre
2932 615 3074 669 1498.

909 801 1052 865 nias
1105 801 1386 866 nationis
1446 800 1530 866 ab
1591 799 1837 865 eisdem
1888 797 1992 863 vel
2048 798 2251 864 altero
2304 819 2529 864 eorum
2573 797 2685 861 via
2741 797 2903 862 iuris
2957 804 3355 884 extorqueat.
3443 795 3574 860 Nec
3640 796 3784 883 ipsi

909 902 1089 986 prius
1130 900 1215 964 ad
1267 902 1596 965 nationem
1645 907 2080 964 convocentur
2124 896 2228 962 vel
2285 919 2406 984 pro
2449 894 2757 962 membris
2818 895 3185 961 actualibus
3244 895 3527 960 nationis
3577 916 3783 960 reco-

908 1008 1301 1084 gnoscantur
1358 1009 1469 1063 aut
1509 999 1887 1079 habeantur,
1945 996 2153 1061 donec
2204 995 2311 1061 vel
2368 997 2496 1083 ipsi
2539 996 2643 1062 vel
2686 1019 2903 1062 eorum
2961 994 3248 1082 legitimi
3295 1005 3778 1083 procuratores

908 1100 1156 1164 nationi
1199 1098 1280 1163 de
1334 1100 1660 1186 perceptis
1716 1098 2003 1184 pecuniis
2061 1095 2421 1183 plenariam
2475 1105 2539 1161 et
2593 1094 2998 1164 effectualem
3057 1095 3373 1160 rationem
3439 1094 3777 1159 sufficien-

825 1209 858 1264 5
908 1208 1162 1285 temque
1224 1197 1603 1263 solutionem
1668 1198 1957 1279 fecerint,
2011 1195 2311 1284 quodque
2362 1205 2651 1284 tempore
2709 1195 3169 1283 assumptionis
3225 1217 3451 1260 eorum
3507 1194 3777 1259 nationi

908 1301 1306 1386 promittant,
1348 1298 1538 1387 quod,
1585 1298 1640 1362 si
1681 1295 1944 1362 eosdem
1982 1319 2116 1361 non
2158 1298 2336 1362 facta
2377 1297 2628 1361 ratione
2667 1293 2971 1360 recedere
3013 1295 3376 1380 contigerit,
3431 1293 3604 1378 quod
3654 1315 3779 1357 ex-

905 1407 1057 1462 tunc
1105 1420 1447 1485 processus
1505 1420 1622 1484 per
1673 1397 2001 1482 dominum
2062 1405 2377 1462 rectorem
2422 1405 2651 1461 contra
2705 1417 2774 1460 se
2817 1393 3259 1459 decernendos
3316 1405 3381 1458 et
3435 1395 3506 1458 in
3545 1391 3773 1457 valvis

908 1496 1327 1562 ecclesiarum
1384 1495 1742 1582 affigendos
1798 1492 2123 1561 humiliter
2181 1495 2636 1582 pacienterque
2694 1495 3010 1559 sustinere
3058 1494 3287 1577 velint,
3346 1492 3552 1558 donec
3613 1514 3776 1557 cum

907 1598 1167 1663 natione
1210 1619 1352 1663 sese
1397 1597 1895 1683 composuerint.

831 1769 894 1825 10
1115 1764 1171 1830 3.
1220 1759 1341 1848 [Bl.
1384 1759 1488 1848 2¹2]
1534 1780 1627 1827 DE
1677 1778 2015 1828 cANDEms
2058 1779 2196 1827 pso
2241 1779 2438 1828 mssa
2481 1778 3004 1828 umvnnffl'rans
3046 1777 3531 1827 nmrounnms.

1071 1895 1347 1983 Insuper
1393 1894 1653 1981 placuit,
1700 1894 1873 1979 quod
1917 1894 2274 1960 candelarii
2317 1918 2392 1960 eo
2437 1894 2562 1979 die,
2620 1917 2745 1982 quo
2790 1895 2992 1959 missa
3029 1894 3478 1960 universitatis
3522 1892 3768 1958 decan·

906 1992 1106 2058 tanda
1166 1994 1389 2077 fuerit,
1450 1993 1753 2059 candelas
1817 1995 2099 2061 nationis
2155 1995 2538 2082 tempestive
2596 2004 2659 2059 et
2717 1994 2811 2059 sic
2869 2003 3020 2059 ante
3073 1995 3325 2059 initium
3381 1993 3764 2060 huiusmodi

906 2094 1145 2158 missae
1199 2116 1316 2181 per
1361 2104 1570 2161 certos
1618 2092 1942 2159 scholares
2000 2093 2084 2159 ad
2142 2095 2266 2161 hoc
2325 2093 2724 2160 ordinandos
2766 2095 2834 2158 in
2887 2093 3229 2159 ecclesiam
3279 2095 3627 2182 importari
3687 2115 3768 2157 ac

905 2192 1163 2257 incendi
1202 2193 1464 2276 faciant,
1525 2192 1644 2259 sub
1699 2215 1910 2279 poena
1963 2193 2237 2261 duorum
2288 2216 2665 2280 grossorum
2724 2195 2969 2259 nationi
3022 2192 3558 2260 irremissibiliter
3611 2215 3762 2280 per-

827 2300 886 2356 15
907 2291 1376 2359 solvendorum.

902 2465 957 2524 4.
1000 2478 1094 2525 DE
1135 2478 1454 2526 PECUNIIS
1492 2479 1534 2525 A
1564 2476 1961 2526 SUPPOSITIS
1994 2478 2131 2527 PRO
2179 2479 2646 2528 CANDELARUM
2685 2478 3226 2526 REFORMATIONE
3268 2477 3760 2525 COLLIGENDIS.

1065 2593 1231 2659 Item
1274 2593 1537 2680 placuit,
1584 2591 1759 2677 quod
1798 2592 2152 2659 candelarii
2197 2617 2318 2681 pro
2362 2605 2650 2681 tempore
2690 2595 3040 2660 existentes
3084 2591 3428 2680 diligenter
3469 2603 3538 2659 et
3578 2592 3755 2658 solli·

900 2693 1026 2758 cite
1068 2695 1380 2779 pecunias
1438 2714 1558 2778 pro
1610 2691 2029 2758 candelarum
2081 2693 2537 2759 reformatione
2579 2717 2620 2758 a
2664 2694 3018 2781 suppositis
3059 2695 3339 2759 nationis
3385 2703 3754 2774 emoneang

902 2794 998 2857 sic
1039 2791 1212 2880 quod
1253 2792 1338 2858 ad
1381 2794 1592 2856 minus
1636 2793 1704 2855 in
1746 2792 2036 2880 quolibet
2073 2815 2295 2858 mense
2337 2792 2631 2880 collegia,
2691 2793 2922 2858 bursas
2984 2815 3060 2858 ac
3104 2793 3235 2859 alia
3272 2792 3436 2875 loca,
3493 2794 3566 2856 in
3610 2793 3750 2880 qui-

816 2902 885 2958 20
902 2892 1023 2958 bus
1067 2893 1409 2980 supposita
1450 2892 1727 2957 nationis
1771 2895 2157 2958 commorari
2215 2895 2552 2975 sciverint,
2610 2891 2953 2979 diligenter
3004 2893 3295 2974 visitent,
3353 2892 3441 2956 ab
3500 2892 3749 2957 eisdem

901 2992 1062 3058 duos
1105 3014 1367 3078 grossos
1411 2990 1770 3056 emonendo
1799 3001 1863 3056 et
1902 2991 2270 3059 huiusmodi
2315 2993 2657 3081 supposita
2698 2992 2764 3056 Π
2804 2990 2888 3078 gl.
2935 2991 3250 3058 solventia
3293 2993 3746 3077 in‘registrum

900 3093 1179 3158 nationis
1233 3089 1667 3172 inscribendO,
1723 3093 2031 3177 pecunias
2087 3114 2342 3181 quoque
2402 3093 2496 3157 sic
2556 3093 2869 3158 emonitas
2921 3091 3196 3157 fideliter
3252 3101 3624 3173 reservent,
3682 3101 3751 3155 ut

896 3202 1189 3279 tempore
1232 3212 1347 3257 suo
1392 3191 1473 3257 de
1519 3190 1763 3256 eisdem
1804 3194 2050 3259 nationi
2093 3195 2412 3259 rationem
2454 3192 2670 3257 facere
2721 3192 2984 3277 possint.

925 3362 979 3423 5.
1027 3356 1150 3446 [Bl.
1193 3356 1295 3446 3²]
1336 3374 1430 3424 nn
1474 3376 1840 3426 MAffls'rms
1881 3378 2279 3426 scnomnss
2324 3377 2493 3427 suos
2534 3344 2628 3424 Ab
2675 3376 3098 3426 sonvsunuu
3136 3377 3321 3427 nuos
3367 3377 3678 3426 cnossos

812 3467 880 3524 25
1312 3470 1331 3491 ‘
1547 3477 1683 3525 PRo
1729 3476 2067 3525 omnsms
2110 3476 2461 3525 mnucnm:
2505 3476 2962 3527 ossan-rmus

1055 3591 1328 3673 Placuit,
1375 3590 1547 3678 quod
1589 3594 1885 3678 magistri
1928 3594 2206 3658 nationis
2251 3590 2578 3657 scholares
2621 3613 2772 3657 suos
2804 3590 2887 3656 de
2927 3592 3056 3656 ista
3097 3594 3357 3657 natione
3387 3592 3739 3656 existentes

897 3695 1004 3781 pie
1045 3692 1361 3776 bonisque
1403 3691 1698 3756 suasibus
1740 3690 2051 3763 inducant
2101 3700 2691 3777 commoneamque,
2747 3699 2818 3754 ut
2858 3690 3021 3777 ipsis
3065 3690 3344 3759 dominis
3384 3691 3739 3757 collectori·

892 3793 1015 3861 bus
1058 3793 1197 3856 sive
1224 3789 1635 3873 candelariis,
1675 3790 2108 3856 habitationes
2149 3792 2610 3877 magistrorum
2630 3789 3064 3875 visitantibus,
3108 3790 3272 3855 duos
3313 3813 3582 3877 grossos
3627 3814 3740 3879 pro

893 3890 1180 3959 candelis
1239 3892 1519 3955 nationis
1586 3890 1831 3979 absque
1892 3889 2401 3956 contradictione
2459 3889 2563 3955 vel
2627 3891 3042 3957 excusatione
3103 3890 3526 3958 effectualiter
3602 3913 3739 3978 per-

811 4001 879 4059 30
896 3993 1164 4058 solvant.

1564 4143 1619 4205 6.
1671 4157 1765 4205 DE
1810 4158 2163 4207 MAGISTRO
2203 4156 2701 4205 EXAMINATORE
2744 4157 2993 4206 FAOTO.

1054 4273 1217 4339 Item
1257 4271 1533 4361 placuit,
1593 4274 1768 4362 quod
1817 4276 2128 4360 magister
2172 4274 2582 4338 examinator
2639 4272 3286 4341 baccalariandorum
3329 4274 3540 4338 factus
3576 4274 3734 4362 ipsis

893 4373 1173 4439 dominis
1218 4371 1607 4439 candelariis
1650 4371 2021 4438 adiumento
2080 4375 2164 4437 sit
2221 4370 2308 4436 ad
2352 4371 2780 4439 emonendum
2831 4373 3143 4462 pecunias
3202 4395 3322 4460 pro
3366 4372 3662 4440 candelis
3700 4394 3738 4437 a

890 4471 1432 4557 baccalariandis,
1487 4495 1604 4538 suo
1658 4470 1901 4537 iudicio
1957 4481 2235 4558 protunc
2283 4473 2641 4538 commissis
2698 4482 2763 4538 et
2821 4472 3148 4556 subiectis,
3207 4495 3326 4538 nec
3381 4473 3738 4538 consentiat

805 4583 873 4639 35
891 4575 961 4638 in
1019 4571 1291 4639 alicuius
1348 4570 1836 4639 baccalariandi
1895 4569 1976 4636 de
2028 4572 2288 4637 natione
2331 4569 2814 4656 admissionem,
2865 4572 3010 4665 nisi*
3048 4594 3171 4661 pro
3215 4569 3505 4639 candelis
3549 4571 3735 4643 reali·

889 4683 988 4739 ter
1030 4670 1433 4739 satisfecerit.

1518 4847 1574 4905 7.
1616 4857 1711 4905 ΒΕ
1755 4854 2004 4911 SPOLIO
2049 4856 2141 4905 m*
2185 4856 2525 4906 CANDELIS
2569 4855 3072 4908 CONCEDENDIS.

1052 4972 1340 5057 Placuit,
1402 4971 1575 5061 quod
1632 4972 1795 5038 nulli
1857 4974 2340 5061 suppositorum
2390 4972 2693 5056 nationis,
2750 4972 3040 5040 debitum
3094 4974 3312 5039 carnis
3362 4973 3728 5062 persolven-

887 5076 1068 5158 tium,
1111 5073 1392 5162 spolium
1434 5073 1574 5139 sive
1618 5071 1927 5139 candelae
1971 5095 2091 5160 pro
2137 5095 2254 5138 suo
2296 5073 2522 5138 funere
2566 5067 2630 5158 [3
2645 5068 2698 5160 ¹²]
2742 5073 3024 5160 tegendo
3063 5072 3169 5141 vel
3209 5071 3296 5138 ad
3334 5073 3728 5162 sepulturam

805 5183 872 5238 40
893 5171 1241 5240 deferendo
1287 5172 1676 5240 concedatur
1720 5174 1859 5240 sive
1904 5171 2361 5257 concedantur,
2412 5172 2540 5239 nisi
2584 5173 2962 5258 constiterit,
3017 5172 3191 5260 quod
3246 5172 3411 5241 duos
3467 5195 3726 5262 grossos

887 5294 1009 5361 pro
1054 5272 1343 5341 candelis
1396 5273 1799 5361 persolverit,
1851 5282 1965 5349 aut
2019 5273 2120 5339 sui
2167 5273 2643 5340 testamentarii
2683 5272 2789 5340 vel
2843 5272 2976 5360 alii,
3001 5352 3007 5359 ,
3030 5272 3267 5362 quibus
3325 5275 3427 5341 sui
3481 5274 3723 5342 funeris
