4038 6358
826 580 948 647 544
1819 573 1918 628 Die
1955 572 2393 642 philosophischs
2427 572 2682 629 Facultsst.

830 759 1268 845 unusquisque
1324 759 1675 844 receperit,
1720 758 1993 845 singulis
2044 759 2482 825 trimestribus
2538 759 2836 825 numulos
2884 776 3053 824 xvm
3098 756 3352 828 solvito.
3432 758 3702 824 Pueros

832 857 1216 944 discipulos,
1280 878 1552 944 quorum
1605 868 1825 922 tamen
1879 861 2144 924 nomina
2190 860 2257 924 in
2311 858 2479 926 libro
2535 861 2806 924 rectoris
2868 857 3249 924 academiae
3316 859 3702 946 perscripta

830 960 978 1040 sint,
1019 958 1089 1021 in
1133 955 1552 1021 conclavibus
1596 958 1728 1021 suis
1771 958 2108 1025 instituere
2151 980 2496 1046 secumque
2540 957 2784 1023 habere
2825 980 3015 1025 nemo
3061 957 3458 1045 prohibetur.
3558 955 3701 1022 Sed

834 1060 890 1122 si
951 1058 1060 1122 isti
1123 1057 1309 1142 pueri
1372 1078 1710 1120 numerum
1776 1070 2084 1144 superent
2147 1059 2501 1139 senarium,
2556 1056 2871 1144 gravibus
2926 1069 2989 1124 et
3040 1059 3296 1144 magnis
3340 1056 3423 1122 de
3463 1057 3701 1122 causis

745 1169 779 1222 5
830 1158 1248 1223 constitutum
1291 1166 1419 1233 est,
1463 1168 1534 1221 ut
1576 1178 1696 1242 pro
1744 1155 2015 1241 singulis
2058 1159 2362 1239 caeteris,
2405 1179 2739 1222 numerum
2780 1156 2959 1223 illum
3005 1156 3485 1245 superantibus,
3538 1176 3695 1241 per-

829 1255 1163 1322 solvantur
1219 1253 1490 1339 collegio
1551 1255 1798 1321 numuli
1855 1274 2027 1321 xvm
2086 1256 2172 1321 ad
2226 1278 2372 1321 eum
2427 1256 2721 1338 modum,
2766 1269 2839 1323 ut
2891 1255 2972 1322 de
3012 1255 3273 1322 famulis
3315 1256 3696 1321 indicatum

831 1368 948 1422 est.
1033 1355 1250 1435 Quam
1304 1355 1647 1441 pecuniam
1704 1355 1954 1421 locator
1997 1358 2230 1443 exiget.
2314 1354 2577 1421 Debent
2619 1357 2814 1421 etiam
2858 1358 3159 1443 magistri
3205 1366 3271 1421 et
3314 1357 3699 1443 quicunque

833 1454 1130 1543 inquilini
1175 1454 1285 1519 alii
1329 1456 1706 1541 promittere
1748 1452 2051 1538 locatori,
2097 1478 2167 1520 se
2208 1456 2669 1542 praestituros,
2714 1456 2770 1520 si
2812 1454 2971 1542 quid
3013 1454 3321 1542 discipuli
3372 1452 3700 1520 famulive

832 1560 1124 1643 ipsorum
1165 1576 1545 1642 quocunque
1588 1552 1782 1619 modo
1827 1552 2050 1619 damni
2092 1553 2365 1620 aedibus
2412 1553 2667 1641 collegii
2711 1554 2842 1621 ulla
2883 1556 2953 1620 in
2996 1566 3184 1643 parte
3227 1553 3550 1621 dederint.

749 1749 813 1804 10
997 1737 1159 1804 Cum
1188 1747 1400 1802 autem
1437 1744 1500 1800 et
1535 1757 1640 1800 res
1681 1745 1745 1799 et
1785 1745 2079 1823 tempora
2121 1758 2382 1801 monere
2426 1735 2631 1801 multa
2675 1735 2941 1820 soleant,
2985 1737 3041 1802 si
3083 1734 3241 1823 quid
3282 1734 3453 1802 forte
3495 1758 3691 1823 prae·

827 1852 1008 1903 terea
1052 1835 1564 1902 constituendum
1611 1831 1778 1923 [149]
1826 1837 2253 1900 communitas
2294 1834 2492 1900 studii
2535 1835 2851 1902 bonarum
2896 1838 3135 1903 artium
3178 1835 3261 1901 de
3321 1837 3458 1901 suis
3503 1835 3691 1900 aedi·

831 1938 952 2002 bus
998 1936 1205 2023 deque
1246 1934 1598 2022 disciplina
1638 1933 2098 2023 inquilinorum
2142 1935 2504 2022 putaverit,
2549 1934 2619 2000 id
2660 1936 2878 2002 facere
2922 1938 3047 2001 erit
3084 1934 3383 2001 liberum.

996 2122 1344 2186 Praeterea
1386 2140 1607 2183 omnes
1646 2117 1812 2182 scire
1855 2116 2127 2199 debent,
2181 2115 2479 2181 definitas
2538 2115 2776 2181 multas
2833 2119 2901 2182 in
2957 2116 3059 2182 his
3116 2119 3375 2183 statutis
3417 2117 3501 2183 de
3544 2140 3689 2183 sen·

831 2223 1034 2288 tentia
1070 2218 1321 2285 consilii
1355 2216 1599 2306 publici
1631 2218 1855 2303 augeri
1884 2238 2101 2302 posse,
2148 2217 2203 2280 si
2250 2214 2552 2280 delictum
2590 2217 2827 2280 mereri
2867 2215 3201 2299 videatur-3
3244 2239 3444 2302 posse
3487 2219 3687 2282 etiam

751 2334 812 2388 15
831 2320 1167 2387 consilium
1211 2317 1538 2406 publicum
1597 2315 1676 2382 de
1724 2317 1807 2380 iis
1860 2314 2149 2397 delictis,
2223 2313 2457 2402 quibus
2523 2326 2704 2380 certa
2765 2315 2969 2381 multa
3022 2338 3153 2381 non
3214 2324 3311 2380 est
3365 2317 3684 2402 irrogata,

831 2420 1101 2487 arbitrio
1130 2441 1246 2484 suo
1274 2416 1540 2482 multam
1565 2414 1867 2498 definire3
1914 2437 2082 2502 quae
2114 2413 2348 2500 quibus
2378 2413 2758 2501 probantur,
2800 2416 2882 2479 iis
2922 2414 3009 2481 ad
3048 2413 3463 2481 incolendum
3497 2414 3684 2479 locus

836 2543 978 2586 esse
1019 2522 1088 2584 in
1132 2518 1233 2582 his
1277 2514 1549 2583 aedibus
1594 2513 1849 2600 collegii
1894 2515 2123 2579 nostri.
2212 2513 2465 2595 Quibus
2508 2537 2637 2580 non
2682 2513 3076 2602 probantur,
3122 2514 3353 2597 alium,
3410 2513 3526 2579 ubi
3570 2513 3682 2579 ha·

831 2620 1040 2686 bitent
1050 2668 1069 2702 ,
1128 2638 1440 2705 quaerere
1495 2624 1811 2702 poterunt.
1912 2612 2367 2679 Defendentur
2409 2623 2623 2679 autem
2664 2624 2729 2678 et
2771 2613 3122 2701 diligentur
3163 2613 3319 2680 boni
3362 2624 3428 2678 et
3472 2612 3680 2701 probi.

830 2720 936 2785 De
980 2720 1254 2783 caeteris
1296 2715 1457 2782 nihil
1498 2713 1627 2778 dici
1669 2712 1949 2800 amplius
1991 2735 2258 2779 necesse
2300 2722 2415 2778 est.
2515 2714 2717 2779 Finis.
