4038 6358
867 640 988 706 412
1853 643 1956 694 Die
1992 641 2431 706 philosophische
2465 642 2721 693 Facultfit.

1703 863 1759 923 7.
1801 875 1897 923 ns
1940 873 2141 923 nono
2187 874 2535 923 sonvsum
2574 874 2871 924 PAS'rtm.

1982 994 2104 1058 Vgl.
2142 995 2235 1057 VI,
2271 996 2319 1046 6.
2358 994 2506 1053 vm,
2545 994 2595 1045 4.

1026 1107 1188 1173 Item
1231 1107 1493 1175 videtur
1543 1109 1878 1195 magistris
1923 1108 2003 1174 de
2047 1108 2318 1177 consilio
2372 1108 2704 1175 facultatis
2760 1130 2882 1198 pro
2936 1108 3226 1189 eiusdem
3278 1105 3569 1172 utilitate
3627 1127 3743 1171 ex·

864 1207 1112 1295 pedire,
1162 1208 1339 1296 quod
1379 1216 1605 1296 pastus
1664 1229 1777 1272 seu
1820 1207 2154 1274 sallarium
2198 1216 2320 1296 pro
2360 1208 2746 1275 lectionibus
2790 1218 2853 1275 et
2896 1210 3236 1276 exerciciis
3281 1208 3543 1295 integre
3590 1228 3743 1294 per-

779 1316 814 1373 5
867 1307 1156 1375 solvatur
1222 1306 1574 1374 secundum
1623 1307 1886 1373 modum
1933 1307 2159 1374 talem:
2246 1306 2420 1397 quod
2482 1308 2754 1396 quilibet
2806 1304 3286 1396 promovendus
3340 1308 3411 1371 in
3465 1304 3742 1372 artibus

868 1408 1287 1475 effectualiter
1312 1430 1431 1495 per
1452 1410 1831 1495 peccuniam
1874 1418 1988 1474 aut
2029 1411 2266 1496 pignus
2310 1407 2672 1474 sufficiens¹
2714 1419 2862 1496 post
2899 1409 3333 1495 inceptionem
3375 1406 3742 1472 lectionum

865 1517 929 1575 et
971 1509 1440 1574 exerciciorum
1478 1507 1649 1572 infra
1689 1529 1995 1592 mensem,
2052 1532 2172 1596 pro
2209 1507 2421 1596 gradu
2470 1530 2588 1595 per
2632 1530 2779 1573 eum
2821 1508 3242 1590 auditorum²‚
3303 1504 3498 1572 debet
3543 1516 3742 1571 taxa?

869 1608 1118 1676 toribus
1175 1608 1500 1674 facultatis
1558 1608 1745 1673 iuxta
1800 1616 2029 1673 taxam
2071 1632 2110 1673 a
2152 1607 2457 1673 facultate
2507 1609 2791 1695 positam
2835 1631 2955 1696 pro
3000 1607 3248 1673 eisdem
3306 1607 3739 1689 satisfecisse,

867 1710 988 1776 sub
1031 1732 1242 1798 poena
1296 1730 1427 1803 non
1484 1709 1981 1794 computationis
2037 1708 2222 1773 istius
2265 1707 2559 1773 lectionis
2603 1708 2707 1775 vel
2769 1709 3090 1775 exercicii.
3177 1707 3466 1772 Tenetur
3501 1715 3740 1772 tamen

787 1818 852 1875 10
874 1810 1025 1875 talis
1066 1809 1517 1875 nichilominus
1561 1808 1874 1893 magistro
1916 1806 2155 1894 legenti
2199 1815 2310 1873 aut
2351 1806 2709 1893 disputanti
2750 1807 3042 1895 plenarie
3096 1805 3493 1889 satisfacere,
3561 1805 3736 1871 alias

864 1908 951 1975 ad
995 1932 1271 1975 examen
1316 1907 1421 1974 vel
1475 1916 1870 1994 temptamen
1913 1928 2319 1995 nequaquam
2365 1906 2767 1990 admittatur,
2823 1909 2919 1972 sic
2960 1906 3133 1996 quod
3172 1928 3296 1993 pro
3338 1904 3735 1972 lectionibus

865 2018 930 2073 et
987 2010 1348 2092 exerciciis,
1403 2009 1459 2073 si
1519 2005 1702 2073 dives
1754 2007 1966 2091 fuerit,
2026 2006 2274 2072 scilicet
2330 2007 2707 2074 domicellus
2761 2007 3035 2073 alicuius
3093 2006 3396 2093 magistri
3449 2013 3565 2070 aut
3623 2004 3734 2069 hic

866 2109 1000 2174 suis
1039 2109 1326 2196 propriis
1366 2116 1484 2173 aut
1525 2117 1867 2194 parentum
1910 2129 2172 2172 suorum
2214 2106 2319 2173 vel
2375 2110 2735 2197 amicorum
2779 2115 2892 2173 aut
2943 2106 3217 2172 aliorum
3267 2104 3624 2193 stipendiis
3670 2112 3735 2168 et

866 2209 1172 2296 expensis
1231 2207 1517 2273 militans
1574 2228 1687 2271 seu
1743 2206 2034 2289 studens,
2098 2206 2309 2272 solvat
2359 2216 2560 2272 totum
2623 2207 2976 2272 secundum
3037 2214 3263 2271 taxam
3323 2228 3366 2270 a
3418 2204 3731 2271 facultate

785 2317 846 2374 15
866 2309 1141 2392 factam3
1201 2309 1257 2373 si
1296 2330 1454 2372 vero
1497 2307 1566 2370 in
1604 2315 1793 2392 parte
1828 2304 1933 2371 vel
1975 2307 2045 2370 in
2087 2315 2222 2372 toto
2264 2329 2334 2372 se
2378 2329 2643 2372 suarum
2684 2305 3015 2372 laboribus
3061 2328 3368 2371 manuum
3424 2311 3537 2371 aut
3595 2326 3729 2369 ser-

864 2409 1052 2473 viciis
1107 2409 1311 2473 nutrit
1352 2416 1418 2472 et
1470 2414 1806 2489 sustentat,
1863 2427 1983 2492 pro
2037 2404 2423 2471 lectionibus
2480 2415 2703 2490 totum,
2763 2405 2878 2472 sed
2931 2428 3053 2493 pro
3105 2405 3449 2470 exerciciis
3507 2403 3723 2471 solvat

862 2505 1219 2573 secundum
1264 2505 1439 2594 quod
1474 2528 1516 2570 a
1559 2504 1970 2595 taxatoribus
2012 2506 2208 2571 fuerit
2252 2502 2582 2589 taxatum3
2640 2507 2696 2571 si
2736 2527 2894 2572 vero
2936 2506 3195 2571 omnino
3238 2527 3511 2593 pauper,
3553 2503 3726 2569 redi·

864 2630 1041 2673 mere
1097 2609 1417 2693 sig-netum
1475 2603 1706 2670 decani
1757 2627 1887 2671 non
1928 2604 2185 2688 valens,
2241 2605 2468 2687 fuerit,
2526 2604 2608 2671 de
2664 2627 2790 2694 quo
2848 2614 3147 2671 constare
3193 2607 3469 2694 poterit,
3525 2602 3723 2669 nichil

861 2706 1090 2773 solvat.

775 2849 844 2906 20
1297 2844 1357 2908 8.
1401 2856 1522 2917 QUI
1559 2856 1750 2904 LIBRI
1790 2855 2102 2905 POSSUN'I'
2146 2855 2399 2915 AUDIR}
2431 2854 2571 2903 PRO
2619 2853 2872 2904 '1⁸13ch
2911 2814 3282 2905 LECC10NE.

2124 2973 2247 3037 Vgl.
2287 2974 2381 3038 VI,
2415 2974 2465 3024 5.

1025 3091 1189 3156 Item
1233 3088 1503 3178 quilibet
1543 3087 1770 3155 volens
1812 3088 2040 3154 audire
2082 3087 2284 3154 libros
2328 3088 2413 3153 ad
2456 3087 2756 3174 gradum,
2800 3088 3010 3154 solum
3050 3087 3280 3154 audire
3324 3088 3517 3155 debet
3559 3086 3716 3153 duas

857 3191 1168 3257 lectiones
1223 3191 1294 3255 in
1353 3189 1460 3254 die
1518 3189 1600 3254 de
1658 3188 1847 3255 libris
1906 3188 1993 3254 ad
2049 3187 2313 3273 gradus,
2372 3198 2438 3254 et
2496 3211 2627 3254 non
2685 3190 2928 3276 poterit
2984 3189 3211 3256 audire
3266 3189 3553 3278 aliquam
3599 3210 3714 3276 pro

860 3290 1085 3373 tercia,
1128 3290 1258 3355 nisi
1296 3289 1701 3355 Priscianum
1745 3290 2062 3354 minorem
2099 3297 2162 3353 et
2203 3287 2461 3374 loycam
2505 3288 2811 3355 Heissbri
2854 3299 2968 3355 aut
3009 3290 3504 3373 rethoricorum,
3557 3309 3714 3377 quae

775 3399 842 3457 25
861 3401 962 3457 est
1006 3412 1417 3457 concurrens.

1655 3526 1716 3587 9.
1755 3540 1851 3588 nn
1896 3539 2227 3588 TEMPORE
2269 3538 2927 3588 PROMOVENDORUM.

2099 3658 2220 3722 vgl.
2253 3658 2400 3721 vm,
2435 3658 2488 3708 5.

1024 3777 1189 3842 Item
1232 3773 1446 3840 nullus
1491 3772 1685 3839 debet
1737 3772 1990 3846 admitti
2044 3771 2131 3838 ad
2186 3795 2460 3837 examen
2511 3772 3006 3857 baccalariatus,
3067 3774 3181 3862 qui
3232 3775 3418 3861 prius
3474 3776 3546 3840 in
3596 3774 3714 3840 alia

862 3877 1288 3943 universitate
1330 3869 1500 3962 [18¹²]
1544 3896 1673 3939 non
1726 3875 1921 3957 stetit,
1975 3874 2105 3937 nisi
2147 3871 2447 3937 adminus
2480 3874 2556 3937 in
2606 3874 2735 3937 ista
2772 3871 3201 3939 universitate
3244 3876 3501 3941 steterit
3539 3874 3712 3962 quasi

778 3975 950 4043 30ad
1001 3975 1274 4041 alterum
1329 3972 1666 4038 dimidium
1718 3995 1979 4055 annum,
2039 3982 2104 4038 et
2143 3972 2267 4040 hoc
2302 3963 2550 4062 ‘quasi’
2602 3995 2735 4037 non
2777 3971 3126 4038 diminuet³
3181 3972 3328 4061 plus
3366 3997 3564 4063 quam
3607 3997 3711 4040 sex

866 4078 1281 4164 septimanas.
1365 4073 1459 4137 Et
1515 4072 1728 4138 nullus
1790 4074 2058 4138 veniens
2119 4071 2199 4137 de
2264 4071 2396 4137 alia
2455 4073 2882 4140 universitate
2947 4075 3318 4161 promoveri
3384 4074 3580 4141 debet
3634 4072 3710 4139 ad

863 4174 1139 4264 gradum
1161 4173 1658 4253 baccalariatus,
1705 4173 1832 4237 nisi
1877 4173 2065 4259 prius
2091 4173 2346 4236 steterit
2385 4171 2454 4235 in
2497 4173 2628 4237 ista
2669 4174 3094 4239 universitate
3137 4174 3420 4240 medium
3463 4198 3709 4255 annum,

863 4287 929 4342 et
967 4272 1313 4341 dummodo
1360 4272 1747 4339 sufficientes
1790 4272 2280 4337 informationes
2331 4271 2562 4336 fecerit
2604 4271 2686 4336 de
2724 4271 3055 4340 auditione
3112 4273 3427 4341 librorum
3469 4276 3541 4339 in
3594 4273 3708 4339 alia

863 4375 1303 4443 universitate.

779 4520 846 4578 35
1294 4577 1305 4587 ,
1513 4514 1609 4575 10.
1653 4522 1749 4570 DE
1791 4521 2379 4571 RESPONSIONIBUS
2420 4521 3074 4571 Pnoxovnnnomm.

1982 4641 2104 4706 νει.
2142 4643 2234 4702 v1,
2271 4642 2319 4694 9.
2354 4643 2498 4704 v111,
2537 4642 2586 4692 6.

1032 4760 1196 4825 Item
1238 4756 1453 4823 nullus
1496 4755 1691 4822 debet
1733 4756 1991 4822 admitti
2036 4756 2121 4821 ad
2163 4778 2438 4823 examen
2480 4756 2586 4823 vel
2629 4756 2717 4823 ad
2754 4766 3151 4844 temptamen
3192 4759 3261 4822 in
3303 4757 3557 4824 artibus
3598 4780 3706 4846 pro

867 4858 1077 4948 gradu
1141 4856 1619 4923 baccalariatus
1677 4867 1791 4922 aut
1853 4857 2241 4943 magisterii,
2309 4857 2438 4920 nisi
2512 4857 2723 4922 sexies
2787 4857 3202 4945 responderit
3265 4857 3595 4924 ordinarie
3654 4867 3711 4922 et

866 4959 1116 5025 tociens
1157 4955 1693 5040 extraordinarie,
1749 4959 1842 5021 ita
1886 4956 2060 5044 quod
2103 4953 2373 5043 quilibet
2415 4955 2899 5042 magistr-andus
2940 4957 3238 5024 adminus
3283 4968 3531 5046 quater,
3570 4956 3709 5024 bac-

1028 5162 1052 5214 1
1092 5154 1200 5210 Die
1232 5155 1431 5211 Worte
1463 5162 1563 5210 aut
1585 5156 1793 5226 piymoe
1822 5157 2104 5229 sufficiens
2138 5153 2259 5209 sind
2300 5157 2487 5225 spiiter
2518 5154 2990 5227 eingeklammert.

1027 5246 1056 5294 2
1094 5240 1312 5310 Wegen
1348 5240 1447 5294 der
1482 5239 1857 5295 auffallenden
1894 5239 2301 5308 Wortstellung
2341 5238 2451 5309 vgl.
2486 5239 2630 5296 oben
2665 5240 2767 5311 VI,
2803 5246 2836 5296 6
2867 5258 2921 5297 u.
2956 5240 3112 5312 VIII,
3148 5246 3197 5297 4.

1024 5330 1056 5382 3
1091 5323 1291 5395 Spsster
1322 5323 1398 5378 ist
1433 5325 1698 5380 diminuet
1728 5325 1788 5378 in
1819 5326 2081 5381 diminuit
2116 5323 2397 5394 geiindert.
