<?xml version="1.0" encoding="UTF-8"?>
<!DOCTYPE html PUBLIC "-//W3C//DTD XHTML 1.0 Transitional//EN"
    "http://www.w3.org/TR/xhtml1/DTD/xhtml1-transitional.dtd">
<html xmlns="http://www.w3.org/1999/xhtml" xml:lang="en" lang="en">
 <head>
  <title>
</title>
<meta http-equiv="Content-Type" content="text/html;charset=utf-8" />
  <meta name='ocr-system' content='tesseract 3.04.00' />
  <meta name='ocr-capabilities' content='ocr_page ocr_carea ocr_par ocr_line ocrx_word'/>
</head>
<body>
  <div class='ocr_page' id='page_1' title='image "./diestatutenbche02leipgoog_0400.png"; bbox 0 0 4038 6358; ppageno 0'>
   <div class='ocr_carea' id='block_1_1' title="bbox 931 602 2775 677">
    <p class='ocr_par' dir='ltr' id='par_1_1' title="bbox 931 602 2775 677">
     <span class='ocr_line' id='line_1_1' title="bbox 931 602 2775 677; baseline -0.009 -2"><span class='ocrx_word' id='word_1_1' title='bbox 931 610 1056 677; x_wconf 81' lang='lat'><strong>384</strong></span> <span class='ocrx_word' id='word_1_2' title='bbox 1911 607 2014 659; x_wconf 76' lang='lat' dir='ltr'><strong>Die</strong></span> <span class='ocrx_word' id='word_1_3' title='bbox 2049 606 2487 672; x_wconf 65' lang='lat' dir='ltr'><strong>philosophicum</strong></span> <span class='ocrx_word' id='word_1_4' title='bbox 2517 602 2775 659; x_wconf 57' lang='lat' dir='ltr'><strong>Exultat.</strong></span> 
     </span>
    </p>
   </div>
   <div class='ocr_carea' id='block_1_2' title="bbox 2288 790 2418 860">
    <p class='ocr_par' dir='ltr' id='par_1_2' title="bbox 2288 790 2418 860">
     <span class='ocr_line' id='line_1_2' title="bbox 2288 790 2418 860; baseline -0.015 -2"><span class='ocrx_word' id='word_1_5' title='bbox 2288 790 2418 860; x_wconf 85' lang='lat'><strong>13.¹</strong></span> 
     </span>
    </p>
   </div>
   <div class='ocr_carea' id='block_1_3' title="bbox 845 911 3756 1311">
    <p class='ocr_par' dir='ltr' id='par_1_3' title="bbox 930 911 3755 1211">
     <span class='ocr_line' id='line_1_3' title="bbox 1097 911 3755 1011; baseline 0.001 -23"><span class='ocrx_word' id='word_1_6' title='bbox 1097 922 1261 988; x_wconf 84' lang='lat' dir='ltr'><strong>Item</strong></span> <span class='ocrx_word' id='word_1_7' title='bbox 1302 911 1582 1009; x_wconf 88' lang='lat' dir='ltr'><strong>placuit,</strong></span> <span class='ocrx_word' id='word_1_8' title='bbox 1619 918 1794 1007; x_wconf 91' lang='lat' dir='ltr'><strong>quod</strong></span> <span class='ocrx_word' id='word_1_9' title='bbox 1834 919 2119 987; x_wconf 84' lang='lat' dir='ltr'><strong>decanus</strong></span> <span class='ocrx_word' id='word_1_10' title='bbox 2161 924 2230 987; x_wconf 89' lang='lat' dir='ltr'><strong>in</strong></span> <span class='ocrx_word' id='word_1_11' title='bbox 2271 921 2559 1011; x_wconf 87' lang='lat' dir='ltr'><strong>qualibet</strong></span> <span class='ocrx_word' id='word_1_12' title='bbox 2602 919 3051 1009; x_wconf 85' lang='lat' dir='ltr'><strong>disputacione</strong></span> <span class='ocrx_word' id='word_1_13' title='bbox 3092 918 3428 987; x_wconf 86' lang='lat' dir='ltr'><strong>ordinaria</strong></span> <span class='ocrx_word' id='word_1_14' title='bbox 3473 920 3755 1004; x_wconf 78' lang='lat' dir='ltr'><strong>baccala-</strong></span> 
     </span>
     <span class='ocr_line' id='line_1_4' title="bbox 932 1019 3753 1109; baseline -0 -20"><span class='ocrx_word' id='word_1_15' title='bbox 932 1025 1177 1089; x_wconf 88' lang='lat' dir='ltr'><strong>riorum</strong></span> <span class='ocrx_word' id='word_1_16' title='bbox 1199 1029 1312 1087; x_wconf 89' lang='lat' dir='ltr'><strong>aut</strong></span> <span class='ocrx_word' id='word_1_17' title='bbox 1336 1019 1764 1086; x_wconf 81' lang='lat' dir='ltr'><strong>vicedecanus</strong></span> <span class='ocrx_word' id='word_1_18' title='bbox 1807 1021 1890 1085; x_wconf 91' lang='lat' dir='ltr'><strong>sit</strong></span> <span class='ocrx_word' id='word_1_19' title='bbox 1930 1043 2261 1108; x_wconf 86' lang='lat' dir='ltr'><strong>praesens,</strong></span> <span class='ocrx_word' id='word_1_20' title='bbox 2307 1022 2393 1088; x_wconf 89' lang='lat' dir='ltr'><strong>ad</strong></span> <span class='ocrx_word' id='word_1_21' title='bbox 2435 1021 2823 1087; x_wconf 78' lang='lat' dir='ltr'><strong>insolencias</strong></span> <span class='ocrx_word' id='word_1_22' title='bbox 2866 1021 3188 1087; x_wconf 89' lang='lat' dir='ltr'><strong>sociorum</strong></span> <span class='ocrx_word' id='word_1_23' title='bbox 3230 1021 3753 1109; x_wconf 81' lang='lat' dir='ltr'><strong>compescendas3</strong></span> 
     </span>
     <span class='ocr_line' id='line_1_5' title="bbox 930 1119 3755 1211; baseline 0 -23"><span class='ocrx_word' id='word_1_24' title='bbox 930 1145 1050 1211; x_wconf 88' lang='lat' dir='ltr'><strong>pro</strong></span> <span class='ocrx_word' id='word_1_25' title='bbox 1106 1122 1290 1187; x_wconf 89' lang='lat' dir='ltr'><strong>cuius</strong></span> <span class='ocrx_word' id='word_1_26' title='bbox 1345 1120 1818 1206; x_wconf 88' lang='lat' dir='ltr'><strong>inquietacione</strong></span> <span class='ocrx_word' id='word_1_27' title='bbox 1874 1129 1941 1185; x_wconf 92' lang='lat' dir='ltr'><strong>et</strong></span> <span class='ocrx_word' id='word_1_28' title='bbox 1996 1119 2220 1187; x_wconf 90' lang='lat' dir='ltr'><strong>labore</strong></span> <span class='ocrx_word' id='word_1_29' title='bbox 2272 1120 2514 1187; x_wconf 89' lang='lat' dir='ltr'><strong>habeat</strong></span> <span class='ocrx_word' id='word_1_30' title='bbox 2569 1144 2611 1186; x_wconf 91' lang='lat' dir='ltr'><strong>a</strong></span> <span class='ocrx_word' id='word_1_31' title='bbox 2665 1120 2974 1186; x_wconf 77' lang='lat' dir='ltr'><strong>facultate</strong></span> <span class='ocrx_word' id='word_1_32' title='bbox 3031 1121 3196 1188; x_wconf 89' lang='lat' dir='ltr'><strong>duos</strong></span> <span class='ocrx_word' id='word_1_33' title='bbox 3252 1137 3366 1207; x_wconf 59' lang='lat'><strong>95„</strong></span> <span class='ocrx_word' id='word_1_34' title='bbox 3426 1121 3755 1190; x_wconf 89' lang='lat' dir='ltr'><strong>dummodo</strong></span> 
     </span>
    </p>

    <p class='ocr_par' dir='ltr' id='par_1_4' title="bbox 845 1218 3756 1311">
     <span class='ocr_line' id='line_1_6' title="bbox 845 1218 3756 1311; baseline -0 -22"><span class='ocrx_word' id='word_1_35' title='bbox 845 1232 879 1289; x_wconf 86' lang='lat'><strong>5</strong></span> <span class='ocrx_word' id='word_1_36' title='bbox 931 1222 1161 1289; x_wconf 88' lang='lat' dir='ltr'><strong>saltem</strong></span> <span class='ocrx_word' id='word_1_37' title='bbox 1216 1218 1589 1311; x_wconf 79' lang='lat' dir='ltr'><strong>praesideat</strong></span> <span class='ocrx_word' id='word_1_38' title='bbox 1627 1240 1746 1306; x_wconf 92' lang='lat' dir='ltr'><strong>per</strong></span> <span class='ocrx_word' id='word_1_39' title='bbox 1788 1218 1951 1286; x_wconf 88' lang='lat' dir='ltr'><strong>duas</strong></span> <span class='ocrx_word' id='word_1_40' title='bbox 1990 1219 2209 1287; x_wconf 91' lang='lat' dir='ltr'><strong>horas.</strong></span> <span class='ocrx_word' id='word_1_41' title='bbox 2285 1220 2376 1289; x_wconf 89' lang='lat' dir='ltr'><strong>Et</strong></span> <span class='ocrx_word' id='word_1_42' title='bbox 2415 1219 2577 1286; x_wconf 91' lang='lat' dir='ltr'><strong>illud</strong></span> <span class='ocrx_word' id='word_1_43' title='bbox 2631 1230 3034 1311; x_wconf 88' lang='lat' dir='ltr'><strong>assumptum</strong></span> <span class='ocrx_word' id='word_1_44' title='bbox 3075 1231 3175 1287; x_wconf 86' lang='lat' dir='ltr'><strong>est</strong></span> <span class='ocrx_word' id='word_1_45' title='bbox 3229 1220 3316 1286; x_wconf 88' lang='lat' dir='ltr'><strong>ad</strong></span> <span class='ocrx_word' id='word_1_46' title='bbox 3369 1220 3636 1310; x_wconf 86' lang='lat' dir='ltr'><strong>probam</strong></span> <span class='ocrx_word' id='word_1_47' title='bbox 3676 1223 3756 1288; x_wconf 85' lang='lat' dir='ltr'><strong>ad</strong></span> 
     </span>
    </p>
   </div>
   <div class='ocr_carea' id='block_1_4' title="bbox 929 1323 1357 1389">
    <p class='ocr_par' dir='ltr' id='par_1_5' title="bbox 929 1323 1357 1389">
     <span class='ocr_line' id='line_1_7' title="bbox 929 1323 1357 1389; baseline -0.009 0"><span class='ocrx_word' id='word_1_48' title='bbox 929 1323 1089 1389; x_wconf 89' lang='lat' dir='ltr'><strong>duos</strong></span> <span class='ocrx_word' id='word_1_49' title='bbox 1132 1343 1357 1387; x_wconf 86' lang='lat' dir='ltr'><strong>annos.</strong></span> 
     </span>
    </p>
   </div>
   <div class='ocr_carea' id='block_1_5' title="bbox 1593 1475 3119 1556">
    <p class='ocr_par' dir='ltr' id='par_1_6' title="bbox 1593 1475 3119 1556">
     <span class='ocr_line' id='line_1_8' title="bbox 1593 1475 3119 1556; baseline -0.001 -17"><span class='ocrx_word' id='word_1_50' title='bbox 1593 1475 1691 1539; x_wconf 89' lang='lat'><strong>14.</strong></span> <span class='ocrx_word' id='word_1_51' title='bbox 1732 1487 1827 1537; x_wconf 74' lang='lat' dir='ltr'><strong>nn</strong></span> <span class='ocrx_word' id='word_1_52' title='bbox 1869 1488 2070 1556; x_wconf 78' lang='lat' dir='ltr'><strong>11.1.1s‚</strong></span> <span class='ocrx_word' id='word_1_53' title='bbox 2115 1486 2297 1551; x_wconf 72' lang='lat' dir='ltr'><strong>QUAE</strong></span> <span class='ocrx_word' id='word_1_54' title='bbox 2340 1490 2650 1543; x_wconf 57' lang='lat' dir='ltr'><strong>amma</strong></span> <span class='ocrx_word' id='word_1_55' title='bbox 2689 1489 3119 1540; x_wconf 64' lang='lat' dir='ltr'><strong>mismcmn&#39;r.</strong></span> 
     </span>
    </p>
   </div>
   <div class='ocr_carea' id='block_1_6' title="bbox 839 1620 3754 2587">
    <p class='ocr_par' dir='ltr' id='par_1_7' title="bbox 1097 1620 3751 1712">
     <span class='ocr_line' id='line_1_9' title="bbox 1097 1620 3751 1712; baseline -0.001 -23"><span class='ocrx_word' id='word_1_56' title='bbox 1097 1622 1264 1689; x_wconf 86' lang='lat' dir='ltr'><strong>Item</strong></span> <span class='ocrx_word' id='word_1_57' title='bbox 1305 1620 1588 1687; x_wconf 89' lang='lat' dir='ltr'><strong>decanus</strong></span> <span class='ocrx_word' id='word_1_58' title='bbox 1636 1620 1754 1687; x_wconf 91' lang='lat' dir='ltr'><strong>sub</strong></span> <span class='ocrx_word' id='word_1_59' title='bbox 1797 1644 2010 1709; x_wconf 89' lang='lat' dir='ltr'><strong>poena</strong></span> <span class='ocrx_word' id='word_1_60' title='bbox 2052 1624 2323 1710; x_wconf 87' lang='lat' dir='ltr'><strong>periurii</strong></span> <span class='ocrx_word' id='word_1_61' title='bbox 2361 1622 2607 1689; x_wconf 87' lang='lat' dir='ltr'><strong>nullum</strong></span> <span class='ocrx_word' id='word_1_62' title='bbox 2650 1621 3165 1712; x_wconf 87' lang='lat' dir='ltr'><strong>promovendum</strong></span> <span class='ocrx_word' id='word_1_63' title='bbox 3216 1640 3337 1708; x_wconf 89' lang='lat' dir='ltr'><strong>per</strong></span> <span class='ocrx_word' id='word_1_64' title='bbox 3388 1643 3458 1688; x_wconf 88' lang='lat' dir='ltr'><strong>se</strong></span> <span class='ocrx_word' id='word_1_65' title='bbox 3496 1620 3600 1687; x_wconf 81' lang='lat' dir='ltr'><strong>vel</strong></span> <span class='ocrx_word' id='word_1_66' title='bbox 3645 1644 3751 1710; x_wconf 84' lang='lat' dir='ltr'><strong>per</strong></span> 
     </span>
    </p>

    <p class='ocr_par' dir='ltr' id='par_1_8' title="bbox 850 1719 3751 1910">
     <span class='ocr_line' id='line_1_10' title="bbox 932 1719 3751 1809; baseline -0 -22"><span class='ocrx_word' id='word_1_67' title='bbox 932 1721 1131 1788; x_wconf 88' lang='lat' dir='ltr'><strong>alium</strong></span> <span class='ocrx_word' id='word_1_68' title='bbox 1175 1722 1256 1787; x_wconf 90' lang='lat' dir='ltr'><strong>de</strong></span> <span class='ocrx_word' id='word_1_69' title='bbox 1313 1720 1842 1808; x_wconf 86' lang='lat' dir='ltr'><strong>responsionibus</strong></span> <span class='ocrx_word' id='word_1_70' title='bbox 1885 1721 2009 1787; x_wconf 91' lang='lat' dir='ltr'><strong>sibi</strong></span> <span class='ocrx_word' id='word_1_71' title='bbox 2062 1722 2474 1809; x_wconf 79' lang='lat' dir='ltr'><strong>assignandis</strong></span> <span class='ocrx_word' id='word_1_72' title='bbox 2519 1722 2877 1789; x_wconf 88' lang='lat' dir='ltr'><strong>certificare</strong></span> <span class='ocrx_word' id='word_1_73' title='bbox 2916 1722 3128 1788; x_wconf 90' lang='lat' dir='ltr'><strong>debet.</strong></span> <span class='ocrx_word' id='word_1_74' title='bbox 3205 1719 3391 1788; x_wconf 83' lang='lat' dir='ltr'><strong>Idem</strong></span> <span class='ocrx_word' id='word_1_75' title='bbox 3443 1722 3643 1786; x_wconf 87' lang='lat' dir='ltr'><strong>eciam</strong></span> <span class='ocrx_word' id='word_1_76' title='bbox 3681 1721 3751 1786; x_wconf 87' lang='lat' dir='ltr'><strong>de</strong></span> 
     </span>
     <span class='ocr_line' id='line_1_11' title="bbox 850 1820 3253 1910; baseline -0 -23"><span class='ocrx_word' id='word_1_77' title='bbox 850 1832 916 1887; x_wconf 91' lang='lat'><strong>10</strong></span> <span class='ocrx_word' id='word_1_78' title='bbox 931 1821 1462 1887; x_wconf 86' lang='lat' dir='ltr'><strong>vicecancellario</strong></span> <span class='ocrx_word' id='word_1_79' title='bbox 1510 1820 1834 1886; x_wconf 87' lang='lat' dir='ltr'><strong>facultatis</strong></span> <span class='ocrx_word' id='word_1_80' title='bbox 1878 1822 2127 1887; x_wconf 89' lang='lat' dir='ltr'><strong>arcium</strong></span> <span class='ocrx_word' id='word_1_81' title='bbox 2167 1822 2548 1909; x_wconf 84' lang='lat' dir='ltr'><strong>intelligitur</strong></span> <span class='ocrx_word' id='word_1_82' title='bbox 2591 1822 2710 1888; x_wconf 92' lang='lat' dir='ltr'><strong>sub</strong></span> <span class='ocrx_word' id='word_1_83' title='bbox 2754 1822 2982 1888; x_wconf 89' lang='lat' dir='ltr'><strong>eadem</strong></span> <span class='ocrx_word' id='word_1_84' title='bbox 3023 1844 3253 1910; x_wconf 88' lang='lat' dir='ltr'><strong>poena.</strong></span> 
     </span>
    </p>

    <p class='ocr_par' dir='ltr' id='par_1_9' title="bbox 919 1919 3754 2308">
     <span class='ocr_line' id='line_1_12' title="bbox 1092 1919 3750 2010; baseline -0 -23"><span class='ocrx_word' id='word_1_85' title='bbox 1092 1921 1255 1987; x_wconf 89' lang='lat' dir='ltr'><strong>Item</strong></span> <span class='ocrx_word' id='word_1_86' title='bbox 1296 1921 1578 1987; x_wconf 88' lang='lat' dir='ltr'><strong>decanus</strong></span> <span class='ocrx_word' id='word_1_87' title='bbox 1619 1919 1865 1986; x_wconf 91' lang='lat' dir='ltr'><strong>nullum</strong></span> <span class='ocrx_word' id='word_1_88' title='bbox 1905 1920 2104 1988; x_wconf 89' lang='lat' dir='ltr'><strong>debet</strong></span> <span class='ocrx_word' id='word_1_89' title='bbox 2140 1921 2497 1988; x_wconf 89' lang='lat' dir='ltr'><strong>inscribere</strong></span> <span class='ocrx_word' id='word_1_90' title='bbox 2539 1944 2660 2010; x_wconf 91' lang='lat' dir='ltr'><strong>pro</strong></span> <span class='ocrx_word' id='word_1_91' title='bbox 2696 1923 3015 2006; x_wconf 80' lang='lat' dir='ltr'><strong>examine,</strong></span> <span class='ocrx_word' id='word_1_92' title='bbox 3057 1923 3184 1987; x_wconf 89' lang='lat' dir='ltr'><strong>nisi</strong></span> <span class='ocrx_word' id='word_1_93' title='bbox 3225 1924 3410 2010; x_wconf 85' lang='lat' dir='ltr'><strong>prius</strong></span> <span class='ocrx_word' id='word_1_94' title='bbox 3436 1920 3564 1987; x_wconf 82' lang='lat' dir='ltr'><strong>tale</strong></span> <span class='ocrx_word' id='word_1_95' title='bbox 3605 1919 3750 1986; x_wconf 84' lang='lat' dir='ltr'><strong>fece·</strong></span> 
     </span>
     <span class='ocr_line' id='line_1_13' title="bbox 926 2018 3751 2110; baseline 0 -24"><span class='ocrx_word' id='word_1_96' title='bbox 926 2023 1013 2087; x_wconf 88' lang='lat' dir='ltr'><strong>rit</strong></span> <span class='ocrx_word' id='word_1_97' title='bbox 1051 2021 1498 2105; x_wconf 86' lang='lat' dir='ltr'><strong>iuramentum,</strong></span> <span class='ocrx_word' id='word_1_98' title='bbox 1554 2019 1830 2086; x_wconf 88' lang='lat' dir='ltr'><strong>scilicet:</strong></span> <span class='ocrx_word' id='word_1_99' title='bbox 1913 2018 2100 2108; x_wconf 87' lang='lat' dir='ltr'><strong>„Ego</strong></span> <span class='ocrx_word' id='word_1_100' title='bbox 2146 2022 2241 2088; x_wconf 81' lang='lat' dir='ltr'><strong>.N.</strong></span> <span class='ocrx_word' id='word_1_101' title='bbox 2282 2024 2448 2105; x_wconf 90' lang='lat' dir='ltr'><strong>iur0,</strong></span> <span class='ocrx_word' id='word_1_102' title='bbox 2508 2022 2681 2110; x_wconf 91' lang='lat' dir='ltr'><strong>quod</strong></span> <span class='ocrx_word' id='word_1_103' title='bbox 2721 2044 2930 2110; x_wconf 90' lang='lat' dir='ltr'><strong>neque</strong></span> <span class='ocrx_word' id='word_1_104' title='bbox 2972 2021 3136 2090; x_wconf 86' lang='lat' dir='ltr'><strong>etc.“</strong></span> <span class='ocrx_word' id='word_1_105' title='bbox 3189 2021 3494 2087; x_wconf 86' lang='lat' dir='ltr'><strong>videlicet</strong></span> <span class='ocrx_word' id='word_1_106' title='bbox 3533 2022 3602 2087; x_wconf 91' lang='lat' dir='ltr'><strong>in</strong></span> <span class='ocrx_word' id='word_1_107' title='bbox 3639 2030 3751 2086; x_wconf 83' lang='lat' dir='ltr'><strong>sta·</strong></span> 
     </span>
     <span class='ocr_line' id='line_1_14' title="bbox 921 2119 3754 2209; baseline -0.001 -23"><span class='ocrx_word' id='word_1_108' title='bbox 921 2123 1076 2187; x_wconf 87' lang='lat' dir='ltr'><strong>tutis</strong></span> <span class='ocrx_word' id='word_1_109' title='bbox 1136 2119 1739 2208; x_wconf 87' lang='lat' dir='ltr'><strong>promovendorum.</strong></span> <span class='ocrx_word' id='word_1_110' title='bbox 1815 2119 2042 2207; x_wconf 86' lang='lat' dir='ltr'><strong>Neque</strong></span> <span class='ocrx_word' id='word_1_111' title='bbox 2098 2120 2293 2187; x_wconf 91' lang='lat' dir='ltr'><strong>debet</strong></span> <span class='ocrx_word' id='word_1_112' title='bbox 2352 2119 2636 2187; x_wconf 88' lang='lat' dir='ltr'><strong>decanus</strong></span> <span class='ocrx_word' id='word_1_113' title='bbox 2694 2131 2809 2188; x_wconf 89' lang='lat' dir='ltr'><strong>aut</strong></span> <span class='ocrx_word' id='word_1_114' title='bbox 2865 2120 3099 2209; x_wconf 89' lang='lat' dir='ltr'><strong>aliquis</strong></span> <span class='ocrx_word' id='word_1_115' title='bbox 3158 2122 3676 2187; x_wconf 88' lang='lat' dir='ltr'><strong>examinatorum</strong></span> <span class='ocrx_word' id='word_1_116' title='bbox 3719 2142 3754 2184; x_wconf 87' lang='lat' dir='ltr'><strong>a</strong></span> 
     </span>
     <span class='ocr_line' id='line_1_15' title="bbox 919 2219 3752 2308; baseline -0 -23"><span class='ocrx_word' id='word_1_117' title='bbox 919 2219 1421 2286; x_wconf 88' lang='lat' dir='ltr'><strong>baccalariando</strong></span> <span class='ocrx_word' id='word_1_118' title='bbox 1461 2228 1756 2308; x_wconf 88' lang='lat' dir='ltr'><strong>tempore</strong></span> <span class='ocrx_word' id='word_1_119' title='bbox 1794 2220 2112 2285; x_wconf 82' lang='lat' dir='ltr'><strong>examinis</strong></span> <span class='ocrx_word' id='word_1_120' title='bbox 2150 2220 2325 2286; x_wconf 88' lang='lat' dir='ltr'><strong>ultra</strong></span> <span class='ocrx_word' id='word_1_121' title='bbox 2368 2220 2486 2286; x_wconf 86' lang='lat' dir='ltr'><strong>s&#39;ex</strong></span> <span class='ocrx_word' id='word_1_122' title='bbox 2528 2236 2629 2307; x_wconf 61' lang='lat'><strong>957</strong></span> <span class='ocrx_word' id='word_1_123' title='bbox 2673 2230 2738 2286; x_wconf 90' lang='lat' dir='ltr'><strong>et</strong></span> <span class='ocrx_word' id='word_1_124' title='bbox 2780 2243 2820 2286; x_wconf 90' lang='lat' dir='ltr'><strong>a</strong></span> <span class='ocrx_word' id='word_1_125' title='bbox 2861 2220 3306 2307; x_wconf 87' lang='lat' dir='ltr'><strong>magistrando</strong></span> <span class='ocrx_word' id='word_1_126' title='bbox 3344 2219 3517 2285; x_wconf 85' lang='lat' dir='ltr'><strong>ultra</strong></span> <span class='ocrx_word' id='word_1_127' title='bbox 3545 2219 3752 2285; x_wconf 88' lang='lat' dir='ltr'><strong>decem</strong></span> 
     </span>
    </p>

    <p class='ocr_par' dir='ltr' id='par_1_10' title="bbox 839 2318 3752 2587">
     <span class='ocr_line' id='line_1_16' title="bbox 839 2318 3752 2409; baseline -0 -24"><span class='ocrx_word' id='word_1_128' title='bbox 839 2329 903 2385; x_wconf 87' lang='lat'><strong>15</strong></span> <span class='ocrx_word' id='word_1_129' title='bbox 924 2342 1158 2407; x_wconf 87' lang='lat' dir='ltr'><strong>capere</strong></span> <span class='ocrx_word' id='word_1_130' title='bbox 1197 2341 1480 2407; x_wconf 86' lang='lat' dir='ltr'><strong>grossos,</strong></span> <span class='ocrx_word' id='word_1_131' title='bbox 1532 2318 1651 2385; x_wconf 92' lang='lat' dir='ltr'><strong>sub</strong></span> <span class='ocrx_word' id='word_1_132' title='bbox 1694 2341 1906 2407; x_wconf 89' lang='lat' dir='ltr'><strong>poena</strong></span> <span class='ocrx_word' id='word_1_133' title='bbox 1946 2318 2240 2409; x_wconf 88' lang='lat' dir='ltr'><strong>periurii,</strong></span> <span class='ocrx_word' id='word_1_134' title='bbox 2294 2321 2575 2409; x_wconf 89' lang='lat' dir='ltr'><strong>demptis</strong></span> <span class='ocrx_word' id='word_1_135' title='bbox 2615 2331 2835 2387; x_wconf 88' lang='lat' dir='ltr'><strong>tamen</strong></span> <span class='ocrx_word' id='word_1_136' title='bbox 2876 2321 3192 2409; x_wconf 89' lang='lat' dir='ltr'><strong>pecuniis,</strong></span> <span class='ocrx_word' id='word_1_137' title='bbox 3247 2343 3411 2408; x_wconf 89' lang='lat' dir='ltr'><strong>quas</strong></span> <span class='ocrx_word' id='word_1_138' title='bbox 3452 2341 3572 2407; x_wconf 90' lang='lat' dir='ltr'><strong>pro</strong></span> <span class='ocrx_word' id='word_1_139' title='bbox 3610 2319 3752 2385; x_wconf 86' lang='lat' dir='ltr'><strong>locis</strong></span> 
     </span>
     <span class='ocr_line' id='line_1_17' title="bbox 917 2417 3749 2506; baseline -0 -21"><span class='ocrx_word' id='word_1_140' title='bbox 917 2418 1076 2485; x_wconf 87' lang='lat' dir='ltr'><strong>dare</strong></span> <span class='ocrx_word' id='word_1_141' title='bbox 1125 2427 1437 2486; x_wconf 84' lang='lat' dir='ltr'><strong>tenentur.</strong></span> <span class='ocrx_word' id='word_1_142' title='bbox 1516 2418 1607 2485; x_wconf 86' lang='lat' dir='ltr'><strong>Et</strong></span> <span class='ocrx_word' id='word_1_143' title='bbox 1646 2417 2135 2486; x_wconf 87' lang='lat' dir='ltr'><strong>baccalariandi</strong></span> <span class='ocrx_word' id='word_1_144' title='bbox 2189 2419 2428 2487; x_wconf 91' lang='lat' dir='ltr'><strong>debent</strong></span> <span class='ocrx_word' id='word_1_145' title='bbox 2480 2419 2750 2486; x_wconf 87' lang='lat' dir='ltr'><strong>inscribi</strong></span> <span class='ocrx_word' id='word_1_146' title='bbox 2809 2418 3158 2486; x_wconf 87' lang='lat' dir='ltr'><strong>secundum</strong></span> <span class='ocrx_word' id='word_1_147' title='bbox 3202 2419 3516 2503; x_wconf 88' lang='lat' dir='ltr'><strong>ordinem,</strong></span> <span class='ocrx_word' id='word_1_148' title='bbox 3578 2440 3749 2506; x_wconf 85' lang='lat' dir='ltr'><strong>quem</strong></span> 
     </span>
     <span class='ocr_line' id='line_1_18' title="bbox 914 2517 2146 2587; baseline 0 -2"><span class='ocrx_word' id='word_1_149' title='bbox 914 2517 1156 2585; x_wconf 88' lang='lat' dir='ltr'><strong>habent</strong></span> <span class='ocrx_word' id='word_1_150' title='bbox 1196 2521 1268 2585; x_wconf 90' lang='lat' dir='ltr'><strong>in</strong></span> <span class='ocrx_word' id='word_1_151' title='bbox 1302 2518 1644 2586; x_wconf 87' lang='lat' dir='ltr'><strong>matricula</strong></span> <span class='ocrx_word' id='word_1_152' title='bbox 1680 2520 2146 2587; x_wconf 78' lang='lat' dir='ltr'><strong>universitatiS.</strong></span> 
     </span>
    </p>
   </div>
   <div class='ocr_carea' id='block_1_7' title="bbox 1693 2694 2996 2789">
    <p class='ocr_par' dir='ltr' id='par_1_11' title="bbox 1693 2694 2996 2789">
     <span class='ocr_line' id='line_1_19' title="bbox 1693 2694 2996 2789; baseline -0.001 -34"><span class='ocrx_word' id='word_1_153' title='bbox 1693 2694 1786 2755; x_wconf 89' lang='lat'><strong>15.</strong></span> <span class='ocrx_word' id='word_1_154' title='bbox 1828 2705 1925 2753; x_wconf 74' lang='lat' dir='ltr'><strong>nn</strong></span> <span class='ocrx_word' id='word_1_155' title='bbox 1967 2703 2196 2754; x_wconf 75' lang='lat' dir='ltr'><strong>umus</strong></span> <span class='ocrx_word' id='word_1_156' title='bbox 2238 2704 2672 2789; x_wconf 52' lang='lat' dir='ltr'><strong>neumam-m</strong></span> <span class='ocrx_word' id='word_1_157' title='bbox 2714 2705 2996 2756; x_wconf 65' lang='lat' dir='ltr'><strong>aucmu.</strong></span> 
     </span>
    </p>
   </div>
   <div class='ocr_carea' id='block_1_8' title="bbox 821 2814 3740 4308">
    <p class='ocr_par' dir='ltr' id='par_1_12' title="bbox 821 2814 3740 4308">
     <span class='ocr_line' id='line_1_20' title="bbox 1077 2814 3740 2911; baseline -0.001 -26"><span class='ocrx_word' id='word_1_158' title='bbox 1077 2818 1352 2906; x_wconf 85' lang='lat' dir='ltr'><strong>Placuit,</strong></span> <span class='ocrx_word' id='word_1_159' title='bbox 1404 2828 1478 2887; x_wconf 91' lang='lat' dir='ltr'><strong>ut</strong></span> <span class='ocrx_word' id='word_1_160' title='bbox 1518 2818 1802 2887; x_wconf 88' lang='lat' dir='ltr'><strong>decanus</strong></span> <span class='ocrx_word' id='word_1_161' title='bbox 1844 2843 1964 2908; x_wconf 90' lang='lat' dir='ltr'><strong>pro</strong></span> <span class='ocrx_word' id='word_1_162' title='bbox 2002 2814 2295 2908; x_wconf 81' lang='lat' dir='ltr'><strong>tempore</strong></span> <span class='ocrx_word' id='word_1_163' title='bbox 2339 2821 2628 2887; x_wconf 83' lang='lat' dir='ltr'><strong>existens</strong></span> <span class='ocrx_word' id='word_1_164' title='bbox 2672 2821 2792 2888; x_wconf 90' lang='lat' dir='ltr'><strong>sub</strong></span> <span class='ocrx_word' id='word_1_165' title='bbox 2834 2844 3048 2911; x_wconf 90' lang='lat' dir='ltr'><strong>poena</strong></span> <span class='ocrx_word' id='word_1_166' title='bbox 3104 2821 3328 2889; x_wconf 91' lang='lat' dir='ltr'><strong>decem</strong></span> <span class='ocrx_word' id='word_1_167' title='bbox 3379 2821 3740 2888; x_wconf 86' lang='lat' dir='ltr'><strong>florenorum</strong></span> 
     </span>
     <span class='ocr_line' id='line_1_21' title="bbox 829 2918 3738 3007; baseline -0.001 -22"><span class='ocrx_word' id='word_1_168' title='bbox 829 2927 898 2985; x_wconf 80' lang='lat'><strong>20</strong></span> <span class='ocrx_word' id='word_1_169' title='bbox 916 2919 1001 2985; x_wconf 90' lang='lat' dir='ltr'><strong>sit</strong></span> <span class='ocrx_word' id='word_1_170' title='bbox 1039 2921 1341 2986; x_wconf 88' lang='lat' dir='ltr'><strong>astrictus</strong></span> <span class='ocrx_word' id='word_1_171' title='bbox 1384 2918 1471 2985; x_wconf 91' lang='lat' dir='ltr'><strong>ad</strong></span> <span class='ocrx_word' id='word_1_172' title='bbox 1519 2921 2067 3007; x_wconf 89' lang='lat' dir='ltr'><strong>praesentandum</strong></span> <span class='ocrx_word' id='word_1_173' title='bbox 2108 2920 2372 2987; x_wconf 82' lang='lat' dir='ltr'><strong>realiter</strong></span> <span class='ocrx_word' id='word_1_174' title='bbox 2425 2931 2488 2987; x_wconf 92' lang='lat' dir='ltr'><strong>et</strong></span> <span class='ocrx_word' id='word_1_175' title='bbox 2530 2944 2674 2987; x_wconf 91' lang='lat' dir='ltr'><strong>cum</strong></span> <span class='ocrx_word' id='word_1_176' title='bbox 2718 2922 2949 2987; x_wconf 88' lang='lat' dir='ltr'><strong>effectu</strong></span> <span class='ocrx_word' id='word_1_177' title='bbox 2989 2944 3212 2989; x_wconf 89' lang='lat' dir='ltr'><strong>omnes</strong></span> <span class='ocrx_word' id='word_1_178' title='bbox 3253 2920 3460 2988; x_wconf 89' lang='lat' dir='ltr'><strong>libros</strong></span> <span class='ocrx_word' id='word_1_179' title='bbox 3500 2918 3738 2985; x_wconf 86' lang='lat' dir='ltr'><strong>faculta-</strong></span> 
     </span>
     <span class='ocr_line' id='line_1_22' title="bbox 911 3017 3738 3109; baseline -0.001 -24"><span class='ocrx_word' id='word_1_180' title='bbox 911 3021 1016 3104; x_wconf 76' lang='lat' dir='ltr'><strong>tis,</strong></span> <span class='ocrx_word' id='word_1_181' title='bbox 1072 3018 1197 3085; x_wconf 93' lang='lat' dir='ltr'><strong>sibi</strong></span> <span class='ocrx_word' id='word_1_182' title='bbox 1251 3028 1721 3106; x_wconf 82' lang='lat' dir='ltr'><strong>praesentatos,</strong></span> <span class='ocrx_word' id='word_1_183' title='bbox 1778 3043 1893 3086; x_wconf 91' lang='lat' dir='ltr'><strong>suo</strong></span> <span class='ocrx_word' id='word_1_184' title='bbox 1940 3022 2304 3086; x_wconf 89' lang='lat' dir='ltr'><strong>successori</strong></span> <span class='ocrx_word' id='word_1_185' title='bbox 2362 3043 2437 3087; x_wconf 90' lang='lat' dir='ltr'><strong>eo</strong></span> <span class='ocrx_word' id='word_1_186' title='bbox 2489 3029 2801 3108; x_wconf 87' lang='lat' dir='ltr'><strong>tempore,</strong></span> <span class='ocrx_word' id='word_1_187' title='bbox 2861 3043 2989 3109; x_wconf 91' lang='lat' dir='ltr'><strong>quo</strong></span> <span class='ocrx_word' id='word_1_188' title='bbox 3049 3022 3275 3091; x_wconf 87' lang='lat' dir='ltr'><strong>fecerit</strong></span> <span class='ocrx_word' id='word_1_189' title='bbox 3325 3022 3634 3087; x_wconf 85' lang='lat' dir='ltr'><strong>rationem</strong></span> <span class='ocrx_word' id='word_1_190' title='bbox 3671 3017 3738 3082; x_wconf 82' lang='lat' dir='ltr'><strong>de</strong></span> 
     </span>
     <span class='ocr_line' id='line_1_23' title="bbox 913 3118 3736 3209; baseline -0 -24"><span class='ocrx_word' id='word_1_191' title='bbox 913 3119 1060 3185; x_wconf 87' lang='lat' dir='ltr'><strong>aliis</strong></span> <span class='ocrx_word' id='word_1_192' title='bbox 1101 3120 1425 3209; x_wconf 88' lang='lat' dir='ltr'><strong>perceptis</strong></span> <span class='ocrx_word' id='word_1_193' title='bbox 1468 3141 1552 3185; x_wconf 91' lang='lat' dir='ltr'><strong>ex</strong></span> <span class='ocrx_word' id='word_1_194' title='bbox 1597 3128 1786 3207; x_wconf 89' lang='lat' dir='ltr'><strong>parte</strong></span> <span class='ocrx_word' id='word_1_195' title='bbox 1829 3119 2175 3185; x_wconf 85' lang='lat' dir='ltr'><strong>facultatis.</strong></span> <span class='ocrx_word' id='word_1_196' title='bbox 2255 3118 2474 3185; x_wconf 88' lang='lat' dir='ltr'><strong>Etiam</strong></span> <span class='ocrx_word' id='word_1_197' title='bbox 2532 3118 2706 3186; x_wconf 89' lang='lat' dir='ltr'><strong>idem</strong></span> <span class='ocrx_word' id='word_1_198' title='bbox 2762 3119 3046 3189; x_wconf 88' lang='lat' dir='ltr'><strong>decanus</strong></span> <span class='ocrx_word' id='word_1_199' title='bbox 3102 3121 3224 3189; x_wconf 93' lang='lat' dir='ltr'><strong>sub</strong></span> <span class='ocrx_word' id='word_1_200' title='bbox 3267 3120 3501 3187; x_wconf 90' lang='lat' dir='ltr'><strong>eadem</strong></span> <span class='ocrx_word' id='word_1_201' title='bbox 3554 3139 3736 3207; x_wconf 80' lang='lat' dir='ltr'><strong>poena</strong></span> 
     </span>
     <span class='ocr_line' id='line_1_24' title="bbox 909 3218 3734 3307; baseline -0.001 -22"><span class='ocrx_word' id='word_1_202' title='bbox 909 3219 1069 3286; x_wconf 91' lang='lat' dir='ltr'><strong>nulli</strong></span> <span class='ocrx_word' id='word_1_203' title='bbox 1121 3219 1566 3287; x_wconf 90' lang='lat' dir='ltr'><strong>accommodet</strong></span> <span class='ocrx_word' id='word_1_204' title='bbox 1606 3218 1885 3307; x_wconf 85' lang='lat' dir='ltr'><strong>aliquem</strong></span> <span class='ocrx_word' id='word_1_205' title='bbox 1944 3218 2184 3285; x_wconf 89' lang='lat' dir='ltr'><strong>librum</strong></span> <span class='ocrx_word' id='word_1_206' title='bbox 2241 3219 2571 3286; x_wconf 85' lang='lat' dir='ltr'><strong>facultatis</strong></span> <span class='ocrx_word' id='word_1_207' title='bbox 2632 3230 2748 3286; x_wconf 90' lang='lat' dir='ltr'><strong>aut</strong></span> <span class='ocrx_word' id='word_1_208' title='bbox 2793 3219 3017 3306; x_wconf 86' lang='lat' dir='ltr'><strong>libros,</strong></span> <span class='ocrx_word' id='word_1_209' title='bbox 3076 3223 3204 3288; x_wconf 90' lang='lat' dir='ltr'><strong>nisi</strong></span> <span class='ocrx_word' id='word_1_210' title='bbox 3259 3221 3412 3287; x_wconf 88' lang='lat' dir='ltr'><strong>talis</strong></span> <span class='ocrx_word' id='word_1_211' title='bbox 3466 3220 3734 3286; x_wconf 84' lang='lat' dir='ltr'><strong>restituat</strong></span> 
     </span>
     <span class='ocr_line' id='line_1_25' title="bbox 910 3315 3732 3411; baseline -0.001 -26"><span class='ocrx_word' id='word_1_212' title='bbox 910 3320 1042 3409; x_wconf 90' lang='lat' dir='ltr'><strong>ipsi</strong></span> <span class='ocrx_word' id='word_1_213' title='bbox 1082 3320 1329 3387; x_wconf 88' lang='lat' dir='ltr'><strong>decano</strong></span> <span class='ocrx_word' id='word_1_214' title='bbox 1372 3320 1911 3407; x_wconf 90' lang='lat' dir='ltr'><strong>recognicionem,</strong></span> <span class='ocrx_word' id='word_1_215' title='bbox 1948 3320 2017 3385; x_wconf 91' lang='lat' dir='ltr'><strong>in</strong></span> <span class='ocrx_word' id='word_1_216' title='bbox 2058 3341 2188 3408; x_wconf 89' lang='lat' dir='ltr'><strong>qua</strong></span> <span class='ocrx_word' id='word_1_217' title='bbox 2230 3318 2475 3407; x_wconf 90' lang='lat' dir='ltr'><strong>obliget</strong></span> <span class='ocrx_word' id='word_1_218' title='bbox 2517 3343 2589 3387; x_wconf 91' lang='lat' dir='ltr'><strong>se</strong></span> <span class='ocrx_word' id='word_1_219' title='bbox 2630 3321 2716 3387; x_wconf 87' lang='lat' dir='ltr'><strong>ad</strong></span> <span class='ocrx_word' id='word_1_220' title='bbox 2759 3317 3379 3411; x_wconf 88' lang='lat' dir='ltr'><strong>repraesentandum</strong></span> <span class='ocrx_word' id='word_1_221' title='bbox 3423 3322 3613 3386; x_wconf 88' lang='lat' dir='ltr'><strong>istum</strong></span> <span class='ocrx_word' id='word_1_222' title='bbox 3647 3315 3732 3383; x_wconf 84' lang='lat' dir='ltr'><strong>vel</strong></span> 
     </span>
     <span class='ocr_line' id='line_1_26' title="bbox 826 3417 3729 3507; baseline -0.002 -20"><span class='ocrx_word' id='word_1_223' title='bbox 826 3429 894 3486; x_wconf 83' lang='lat'><strong>25</strong></span> <span class='ocrx_word' id='word_1_224' title='bbox 912 3422 1072 3487; x_wconf 89' lang='lat' dir='ltr'><strong>istos</strong></span> <span class='ocrx_word' id='word_1_225' title='bbox 1126 3430 1275 3487; x_wconf 90' lang='lat' dir='ltr'><strong>ante</strong></span> <span class='ocrx_word' id='word_1_226' title='bbox 1334 3429 1703 3507; x_wconf 91' lang='lat' dir='ltr'><strong>computum</strong></span> <span class='ocrx_word' id='word_1_227' title='bbox 1756 3442 1959 3504; x_wconf 89' lang='lat' dir='ltr'><strong>suum,</strong></span> <span class='ocrx_word' id='word_1_228' title='bbox 2015 3441 2206 3507; x_wconf 90' lang='lat' dir='ltr'><strong>quem</strong></span> <span class='ocrx_word' id='word_1_229' title='bbox 2262 3428 2517 3486; x_wconf 78' lang='lat' dir='ltr'><strong>tenetur</strong></span> <span class='ocrx_word' id='word_1_230' title='bbox 2574 3421 2790 3487; x_wconf 87' lang='lat' dir='ltr'><strong>facere</strong></span> <span class='ocrx_word' id='word_1_231' title='bbox 2842 3443 3014 3487; x_wconf 92' lang='lat' dir='ltr'><strong>novo</strong></span> <span class='ocrx_word' id='word_1_232' title='bbox 3066 3419 3332 3504; x_wconf 90' lang='lat' dir='ltr'><strong>decan0,</strong></span> <span class='ocrx_word' id='word_1_233' title='bbox 3393 3419 3516 3486; x_wconf 90' lang='lat' dir='ltr'><strong>sub</strong></span> <span class='ocrx_word' id='word_1_234' title='bbox 3556 3417 3729 3506; x_wconf 88' lang='lat' dir='ltr'><strong>priori</strong></span> 
     </span>
     <span class='ocr_line' id='line_1_27' title="bbox 909 3517 3729 3610; baseline -0.001 -23"><span class='ocrx_word' id='word_1_235' title='bbox 909 3543 1142 3610; x_wconf 88' lang='lat' dir='ltr'><strong>poena,</strong></span> <span class='ocrx_word' id='word_1_236' title='bbox 1199 3520 1445 3591; x_wconf 86' lang='lat' dir='ltr'><strong>scilicet</strong></span> <span class='ocrx_word' id='word_1_237' title='bbox 1486 3517 1710 3585; x_wconf 88' lang='lat' dir='ltr'><strong>decem</strong></span> <span class='ocrx_word' id='word_1_238' title='bbox 1760 3519 2188 3604; x_wconf 82' lang='lat' dir='ltr'><strong>florenorum3</strong></span> <span class='ocrx_word' id='word_1_239' title='bbox 2245 3529 2358 3584; x_wconf 89' lang='lat' dir='ltr'><strong>aut</strong></span> <span class='ocrx_word' id='word_1_240' title='bbox 2401 3518 2699 3586; x_wconf 91' lang='lat' dir='ltr'><strong>adminus</strong></span> <span class='ocrx_word' id='word_1_241' title='bbox 2743 3519 3031 3587; x_wconf 90' lang='lat' dir='ltr'><strong>obtineat</strong></span> <span class='ocrx_word' id='word_1_242' title='bbox 3085 3519 3415 3586; x_wconf 87' lang='lat' dir='ltr'><strong>facultatis</strong></span> <span class='ocrx_word' id='word_1_243' title='bbox 3468 3518 3729 3585; x_wconf 85' lang='lat' dir='ltr'><strong>volunta·</strong></span> 
     </span>
     <span class='ocr_line' id='line_1_28' title="bbox 906 3617 3724 3708; baseline -0.002 -20"><span class='ocrx_word' id='word_1_244' title='bbox 906 3631 1054 3688; x_wconf 90' lang='lat' dir='ltr'><strong>tem.</strong></span> <span class='ocrx_word' id='word_1_245' title='bbox 1137 3620 1271 3687; x_wconf 87' lang='lat' dir='ltr'><strong>Suo</strong></span> <span class='ocrx_word' id='word_1_246' title='bbox 1331 3619 1522 3685; x_wconf 89' lang='lat' dir='ltr'><strong>modo</strong></span> <span class='ocrx_word' id='word_1_247' title='bbox 1580 3619 1785 3684; x_wconf 89' lang='lat' dir='ltr'><strong>eciam</strong></span> <span class='ocrx_word' id='word_1_248' title='bbox 1843 3617 2128 3684; x_wconf 88' lang='lat' dir='ltr'><strong>decanus</strong></span> <span class='ocrx_word' id='word_1_249' title='bbox 2186 3620 2410 3704; x_wconf 87' lang='lat' dir='ltr'><strong>faciet,</strong></span> <span class='ocrx_word' id='word_1_250' title='bbox 2473 3621 2530 3685; x_wconf 91' lang='lat' dir='ltr'><strong>si</strong></span> <span class='ocrx_word' id='word_1_251' title='bbox 2586 3643 2669 3684; x_wconf 87' lang='lat' dir='ltr'><strong>ex</strong></span> <span class='ocrx_word' id='word_1_252' title='bbox 2732 3629 2921 3708; x_wconf 87' lang='lat' dir='ltr'><strong>parte</strong></span> <span class='ocrx_word' id='word_1_253' title='bbox 2980 3621 3111 3704; x_wconf 84' lang='lat' dir='ltr'><strong>sui,</strong></span> <span class='ocrx_word' id='word_1_254' title='bbox 3171 3629 3243 3684; x_wconf 89' lang='lat' dir='ltr'><strong>ut</strong></span> <span class='ocrx_word' id='word_1_255' title='bbox 3295 3619 3724 3707; x_wconf 87' lang='lat' dir='ltr'><strong>praemittitur,</strong></span> 
     </span>
     <span class='ocr_line' id='line_1_29' title="bbox 912 3717 3723 3805; baseline -0.002 -17"><span class='ocrx_word' id='word_1_256' title='bbox 912 3722 1348 3788; x_wconf 87' lang='lat' dir='ltr'><strong>committatur</strong></span> <span class='ocrx_word' id='word_1_257' title='bbox 1389 3717 1694 3785; x_wconf 86' lang='lat' dir='ltr'><strong>defectus.</strong></span> <span class='ocrx_word' id='word_1_258' title='bbox 1749 3717 2037 3784; x_wconf 88' lang='lat' dir='ltr'><strong>Tenetur</strong></span> <span class='ocrx_word' id='word_1_259' title='bbox 2079 3727 2295 3783; x_wconf 90' lang='lat' dir='ltr'><strong>tamen</strong></span> <span class='ocrx_word' id='word_1_260' title='bbox 2339 3718 2623 3785; x_wconf 90' lang='lat' dir='ltr'><strong>decanus</strong></span> <span class='ocrx_word' id='word_1_261' title='bbox 2668 3742 2798 3785; x_wconf 89' lang='lat' dir='ltr'><strong>una</strong></span> <span class='ocrx_word' id='word_1_262' title='bbox 2837 3741 2983 3786; x_wconf 89' lang='lat' dir='ltr'><strong>cum</strong></span> <span class='ocrx_word' id='word_1_263' title='bbox 3023 3719 3371 3805; x_wconf 84' lang='lat' dir='ltr'><strong>clavigeris</strong></span> <span class='ocrx_word' id='word_1_264' title='bbox 3418 3717 3723 3784; x_wconf 84' lang='lat' dir='ltr'><strong>sollicitam</strong></span> 
     </span>
     <span class='ocr_line' id='line_1_30' title="bbox 907 3816 3722 3905; baseline -0.003 -17"><span class='ocrx_word' id='word_1_265' title='bbox 907 3820 1217 3888; x_wconf 87' lang='lat' dir='ltr'><strong>adhibere</strong></span> <span class='ocrx_word' id='word_1_266' title='bbox 1259 3818 1689 3905; x_wconf 86' lang='lat' dir='ltr'><strong>diligenciam,</strong></span> <span class='ocrx_word' id='word_1_267' title='bbox 1730 3825 1803 3883; x_wconf 89' lang='lat' dir='ltr'><strong>ut</strong></span> <span class='ocrx_word' id='word_1_268' title='bbox 1840 3816 1993 3884; x_wconf 87' lang='lat' dir='ltr'><strong>libri</strong></span> <span class='ocrx_word' id='word_1_269' title='bbox 2037 3817 2324 3884; x_wconf 85' lang='lat' dir='ltr'><strong>utiliores</strong></span> <span class='ocrx_word' id='word_1_270' title='bbox 2365 3841 2486 3904; x_wconf 89' lang='lat' dir='ltr'><strong>pro</strong></span> <span class='ocrx_word' id='word_1_271' title='bbox 2530 3818 2699 3884; x_wconf 92' lang='lat' dir='ltr'><strong>bono</strong></span> <span class='ocrx_word' id='word_1_272' title='bbox 2740 3817 3068 3884; x_wconf 89' lang='lat' dir='ltr'><strong>facultatis</strong></span> <span class='ocrx_word' id='word_1_273' title='bbox 3108 3827 3406 3885; x_wconf 87' lang='lat' dir='ltr'><strong>emantur</strong></span> <span class='ocrx_word' id='word_1_274' title='bbox 3446 3828 3512 3884; x_wconf 92' lang='lat' dir='ltr'><strong>et</strong></span> <span class='ocrx_word' id='word_1_275' title='bbox 3552 3816 3722 3904; x_wconf 89' lang='lat' dir='ltr'><strong>empti</strong></span> 
     </span>
     <span class='ocr_line' id='line_1_31' title="bbox 821 3913 3722 4007; baseline -0.002 -20"><span class='ocrx_word' id='word_1_276' title='bbox 821 3929 890 3987; x_wconf 84' lang='lat'><strong>30</strong></span> <span class='ocrx_word' id='word_1_277' title='bbox 909 3921 1125 3989; x_wconf 89' lang='lat' dir='ltr'><strong>debite</strong></span> <span class='ocrx_word' id='word_1_278' title='bbox 1166 3920 1609 3987; x_wconf 87' lang='lat' dir='ltr'><strong>custodiantur</strong></span> <span class='ocrx_word' id='word_1_279' title='bbox 1651 3927 1715 3983; x_wconf 92' lang='lat' dir='ltr'><strong>et</strong></span> <span class='ocrx_word' id='word_1_280' title='bbox 1755 3919 2183 4005; x_wconf 87' lang='lat' dir='ltr'><strong>registrentur</strong></span> <span class='ocrx_word' id='word_1_281' title='bbox 2216 3917 2302 3984; x_wconf 89' lang='lat' dir='ltr'><strong>ad</strong></span> <span class='ocrx_word' id='word_1_282' title='bbox 2342 3917 2580 3984; x_wconf 90' lang='lat' dir='ltr'><strong>librum</strong></span> <span class='ocrx_word' id='word_1_283' title='bbox 2622 3918 2964 4007; x_wconf 75' lang='lat' dir='ltr'><strong>papii-eum</strong></span> <span class='ocrx_word' id='word_1_284' title='bbox 3005 3918 3393 3984; x_wconf 84' lang='lat' dir='ltr'><strong>facultatis</strong></span> <span class='ocrx_word' id='word_1_285' title='bbox 3372 3942 3444 3983; x_wconf 89' lang='grc' dir='ltr'><strong>ιιι</strong></span> <span class='ocrx_word' id='word_1_286' title='bbox 3489 3913 3722 4005; x_wconf 85' lang='lat' dir='ltr'><strong>speciali</strong></span> 
     </span>
     <span class='ocr_line' id='line_1_32' title="bbox 824 4016 3720 4112; baseline -0.002 -23.821"><span class='ocrx_word' id='word_1_287' title='bbox 824 4022 1248 4110; x_wconf 57' lang='lat' dir='ltr'><strong>⁸‚.quinterno</strong></span> <span class='ocrx_word' id='word_1_288' title='bbox 1303 4042 1450 4086; x_wconf 91' lang='lat' dir='ltr'><strong>cum</strong></span> <span class='ocrx_word' id='word_1_289' title='bbox 1511 4016 2031 4084; x_wconf 89' lang='lat' dir='ltr'><strong>distinctionibus</strong></span> <span class='ocrx_word' id='word_1_290' title='bbox 2085 4016 2398 4083; x_wconf 91' lang='lat' dir='ltr'><strong>librorum</strong></span> <span class='ocrx_word' id='word_1_291' title='bbox 2454 4040 2574 4112; x_wconf 81' lang='lat' dir='ltr'><strong>pro</strong></span> <span class='ocrx_word' id='word_1_292' title='bbox 2627 4018 2857 4105; x_wconf 89' lang='lat' dir='ltr'><strong>gradu,</strong></span> <span class='ocrx_word' id='word_1_293' title='bbox 2914 4028 2978 4084; x_wconf 93' lang='lat' dir='ltr'><strong>et</strong></span> <span class='ocrx_word' id='word_1_294' title='bbox 3031 4018 3117 4084; x_wconf 88' lang='lat' dir='ltr'><strong>ad</strong></span> <span class='ocrx_word' id='word_1_295' title='bbox 3172 4017 3351 4084; x_wconf 90' lang='lat' dir='ltr'><strong>aliud</strong></span> <span class='ocrx_word' id='word_1_296' title='bbox 3406 4021 3720 4105; x_wconf 88' lang='lat' dir='ltr'><strong>registrum</strong></span> 
     </span>
     <span class='ocr_line' id='line_1_33' title="bbox 900 4115 3717 4209; baseline -0.002 -22"><span class='ocrx_word' id='word_1_297' title='bbox 900 4142 1399 4209; x_wconf 84' lang='lat' dir='ltr'><strong>pergameneum</strong></span> <span class='ocrx_word' id='word_1_298' title='bbox 1411 4169 1430 4204; x_wconf 88' lang='lat'><em>‚</em></span> <span class='ocrx_word' id='word_1_299' title='bbox 1475 4141 1596 4208; x_wconf 90' lang='lat' dir='ltr'><strong>pro</strong></span> <span class='ocrx_word' id='word_1_300' title='bbox 1639 4117 1948 4184; x_wconf 87' lang='lat' dir='ltr'><strong>liberaria</strong></span> <span class='ocrx_word' id='word_1_301' title='bbox 1990 4115 2389 4204; x_wconf 88' lang='lat' dir='ltr'><strong>deputatum,</strong></span> <span class='ocrx_word' id='word_1_302' title='bbox 2431 4141 2515 4183; x_wconf 90' lang='lat' dir='ltr'><strong>ne</strong></span> <span class='ocrx_word' id='word_1_303' title='bbox 2557 4141 2677 4207; x_wconf 89' lang='lat' dir='ltr'><strong>per</strong></span> <span class='ocrx_word' id='word_1_304' title='bbox 2717 4116 3269 4185; x_wconf 87' lang='lat' dir='ltr'><strong>inadvertenciam</strong></span> <span class='ocrx_word' id='word_1_305' title='bbox 3311 4128 3508 4206; x_wconf 89' lang='lat' dir='ltr'><strong>atque</strong></span> <span class='ocrx_word' id='word_1_306' title='bbox 3548 4115 3717 4204; x_wconf 88' lang='lat' dir='ltr'><strong>negli-</strong></span> 
     </span>
     <span class='ocr_line' id='line_1_34' title="bbox 902 4216 3130 4308; baseline -0.001 -21"><span class='ocrx_word' id='word_1_307' title='bbox 902 4221 1200 4308; x_wconf 89' lang='lat' dir='ltr'><strong>genciam</strong></span> <span class='ocrx_word' id='word_1_308' title='bbox 1242 4218 1443 4308; x_wconf 87' lang='lat' dir='ltr'><strong>aliqui</strong></span> <span class='ocrx_word' id='word_1_309' title='bbox 1483 4216 1637 4285; x_wconf 87' lang='lat' dir='ltr'><strong>libri</strong></span> <span class='ocrx_word' id='word_1_310' title='bbox 1675 4216 2115 4305; x_wconf 87' lang='lat' dir='ltr'><strong>deperdantur</strong></span> <span class='ocrx_word' id='word_1_311' title='bbox 2152 4216 2259 4284; x_wconf 90' lang='lat' dir='ltr'><strong>vel</strong></span> <span class='ocrx_word' id='word_1_312' title='bbox 2300 4217 2744 4288; x_wconf 82' lang='lat' dir='ltr'><strong>anichilentur.</strong></span> <span class='ocrx_word' id='word_1_313' title='bbox 3125 4231 3130 4240; x_wconf 80' lang='grc'><em>’</em></span> 
     </span>
    </p>
   </div>
   <div class='ocr_carea' id='block_1_9' title="bbox 1636 4377 3020 4471">
    <p class='ocr_par' dir='ltr' id='par_1_13' title="bbox 1636 4377 3020 4471">
     <span class='ocr_line' id='line_1_35' title="bbox 1636 4377 3020 4471; baseline 0.001 -3"><span class='ocrx_word' id='word_1_314' title='bbox 1636 4408 1728 4471; x_wconf 84' lang='grc'><strong>16.</strong></span> <span class='ocrx_word' id='word_1_315' title='bbox 1784 4418 1881 4470; x_wconf 73' lang='lat' dir='ltr'><strong>nn</strong></span> <span class='ocrx_word' id='word_1_316' title='bbox 1921 4416 2566 4469; x_wconf 61' lang='lat' dir='ltr'><strong>accofflonamorm</strong></span> <span class='ocrx_word' id='word_1_317' title='bbox 2609 4377 3020 4470; x_wconf 57' lang='grc' dir='ltr'><strong>ιιιιιιωιιιιιιι.2</strong></span> 
     </span>
    </p>
   </div>
   <div class='ocr_carea' id='block_1_10' title="bbox 818 4550 3713 4744">
    <p class='ocr_par' dir='ltr' id='par_1_14' title="bbox 818 4550 3713 4744">
     <span class='ocr_line' id='line_1_36' title="bbox 818 4550 3713 4645; baseline -0.002 -23"><span class='ocrx_word' id='word_1_318' title='bbox 818 4564 887 4622; x_wconf 82' lang='grc'><strong>35</strong></span> <span class='ocrx_word' id='word_1_319' title='bbox 1066 4556 1234 4621; x_wconf 90' lang='lat' dir='ltr'><strong>Item</strong></span> <span class='ocrx_word' id='word_1_320' title='bbox 1273 4553 1540 4645; x_wconf 86' lang='lat' dir='ltr'><strong>placuit,</strong></span> <span class='ocrx_word' id='word_1_321' title='bbox 1583 4551 1757 4638; x_wconf 90' lang='lat' dir='ltr'><strong>quod</strong></span> <span class='ocrx_word' id='word_1_322' title='bbox 1795 4550 2197 4641; x_wconf 87' lang='lat' dir='ltr'><strong>peramplius</strong></span> <span class='ocrx_word' id='word_1_323' title='bbox 2239 4551 2451 4619; x_wconf 90' lang='lat' dir='ltr'><strong>nullus</strong></span> <span class='ocrx_word' id='word_1_324' title='bbox 2488 4552 2655 4619; x_wconf 88' lang='lat' dir='ltr'><strong>liber</strong></span> <span class='ocrx_word' id='word_1_325' title='bbox 2693 4553 3020 4620; x_wconf 88' lang='lat' dir='ltr'><strong>facultatis</strong></span> <span class='ocrx_word' id='word_1_326' title='bbox 3059 4552 3256 4620; x_wconf 88' lang='lat' dir='ltr'><strong>alicui</strong></span> <span class='ocrx_word' id='word_1_327' title='bbox 3295 4571 3419 4639; x_wconf 90' lang='lat' dir='ltr'><strong>pro</strong></span> <span class='ocrx_word' id='word_1_328' title='bbox 3441 4573 3565 4616; x_wconf 88' lang='lat' dir='ltr'><strong>usu</strong></span> <span class='ocrx_word' id='word_1_329' title='bbox 3597 4571 3713 4637; x_wconf 87' lang='lat' dir='ltr'><strong>pro·</strong></span> 
     </span>
     <span class='ocr_line' id='line_1_37' title="bbox 901 4648 3713 4744; baseline -0.002 -22"><span class='ocrx_word' id='word_1_330' title='bbox 901 4657 1047 4744; x_wconf 87' lang='lat' dir='ltr'><strong>prio</strong></span> <span class='ocrx_word' id='word_1_331' title='bbox 1091 4665 1283 4722; x_wconf 83' lang='lat' dir='ltr'><strong>extra</strong></span> <span class='ocrx_word' id='word_1_332' title='bbox 1334 4654 1710 4720; x_wconf 84' lang='lat' dir='ltr'><strong>liberariam</strong></span> <span class='ocrx_word' id='word_1_333' title='bbox 1752 4651 1987 4719; x_wconf 87' lang='lat' dir='ltr'><strong>debeat</strong></span> <span class='ocrx_word' id='word_1_334' title='bbox 2041 4650 2474 4736; x_wconf 86' lang='lat' dir='ltr'><strong>accomodari,</strong></span> <span class='ocrx_word' id='word_1_335' title='bbox 2525 4650 2792 4719; x_wconf 86' lang='lat' dir='ltr'><strong>lecturis</strong></span> <span class='ocrx_word' id='word_1_336' title='bbox 2833 4651 3174 4719; x_wconf 88' lang='lat' dir='ltr'><strong>dumtaxat</strong></span> <span class='ocrx_word' id='word_1_337' title='bbox 3229 4659 3295 4718; x_wconf 89' lang='lat' dir='ltr'><strong>et</strong></span> <span class='ocrx_word' id='word_1_338' title='bbox 3349 4648 3713 4718; x_wconf 81' lang='lat' dir='ltr'><strong>textualibus</strong></span> 
     </span>
    </p>
   </div>
   <div class='ocr_carea' id='block_1_11' title="bbox 897 4750 3713 4944">
    <p class='ocr_par' dir='ltr' id='par_1_15' title="bbox 897 4750 3713 4944">
     <span class='ocr_line' id='line_1_38' title="bbox 897 4750 3713 4846; baseline -0.002 -25"><span class='ocrx_word' id='word_1_339' title='bbox 897 4755 1198 4846; x_wconf 84' lang='lat' dir='ltr'><strong>demptis,</strong></span> <span class='ocrx_word' id='word_1_340' title='bbox 1255 4777 1419 4844; x_wconf 86' lang='lat' dir='ltr'><strong>quas</strong></span> <span class='ocrx_word' id='word_1_341' title='bbox 1460 4753 1742 4819; x_wconf 87' lang='lat' dir='ltr'><strong>lecturas</strong></span> <span class='ocrx_word' id='word_1_342' title='bbox 1782 4761 1849 4818; x_wconf 91' lang='lat' dir='ltr'><strong>et</strong></span> <span class='ocrx_word' id='word_1_343' title='bbox 1888 4750 2206 4818; x_wconf 85' lang='lat' dir='ltr'><strong>textualia</strong></span> <span class='ocrx_word' id='word_1_344' title='bbox 2245 4750 2530 4824; x_wconf 84' lang='lat' dir='ltr'><strong>decanus</strong></span> <span class='ocrx_word' id='word_1_345' title='bbox 2572 4775 2693 4841; x_wconf 92' lang='lat' dir='ltr'><strong>pro</strong></span> <span class='ocrx_word' id='word_1_346' title='bbox 2735 4761 3026 4839; x_wconf 88' lang='lat' dir='ltr'><strong>tempore</strong></span> <span class='ocrx_word' id='word_1_347' title='bbox 3067 4753 3357 4818; x_wconf 87' lang='lat' dir='ltr'><strong>existens</strong></span> <span class='ocrx_word' id='word_1_348' title='bbox 3397 4750 3713 4837; x_wconf 76' lang='lat' dir='ltr'><strong>magistris,</strong></span> 
     </span>
     <span class='ocr_line' id='line_1_39' title="bbox 897 4849 3713 4944; baseline -0.003 -22"><span class='ocrx_word' id='word_1_349' title='bbox 897 4865 1166 4944; x_wconf 87' lang='lat' dir='ltr'><strong>recepta</strong></span> <span class='ocrx_word' id='word_1_350' title='bbox 1204 4855 1290 4921; x_wconf 87' lang='lat' dir='ltr'><strong>ab</strong></span> <span class='ocrx_word' id='word_1_351' title='bbox 1332 4856 1428 4921; x_wconf 89' lang='lat' dir='ltr'><strong>eis</strong></span> <span class='ocrx_word' id='word_1_352' title='bbox 1467 4852 1943 4941; x_wconf 84' lang='lat' dir='ltr'><strong>recognicione,</strong></span> <span class='ocrx_word' id='word_1_353' title='bbox 1996 4850 2425 4919; x_wconf 85' lang='lat' dir='ltr'><strong>accomodare</strong></span> <span class='ocrx_word' id='word_1_354' title='bbox 2465 4855 2719 4939; x_wconf 86' lang='lat' dir='ltr'><strong>poterit.</strong></span> <span class='ocrx_word' id='word_1_355' title='bbox 2803 4852 2911 4918; x_wconf 90' lang='lat' dir='ltr'><strong>De</strong></span> <span class='ocrx_word' id='word_1_356' title='bbox 2950 4874 3080 4939; x_wconf 83' lang='lat' dir='ltr'><strong>qua</strong></span> <span class='ocrx_word' id='word_1_357' title='bbox 3120 4850 3432 4919; x_wconf 85' lang='lat' dir='ltr'><strong>liberaria</strong></span> <span class='ocrx_word' id='word_1_358' title='bbox 3474 4849 3713 4916; x_wconf 77' lang='lat' dir='ltr'><strong>facultas</strong></span> 
     </span>
    </p>
   </div>
   <div class='ocr_carea' id='block_1_12' title="bbox 899 4950 3710 5041">
    <p class='ocr_par' dir='ltr' id='par_1_16' title="bbox 899 4950 3710 5041">
     <span class='ocr_line' id='line_1_40' title="bbox 899 4950 3710 5041; baseline -0.001 -20"><span class='ocrx_word' id='word_1_359' title='bbox 899 4957 1148 5022; x_wconf 88' lang='lat' dir='ltr'><strong>arcium</strong></span> <span class='ocrx_word' id='word_1_360' title='bbox 1183 4965 1436 5023; x_wconf 89' lang='lat' dir='ltr'><strong>tenetur</strong></span> <span class='ocrx_word' id='word_1_361' title='bbox 1477 4953 1812 5041; x_wconf 89' lang='lat' dir='ltr'><strong>magistris</strong></span> <span class='ocrx_word' id='word_1_362' title='bbox 1852 4950 2110 5039; x_wconf 88' lang='lat' dir='ltr'><strong>collegii</strong></span> <span class='ocrx_word' id='word_1_363' title='bbox 2161 4951 2433 5018; x_wconf 89' lang='lat' dir='ltr'><strong>maioris</strong></span> <span class='ocrx_word' id='word_1_364' title='bbox 2476 4950 2761 5039; x_wconf 91' lang='lat' dir='ltr'><strong>quolibet</strong></span> <span class='ocrx_word' id='word_1_365' title='bbox 2800 4951 3015 5020; x_wconf 85' lang='lat' dir='ltr'><strong>medio</strong></span> <span class='ocrx_word' id='word_1_366' title='bbox 3057 4974 3230 5022; x_wconf 85' lang='lat' dir='ltr'><strong>anno</strong></span> <span class='ocrx_word' id='word_1_367' title='bbox 3271 4950 3439 5020; x_wconf 77' lang='lat' dir='ltr'><strong>duas</strong></span> <span class='ocrx_word' id='word_1_368' title='bbox 3479 4970 3710 5037; x_wconf 81' lang='lat' dir='ltr'><strong>sexage-</strong></span> 
     </span>
    </p>
   </div>
   <div class='ocr_carea' id='block_1_13' title="bbox 1056 5214 2922 5376">
    <p class='ocr_par' dir='ltr' id='par_1_17' title="bbox 1056 5214 2922 5376">
     <span class='ocr_line' id='line_1_41' title="bbox 1057 5214 2922 5289; baseline -0.005 -9"><span class='ocrx_word' id='word_1_369' title='bbox 1057 5228 1079 5280; x_wconf 89' lang='lat'><strong>1</strong></span> <span class='ocrx_word' id='word_1_370' title='bbox 1116 5223 1228 5280; x_wconf 87' lang='lat' dir='ltr'><strong>Die</strong></span> <span class='ocrx_word' id='word_1_371' title='bbox 1261 5219 1646 5282; x_wconf 78' lang='lat' dir='ltr'><strong>Ueberschrift</strong></span> <span class='ocrx_word' id='word_1_372' title='bbox 1682 5218 1824 5277; x_wconf 80' lang='lat' dir='ltr'><strong>fehlt</strong></span> <span class='ocrx_word' id='word_1_373' title='bbox 1861 5217 1975 5276; x_wconf 85' lang='lat' dir='ltr'><strong>und</strong></span> <span class='ocrx_word' id='word_1_374' title='bbox 2008 5216 2085 5274; x_wconf 75' lang='lat' dir='ltr'><strong>ist</strong></span> <span class='ocrx_word' id='word_1_375' title='bbox 2117 5215 2266 5276; x_wconf 81' lang='lat' dir='ltr'><strong>auch</strong></span> <span class='ocrx_word' id='word_1_376' title='bbox 2298 5214 2459 5276; x_wconf 82' lang='lat' dir='ltr'><strong>nicht</strong></span> <span class='ocrx_word' id='word_1_377' title='bbox 2492 5215 2922 5289; x_wconf 79' lang='lat' dir='ltr'><strong>nachgetragen.</strong></span> 
     </span>
     <span class='ocr_line' id='line_1_42' title="bbox 1056 5301 2454 5376; baseline -0.005 -12"><span class='ocrx_word' id='word_1_378' title='bbox 1056 5312 1089 5364; x_wconf 84' lang='lat'><strong>2</strong></span> <span class='ocrx_word' id='word_1_379' title='bbox 1123 5306 1290 5365; x_wconf 88' lang='lat' dir='ltr'><strong>Auch</strong></span> <span class='ocrx_word' id='word_1_380' title='bbox 1322 5308 1473 5365; x_wconf 83' lang='lat' dir='ltr'><strong>diese</strong></span> <span class='ocrx_word' id='word_1_381' title='bbox 1505 5305 1723 5363; x_wconf 81' lang='lat' dir='ltr'><strong>Rubrik</strong></span> <span class='ocrx_word' id='word_1_382' title='bbox 1753 5303 1829 5360; x_wconf 83' lang='lat' dir='ltr'><strong>ist</strong></span> <span class='ocrx_word' id='word_1_383' title='bbox 1860 5305 2047 5375; x_wconf 69' lang='lat' dir='ltr'><strong>epater</strong></span> <span class='ocrx_word' id='word_1_384' title='bbox 2079 5301 2454 5376; x_wconf 82' lang='lat' dir='ltr'><strong>eingetragen.</strong></span> 
     </span>
    </p>
   </div>
   <div class='ocr_carea' id='block_1_14' title="bbox 3917 5497 3926 6004">
    <p class='ocr_par' dir='ltr' id='par_1_18' title="bbox 3917 5497 3926 6004">
     <span class='ocr_line' id='line_1_43' title="bbox 3917 5497 3926 6004; baseline 0 0"><span class='ocrx_word' id='word_1_385' title='bbox 3917 5497 3926 6004; x_wconf 95' lang='lat' dir='ltr'><strong> </strong></span> 
     </span>
    </p>
   </div>
  </div>
 </body>
</html>
