<?xml version="1.0" encoding="UTF-8"?>
<!DOCTYPE html PUBLIC "-//W3C//DTD XHTML 1.0 Transitional//EN"
    "http://www.w3.org/TR/xhtml1/DTD/xhtml1-transitional.dtd">
<html xmlns="http://www.w3.org/1999/xhtml" xml:lang="en" lang="en">
 <head>
  <title>
</title>
<meta http-equiv="Content-Type" content="text/html;charset=utf-8" />
  <meta name='ocr-system' content='tesseract 3.04.00' />
  <meta name='ocr-capabilities' content='ocr_page ocr_carea ocr_par ocr_line ocrx_word'/>
</head>
<body>
  <div class='ocr_page' id='page_1' title='image "./diestatutenbche02leipgoog_0388.png"; bbox 0 0 4038 6358; ppageno 0'>
   <div class='ocr_carea' id='block_1_1' title="bbox 835 641 2702 706">
    <p class='ocr_par' dir='ltr' id='par_1_1' title="bbox 835 641 2702 706">
     <span class='ocr_line' id='line_1_1' title="bbox 835 641 2702 706; baseline -0.006 -1"><span class='ocrx_word' id='word_1_1' title='bbox 835 641 957 706; x_wconf 80' lang='grc'><strong>372</strong></span> <span class='ocrx_word' id='word_1_2' title='bbox 1831 641 1934 691; x_wconf 88' lang='lat' dir='ltr'><strong>Die</strong></span> <span class='ocrx_word' id='word_1_3' title='bbox 1970 641 2411 706; x_wconf 77' lang='lat' dir='ltr'><strong>philosophische</strong></span> <span class='ocrx_word' id='word_1_4' title='bbox 2445 641 2702 693; x_wconf 62' lang='lat' dir='ltr'><strong>Faculffit.</strong></span> 
     </span>
    </p>
   </div>
   <div class='ocr_carea' id='block_1_2' title="bbox 980 822 3468 890">
    <p class='ocr_par' dir='ltr' id='par_1_2' title="bbox 980 822 3468 890">
     <span class='ocr_line' id='line_1_2' title="bbox 980 822 3468 890; baseline 0.001 -15"><span class='ocrx_word' id='word_1_5' title='bbox 980 822 1254 875; x_wconf 76' lang='lat' dir='ltr'><strong>Secundus</strong></span> <span class='ocrx_word' id='word_1_6' title='bbox 1286 825 1478 876; x_wconf 84' lang='lat' dir='ltr'><strong>modus</strong></span> <span class='ocrx_word' id='word_1_7' title='bbox 1513 825 1580 874; x_wconf 84' lang='lat' dir='ltr'><strong>de</strong></span> <span class='ocrx_word' id='word_1_8' title='bbox 1615 824 1898 877; x_wconf 75' lang='lat' dir='ltr'>oblacione</span> <span class='ocrx_word' id='word_1_9' title='bbox 1935 825 2219 890; x_wconf 84' lang='lat' dir='ltr'><strong>peccuniae</strong></span> <span class='ocrx_word' id='word_1_10' title='bbox 2251 831 2467 876; x_wconf 73' lang='lat' dir='ltr'><strong>taxatae</strong></span> <span class='ocrx_word' id='word_1_11' title='bbox 2504 832 2555 875; x_wconf 84' lang='lat' dir='ltr'><strong>et</strong></span> <span class='ocrx_word' id='word_1_12' title='bbox 2588 824 2787 889; x_wconf 83' lang='lat' dir='ltr'><strong>absque</strong></span> <span class='ocrx_word' id='word_1_13' title='bbox 2822 826 3129 878; x_wconf 81' lang='lat' dir='ltr'><strong>differencia</strong></span> <span class='ocrx_word' id='word_1_14' title='bbox 3166 825 3468 878; x_wconf 72' lang='lat' dir='ltr'><strong>nacionum.</strong></span> 
     </span>
    </p>
   </div>
   <div class='ocr_carea' id='block_1_3' title="bbox 749 936 3674 2122">
    <p class='ocr_par' dir='ltr' id='par_1_3' title="bbox 834 936 3671 1226">
     <span class='ocr_line' id='line_1_3' title="bbox 1003 936 3670 1027; baseline 0.001 -22"><span class='ocrx_word' id='word_1_15' title='bbox 1003 937 1295 1020; x_wconf 81' lang='lat' dir='ltr'><strong>Quilibet</strong></span> <span class='ocrx_word' id='word_1_16' title='bbox 1357 937 1838 1026; x_wconf 89' lang='lat' dir='ltr'><strong>promovendus</strong></span> <span class='ocrx_word' id='word_1_17' title='bbox 1913 941 1981 1004; x_wconf 90' lang='lat' dir='ltr'><strong>in</strong></span> <span class='ocrx_word' id='word_1_18' title='bbox 2037 939 2285 1005; x_wconf 90' lang='lat' dir='ltr'><strong>artibus</strong></span> <span class='ocrx_word' id='word_1_19' title='bbox 2359 936 2547 1005; x_wconf 90' lang='lat' dir='ltr'><strong>dabit</strong></span> <span class='ocrx_word' id='word_1_20' title='bbox 2617 961 2732 1005; x_wconf 91' lang='lat' dir='ltr'><strong>suo</strong></span> <span class='ocrx_word' id='word_1_21' title='bbox 2798 940 3154 1026; x_wconf 82' lang='lat' dir='ltr'><strong>promotori</strong></span> <span class='ocrx_word' id='word_1_22' title='bbox 3166 989 3185 1024; x_wconf 92' lang='lat'><strong>,</strong></span> <span class='ocrx_word' id='word_1_23' title='bbox 3244 961 3670 1027; x_wconf 78' lang='lat' dir='ltr'><strong>quemcunque</strong></span> 
     </span>
     <span class='ocr_line' id='line_1_4' title="bbox 834 1036 3671 1128; baseline 0.001 -26"><span class='ocrx_word' id='word_1_24' title='bbox 834 1037 1101 1125; x_wconf 87' lang='lat' dir='ltr'><strong>elegerit</strong></span> <span class='ocrx_word' id='word_1_25' title='bbox 1158 1038 1239 1105; x_wconf 90' lang='lat' dir='ltr'><strong>de</strong></span> <span class='ocrx_word' id='word_1_26' title='bbox 1294 1061 1673 1128; x_wconf 88' lang='lat' dir='ltr'><strong>quacunque</strong></span> <span class='ocrx_word' id='word_1_27' title='bbox 1732 1040 2002 1106; x_wconf 83' lang='lat' dir='ltr'><strong>nacione</strong></span> <span class='ocrx_word' id='word_1_28' title='bbox 2016 1087 2037 1122; x_wconf 88' lang='lat'><strong>,</strong></span> <span class='ocrx_word' id='word_1_29' title='bbox 2089 1039 2158 1104; x_wconf 91' lang='lat' dir='ltr'><strong>in</strong></span> <span class='ocrx_word' id='word_1_30' title='bbox 2212 1036 2656 1105; x_wconf 87' lang='lat' dir='ltr'><strong>baccalariatu</strong></span> <span class='ocrx_word' id='word_1_31' title='bbox 2706 1036 2866 1104; x_wconf 87' lang='lat' dir='ltr'><strong>duos</strong></span> <span class='ocrx_word' id='word_1_32' title='bbox 2921 1039 3202 1106; x_wconf 89' lang='lat' dir='ltr'><strong>florenos</strong></span> <span class='ocrx_word' id='word_1_33' title='bbox 3259 1062 3561 1106; x_wconf 85' lang='lat' dir='ltr'><strong>renenses</strong></span> <span class='ocrx_word' id='word_1_34' title='bbox 3609 1042 3671 1106; x_wconf 89' lang='lat' dir='ltr'><strong>in</strong></span> 
     </span>
     <span class='ocr_line' id='line_1_5' title="bbox 835 1137 3671 1226; baseline 0.001 -23"><span class='ocrx_word' id='word_1_35' title='bbox 835 1160 992 1204; x_wconf 89' lang='lat' dir='ltr'><strong>auro</strong></span> <span class='ocrx_word' id='word_1_36' title='bbox 1008 1187 1027 1221; x_wconf 89' lang='lat'><em>‚</em></span> <span class='ocrx_word' id='word_1_37' title='bbox 1082 1139 1153 1204; x_wconf 91' lang='lat' dir='ltr'><strong>in</strong></span> <span class='ocrx_word' id='word_1_38' title='bbox 1208 1139 1584 1226; x_wconf 88' lang='lat' dir='ltr'><strong>magisterio</strong></span> <span class='ocrx_word' id='word_1_39' title='bbox 1640 1148 1773 1205; x_wconf 84' lang='lat' dir='ltr'><strong>tres</strong></span> <span class='ocrx_word' id='word_1_40' title='bbox 1832 1137 1919 1204; x_wconf 91' lang='lat' dir='ltr'><strong>ad</strong></span> <span class='ocrx_word' id='word_1_41' title='bbox 1978 1137 2373 1204; x_wconf 80' lang='lat' dir='ltr'>cathedram.</span> <span class='ocrx_word' id='word_1_42' title='bbox 2460 1138 2752 1219; x_wconf 82' lang='lat' dir='ltr'><strong>Quorum</strong></span> <span class='ocrx_word' id='word_1_43' title='bbox 2807 1138 3202 1206; x_wconf 91' lang='lat' dir='ltr'><strong>florenorum</strong></span> <span class='ocrx_word' id='word_1_44' title='bbox 3244 1139 3416 1205; x_wconf 88' lang='lat' dir='ltr'><strong>duae</strong></span> <span class='ocrx_word' id='word_1_45' title='bbox 3465 1149 3671 1226; x_wconf 84' lang='lat' dir='ltr'><strong>partes</strong></span> 
     </span>
    </p>

    <p class='ocr_par' dir='ltr' id='par_1_4' title="bbox 749 1236 3674 1723">
     <span class='ocr_line' id='line_1_6' title="bbox 749 1236 3673 1327; baseline 0.001 -26"><span class='ocrx_word' id='word_1_46' title='bbox 749 1243 784 1301; x_wconf 79' lang='lat'><strong>5</strong></span> <span class='ocrx_word' id='word_1_47' title='bbox 840 1238 1009 1302; x_wconf 89' lang='lat' dir='ltr'><strong>inter</strong></span> <span class='ocrx_word' id='word_1_48' title='bbox 1062 1239 1410 1324; x_wconf 90' lang='lat' dir='ltr'><strong>magistros</strong></span> <span class='ocrx_word' id='word_1_49' title='bbox 1476 1236 1557 1302; x_wconf 91' lang='lat' dir='ltr'><strong>de</strong></span> <span class='ocrx_word' id='word_1_50' title='bbox 1613 1237 1885 1304; x_wconf 87' lang='lat' dir='ltr'><strong>concilio</strong></span> <span class='ocrx_word' id='word_1_51' title='bbox 1946 1237 2273 1303; x_wconf 81' lang='lat' dir='ltr'><strong>facultatis</strong></span> <span class='ocrx_word' id='word_1_52' title='bbox 2331 1237 2688 1326; x_wconf 89' lang='lat' dir='ltr'><strong>aequaliter</strong></span> <span class='ocrx_word' id='word_1_53' title='bbox 2750 1237 3156 1322; x_wconf 88' lang='lat' dir='ltr'><strong>dividantur,</strong></span> <span class='ocrx_word' id='word_1_54' title='bbox 3224 1240 3430 1305; x_wconf 88' lang='lat' dir='ltr'><strong>tercia</strong></span> <span class='ocrx_word' id='word_1_55' title='bbox 3500 1250 3673 1327; x_wconf 86' lang='lat' dir='ltr'><strong>parte</strong></span> 
     </span>
     <span class='ocr_line' id='line_1_7' title="bbox 832 1328 3674 1424; baseline 0.001 -24"><span class='ocrx_word' id='word_1_56' title='bbox 832 1337 1164 1423; x_wconf 80' lang='lat' dir='ltr'><strong>magistris</strong></span> <span class='ocrx_word' id='word_1_57' title='bbox 1222 1348 1409 1404; x_wconf 84' lang='lat' dir='ltr'><strong>extra</strong></span> <span class='ocrx_word' id='word_1_58' title='bbox 1463 1337 1806 1404; x_wconf 88' lang='lat' dir='ltr'><strong>concilium</strong></span> <span class='ocrx_word' id='word_1_59' title='bbox 1858 1336 2210 1415; x_wconf 53' lang='lat' dir='ltr'><strong>facultatis,</strong></span> <span class='ocrx_word' id='word_1_60' title='bbox 2254 1346 2404 1402; x_wconf 89' lang='lat' dir='ltr'><strong>actu</strong></span> <span class='ocrx_word' id='word_1_61' title='bbox 2455 1336 2829 1424; x_wconf 89' lang='lat' dir='ltr'><strong>regentibus</strong></span> <span class='ocrx_word' id='word_1_62' title='bbox 2889 1346 3243 1403; x_wconf 87' lang='lat' dir='ltr'><strong>reservata.</strong></span> <span class='ocrx_word' id='word_1_63' title='bbox 3325 1328 3417 1404; x_wconf 75' lang='lat' dir='ltr'><strong>&#39;Si</strong></span> <span class='ocrx_word' id='word_1_64' title='bbox 3471 1348 3674 1404; x_wconf 89' lang='lat' dir='ltr'><strong>tamen</strong></span> 
     </span>
     <span class='ocr_line' id='line_1_8' title="bbox 832 1434 3673 1525; baseline 0.002 -26"><span class='ocrx_word' id='word_1_65' title='bbox 832 1434 1313 1521; x_wconf 84' lang='lat' dir='ltr'><strong>promovendus</strong></span> <span class='ocrx_word' id='word_1_66' title='bbox 1357 1438 1704 1525; x_wconf 89' lang='lat' dir='ltr'><strong>quicquam</strong></span> <span class='ocrx_word' id='word_1_67' title='bbox 1734 1438 1942 1502; x_wconf 86' lang='lat' dir='ltr'><strong>eciam</strong></span> <span class='ocrx_word' id='word_1_68' title='bbox 1984 1436 2245 1523; x_wconf 90' lang='lat' dir='ltr'><strong>publice</strong></span> <span class='ocrx_word' id='word_1_69' title='bbox 2272 1435 2443 1501; x_wconf 88' lang='lat' dir='ltr'><strong>ultra</strong></span> <span class='ocrx_word' id='word_1_70' title='bbox 2482 1437 2641 1503; x_wconf 91' lang='lat' dir='ltr'><strong>dare</strong></span> <span class='ocrx_word' id='word_1_71' title='bbox 2680 1436 2962 1503; x_wconf 87' lang='lat' dir='ltr'><strong>voluerit</strong></span> <span class='ocrx_word' id='word_1_72' title='bbox 3002 1460 3124 1524; x_wconf 92' lang='lat' dir='ltr'><strong>pro</strong></span> <span class='ocrx_word' id='word_1_73' title='bbox 3171 1460 3290 1503; x_wconf 91' lang='lat' dir='ltr'><strong>suo</strong></span> <span class='ocrx_word' id='word_1_74' title='bbox 3335 1437 3578 1504; x_wconf 89' lang='lat' dir='ltr'><strong>honore</strong></span> <span class='ocrx_word' id='word_1_75' title='bbox 3617 1448 3673 1504; x_wconf 88' lang='lat' dir='ltr'><strong>et</strong></span> 
     </span>
     <span class='ocr_line' id='line_1_9' title="bbox 835 1534 3672 1623; baseline 0.001 -23"><span class='ocrx_word' id='word_1_76' title='bbox 835 1536 1083 1603; x_wconf 90' lang='lat' dir='ltr'><strong>arcium</strong></span> <span class='ocrx_word' id='word_1_77' title='bbox 1125 1535 1474 1620; x_wconf 84' lang='lat' dir='ltr'><strong>facultatis,</strong></span> <span class='ocrx_word' id='word_1_78' title='bbox 1515 1546 1669 1601; x_wconf 91' lang='lat' dir='ltr'><strong>tunc</strong></span> <span class='ocrx_word' id='word_1_79' title='bbox 1710 1544 2042 1623; x_wconf 89' lang='lat' dir='ltr'><strong>promotor</strong></span> <span class='ocrx_word' id='word_1_80' title='bbox 2086 1534 2167 1601; x_wconf 90' lang='lat' dir='ltr'><strong>de</strong></span> <span class='ocrx_word' id='word_1_81' title='bbox 2208 1535 2416 1601; x_wconf 89' lang='lat' dir='ltr'><strong>tribus</strong></span> <span class='ocrx_word' id='word_1_82' title='bbox 2458 1535 2719 1603; x_wconf 85' lang='lat' dir='ltr'><strong>florenis</strong></span> <span class='ocrx_word' id='word_1_83' title='bbox 2755 1536 3058 1621; x_wconf 88' lang='lat' dir='ltr'><strong>medium,</strong></span> <span class='ocrx_word' id='word_1_84' title='bbox 3104 1535 3186 1601; x_wconf 90' lang='lat' dir='ltr'><strong>de</strong></span> <span class='ocrx_word' id='word_1_85' title='bbox 3223 1558 3345 1602; x_wconf 85' lang='lat' dir='ltr'><strong>sex</strong></span> <span class='ocrx_word' id='word_1_86' title='bbox 3387 1560 3580 1603; x_wconf 89' lang='lat' dir='ltr'><strong>unum</strong></span> <span class='ocrx_word' id='word_1_87' title='bbox 3617 1549 3672 1604; x_wconf 86' lang='lat' dir='ltr'><strong>et</strong></span> 
     </span>
     <span class='ocr_line' id='line_1_10' title="bbox 833 1632 3672 1723; baseline 0.001 -23"><span class='ocrx_word' id='word_1_88' title='bbox 833 1635 928 1701; x_wconf 92' lang='lat' dir='ltr'><strong>sic</strong></span> <span class='ocrx_word' id='word_1_89' title='bbox 968 1635 1375 1703; x_wconf 89' lang='lat' dir='ltr'><strong>ascendendo</strong></span> <span class='ocrx_word' id='word_1_90' title='bbox 1416 1632 2068 1723; x_wconf 89' lang='lat' dir='ltr'><strong>proporcionabiliter</strong></span> <span class='ocrx_word' id='word_1_91' title='bbox 2120 1656 2240 1721; x_wconf 88' lang='lat' dir='ltr'><strong>pro</strong></span> <span class='ocrx_word' id='word_1_92' title='bbox 2301 1657 2418 1702; x_wconf 89' lang='lat' dir='ltr'><strong>suo</strong></span> <span class='ocrx_word' id='word_1_93' title='bbox 2472 1635 2695 1703; x_wconf 90' lang='lat' dir='ltr'><strong>labore</strong></span> <span class='ocrx_word' id='word_1_94' title='bbox 2747 1636 3080 1718; x_wconf 77' lang='lat' dir='ltr'><strong>retinebit,</strong></span> <span class='ocrx_word' id='word_1_95' title='bbox 3145 1635 3477 1703; x_wconf 83' lang='lat' dir='ltr'><strong>residuam</strong></span> <span class='ocrx_word' id='word_1_96' title='bbox 3530 1660 3672 1704; x_wconf 87' lang='lat' dir='ltr'><strong>vero</strong></span> 
     </span>
    </p>

    <p class='ocr_par' dir='ltr' id='par_1_5' title="bbox 753 1733 3670 2122">
     <span class='ocr_line' id='line_1_11' title="bbox 753 1733 3670 1825; baseline 0.002 -27"><span class='ocrx_word' id='word_1_97' title='bbox 753 1742 817 1799; x_wconf 88' lang='lat'><strong>10</strong></span> <span class='ocrx_word' id='word_1_98' title='bbox 832 1743 1085 1822; x_wconf 88' lang='lat' dir='ltr'><strong>partem</strong></span> <span class='ocrx_word' id='word_1_99' title='bbox 1112 1758 1234 1825; x_wconf 90' lang='lat' dir='ltr'><strong>pro</strong></span> <span class='ocrx_word' id='word_1_100' title='bbox 1274 1737 1627 1823; x_wconf 82' lang='lat' dir='ltr'><strong>magistris,</strong></span> <span class='ocrx_word' id='word_1_101' title='bbox 1670 1743 1742 1799; x_wconf 91' lang='lat' dir='ltr'><strong>ut</strong></span> <span class='ocrx_word' id='word_1_102' title='bbox 1789 1754 2008 1823; x_wconf 87' lang='lat' dir='ltr'><strong>supra,</strong></span> <span class='ocrx_word' id='word_1_103' title='bbox 2054 1733 2468 1800; x_wconf 84' lang='lat' dir='ltr'><strong>dividendam</strong></span> <span class='ocrx_word' id='word_1_104' title='bbox 2500 1735 2961 1823; x_wconf 86' lang='lat' dir='ltr'><strong>praesentabit.</strong></span> <span class='ocrx_word' id='word_1_105' title='bbox 3037 1734 3170 1802; x_wconf 87' lang='lat' dir='ltr'><strong>Sed</strong></span> <span class='ocrx_word' id='word_1_106' title='bbox 3212 1737 3267 1801; x_wconf 92' lang='lat' dir='ltr'><strong>si</strong></span> <span class='ocrx_word' id='word_1_107' title='bbox 3308 1758 3670 1823; x_wconf 86' lang='lat' dir='ltr'><strong>promoven·</strong></span> 
     </span>
     <span class='ocr_line' id='line_1_12' title="bbox 832 1832 3670 1924; baseline 0.001 -25"><span class='ocrx_word' id='word_1_108' title='bbox 832 1832 954 1900; x_wconf 91' lang='lat' dir='ltr'><strong>dus</strong></span> <span class='ocrx_word' id='word_1_109' title='bbox 1004 1837 1169 1902; x_wconf 87' lang='lat' dir='ltr'><strong>citra</strong></span> <span class='ocrx_word' id='word_1_110' title='bbox 1220 1844 1353 1902; x_wconf 88' lang='lat' dir='ltr'><strong>tres</strong></span> <span class='ocrx_word' id='word_1_111' title='bbox 1409 1835 1688 1901; x_wconf 87' lang='lat' dir='ltr'><strong>florenos</strong></span> <span class='ocrx_word' id='word_1_112' title='bbox 1745 1832 2028 1916; x_wconf 86' lang='lat' dir='ltr'><strong>dederit,</strong></span> <span class='ocrx_word' id='word_1_113' title='bbox 2080 1843 2232 1899; x_wconf 86' lang='lat' dir='ltr'><strong>tunc</strong></span> <span class='ocrx_word' id='word_1_114' title='bbox 2289 1845 2616 1921; x_wconf 90' lang='lat' dir='ltr'><strong>promotor</strong></span> <span class='ocrx_word' id='word_1_115' title='bbox 2678 1836 2746 1899; x_wconf 91' lang='lat' dir='ltr'><strong>in</strong></span> <span class='ocrx_word' id='word_1_116' title='bbox 2806 1858 2926 1901; x_wconf 90' lang='lat' dir='ltr'><strong>sua</strong></span> <span class='ocrx_word' id='word_1_117' title='bbox 2972 1844 3120 1901; x_wconf 90' lang='lat' dir='ltr'><strong>rata</strong></span> <span class='ocrx_word' id='word_1_118' title='bbox 3161 1858 3310 1901; x_wconf 87' lang='lat' dir='ltr'><strong>cum</strong></span> <span class='ocrx_word' id='word_1_119' title='bbox 3353 1838 3670 1924; x_wconf 83' lang='lat' dir='ltr'><strong>magistris</strong></span> 
     </span>
     <span class='ocr_line' id='line_1_13' title="bbox 829 1933 3668 2024; baseline 0.001 -24"><span class='ocrx_word' id='word_1_120' title='bbox 829 1933 978 2001; x_wconf 91' lang='lat' dir='ltr'><strong>aliis</strong></span> <span class='ocrx_word' id='word_1_121' title='bbox 1036 1936 1121 2002; x_wconf 87' lang='lat' dir='ltr'><strong>sit</strong></span> <span class='ocrx_word' id='word_1_122' title='bbox 1170 1944 1524 2002; x_wconf 87' lang='lat' dir='ltr'><strong>contentus.</strong></span> <span class='ocrx_word' id='word_1_123' title='bbox 1608 1934 1875 2021; x_wconf 85' lang='lat' dir='ltr'><strong>Pauper</strong></span> <span class='ocrx_word' id='word_1_124' title='bbox 1929 1954 2088 1999; x_wconf 90' lang='lat' dir='ltr'><strong>vero</strong></span> <span class='ocrx_word' id='word_1_125' title='bbox 2111 1982 2131 2017; x_wconf 91' lang='lat'><strong>,</strong></span> <span class='ocrx_word' id='word_1_126' title='bbox 2175 1934 2518 2021; x_wconf 58' lang='lat' dir='ltr'><strong>‘signetum</strong></span> <span class='ocrx_word' id='word_1_127' title='bbox 2567 1956 2698 2001; x_wconf 90' lang='lat' dir='ltr'><strong>non</strong></span> <span class='ocrx_word' id='word_1_128' title='bbox 2736 1934 3066 2001; x_wconf 85' lang='lat' dir='ltr'><strong>redimens</strong></span> <span class='ocrx_word' id='word_1_129' title='bbox 3083 1983 3103 2019; x_wconf 91' lang='lat'><strong>,</strong></span> <span class='ocrx_word' id='word_1_130' title='bbox 3160 1936 3371 2022; x_wconf 87' lang='lat' dir='ltr'><strong>gratis</strong></span> <span class='ocrx_word' id='word_1_131' title='bbox 3414 1946 3668 2024; x_wconf 88' lang='lat' dir='ltr'><strong>propter</strong></span> 
     </span>
     <span class='ocr_line' id='line_1_14' title="bbox 833 2031 1536 2122; baseline 0.001 -23"><span class='ocrx_word' id='word_1_132' title='bbox 833 2031 1022 2101; x_wconf 81' lang='lat' dir='ltr'><strong>deum</strong></span> <span class='ocrx_word' id='word_1_133' title='bbox 1064 2044 1536 2122; x_wconf 85' lang='lat' dir='ltr'><strong>promoveatur.</strong></span> 
     </span>
    </p>
   </div>
   <div class='ocr_carea' id='block_1_4' title="bbox 1289 2202 3140 2266">
    <p class='ocr_par' dir='ltr' id='par_1_6' title="bbox 1289 2202 3140 2266">
     <span class='ocr_line' id='line_1_15' title="bbox 1289 2202 3140 2266; baseline 0 -12"><span class='ocrx_word' id='word_1_134' title='bbox 1289 2203 1510 2255; x_wconf 77' lang='lat' dir='ltr'><strong>Ter-cius</strong></span> <span class='ocrx_word' id='word_1_135' title='bbox 1544 2202 1736 2253; x_wconf 83' lang='lat' dir='ltr'><strong>modus</strong></span> <span class='ocrx_word' id='word_1_136' title='bbox 1769 2203 1836 2251; x_wconf 88' lang='lat' dir='ltr'><strong>de</strong></span> <span class='ocrx_word' id='word_1_137' title='bbox 1869 2208 2003 2253; x_wconf 80' lang='lat' dir='ltr'><strong>taxa.</strong></span> <span class='ocrx_word' id='word_1_138' title='bbox 2031 2202 2319 2266; x_wconf 82' lang='lat' dir='ltr'><strong>peccuniae</strong></span> <span class='ocrx_word' id='word_1_139' title='bbox 2355 2216 2472 2252; x_wconf 88' lang='lat' dir='ltr'><strong>cum</strong></span> <span class='ocrx_word' id='word_1_140' title='bbox 2509 2202 2805 2254; x_wconf 80' lang='lat' dir='ltr'><strong>differentia</strong></span> <span class='ocrx_word' id='word_1_141' title='bbox 2841 2204 3140 2255; x_wconf 82' lang='lat' dir='ltr'><strong>nacionum.</strong></span> 
     </span>
    </p>
   </div>
   <div class='ocr_carea' id='block_1_5' title="bbox 734 2314 3669 4003">
    <p class='ocr_par' dir='ltr' id='par_1_7' title="bbox 751 2314 3669 2803">
     <span class='ocr_line' id='line_1_16' title="bbox 751 2314 3668 2406; baseline 0 -24"><span class='ocrx_word' id='word_1_142' title='bbox 751 2324 813 2382; x_wconf 83' lang='lat'><strong>15</strong></span> <span class='ocrx_word' id='word_1_143' title='bbox 997 2316 1252 2404; x_wconf 85' lang='lat' dir='ltr'><strong>Singuli</strong></span> <span class='ocrx_word' id='word_1_144' title='bbox 1293 2315 1723 2405; x_wconf 89' lang='lat' dir='ltr'><strong>promovendi</strong></span> <span class='ocrx_word' id='word_1_145' title='bbox 1764 2316 1833 2381; x_wconf 89' lang='lat' dir='ltr'><strong>in</strong></span> <span class='ocrx_word' id='word_1_146' title='bbox 1875 2314 2127 2382; x_wconf 86' lang='lat' dir='ltr'><strong>artibus</strong></span> <span class='ocrx_word' id='word_1_147' title='bbox 2180 2328 2685 2403; x_wconf 87' lang='lat' dir='ltr'><strong>promoveantur</strong></span> <span class='ocrx_word' id='word_1_148' title='bbox 2729 2339 2847 2406; x_wconf 87' lang='lat' dir='ltr'><strong>per</strong></span> <span class='ocrx_word' id='word_1_149' title='bbox 2887 2318 3235 2405; x_wconf 86' lang='lat' dir='ltr'><strong>magistros</strong></span> <span class='ocrx_word' id='word_1_150' title='bbox 3281 2339 3441 2383; x_wconf 89' lang='lat' dir='ltr'><strong>suae</strong></span> <span class='ocrx_word' id='word_1_151' title='bbox 3479 2318 3668 2383; x_wconf 89' lang='lat' dir='ltr'><strong>natio·</strong></span> 
     </span>
     <span class='ocr_line' id='line_1_17' title="bbox 824 2414 3668 2504; baseline -0 -22"><span class='ocrx_word' id='word_1_152' title='bbox 824 2416 930 2483; x_wconf 87' lang='lat' dir='ltr'><strong>nis</strong></span> <span class='ocrx_word' id='word_1_153' title='bbox 974 2416 1099 2499; x_wconf 89' lang='lat' dir='ltr'><strong>sic,</strong></span> <span class='ocrx_word' id='word_1_154' title='bbox 1143 2416 1319 2503; x_wconf 90' lang='lat' dir='ltr'><strong>quod</strong></span> <span class='ocrx_word' id='word_1_155' title='bbox 1361 2417 1643 2504; x_wconf 87' lang='lat' dir='ltr'><strong>primum</strong></span> <span class='ocrx_word' id='word_1_156' title='bbox 1683 2418 1896 2483; x_wconf 90' lang='lat' dir='ltr'><strong>senior</strong></span> <span class='ocrx_word' id='word_1_157' title='bbox 1939 2415 2009 2480; x_wconf 91' lang='lat' dir='ltr'><strong>in</strong></span> <span class='ocrx_word' id='word_1_158' title='bbox 2052 2414 2342 2503; x_wconf 84' lang='lat' dir='ltr'><strong>qualibet</strong></span> <span class='ocrx_word' id='word_1_159' title='bbox 2379 2418 2653 2483; x_wconf 86' lang='lat' dir='ltr'><strong>nacione</strong></span> <span class='ocrx_word' id='word_1_160' title='bbox 2695 2439 2917 2483; x_wconf 88' lang='lat' dir='ltr'><strong>omnes</strong></span> <span class='ocrx_word' id='word_1_161' title='bbox 2962 2415 3286 2483; x_wconf 88' lang='lat' dir='ltr'><strong>admissos</strong></span> <span class='ocrx_word' id='word_1_162' title='bbox 3307 2465 3327 2500; x_wconf 92' lang='lat'><strong>,</strong></span> <span class='ocrx_word' id='word_1_163' title='bbox 3374 2416 3564 2483; x_wconf 86' lang='lat' dir='ltr'><strong>simul</strong></span> <span class='ocrx_word' id='word_1_164' title='bbox 3606 2419 3668 2481; x_wconf 89' lang='lat' dir='ltr'><strong>iu</strong></span> 
     </span>
     <span class='ocr_line' id='line_1_18' title="bbox 826 2515 3666 2605; baseline 0.001 -24"><span class='ocrx_word' id='word_1_165' title='bbox 826 2538 1023 2582; x_wconf 90' lang='lat' dir='ltr'><strong>unum</strong></span> <span class='ocrx_word' id='word_1_166' title='bbox 1064 2515 1299 2583; x_wconf 87' lang='lat' dir='ltr'><strong>divites</strong></span> <span class='ocrx_word' id='word_1_167' title='bbox 1341 2526 1405 2582; x_wconf 90' lang='lat' dir='ltr'><strong>et</strong></span> <span class='ocrx_word' id='word_1_168' title='bbox 1445 2537 1789 2604; x_wconf 88' lang='lat' dir='ltr'><strong>pauperes,</strong></span> <span class='ocrx_word' id='word_1_169' title='bbox 1832 2524 2215 2603; x_wconf 89' lang='lat' dir='ltr'><strong>promoveat</strong></span> <span class='ocrx_word' id='word_1_170' title='bbox 2240 2526 2303 2581; x_wconf 90' lang='lat' dir='ltr'><strong>et</strong></span> <span class='ocrx_word' id='word_1_171' title='bbox 2328 2516 2423 2580; x_wconf 92' lang='lat' dir='ltr'><strong>sic</strong></span> <span class='ocrx_word' id='word_1_172' title='bbox 2464 2515 2873 2602; x_wconf 89' lang='lat' dir='ltr'><strong>procedendo</strong></span> <span class='ocrx_word' id='word_1_173' title='bbox 2915 2538 3123 2605; x_wconf 85' lang='lat' dir='ltr'><strong>usque</strong></span> <span class='ocrx_word' id='word_1_174' title='bbox 3167 2515 3253 2582; x_wconf 89' lang='lat' dir='ltr'><strong>ad</strong></span> <span class='ocrx_word' id='word_1_175' title='bbox 3296 2519 3666 2604; x_wconf 85' lang='lat' dir='ltr'><strong>magistrum</strong></span> 
     </span>
     <span class='ocr_line' id='line_1_19' title="bbox 824 2612 3668 2704; baseline 0.001 -24"><span class='ocrx_word' id='word_1_176' title='bbox 824 2616 1141 2684; x_wconf 89' lang='lat' dir='ltr'><strong>iuniorem</strong></span> <span class='ocrx_word' id='word_1_177' title='bbox 1195 2615 1543 2699; x_wconf 81' lang='lat' dir='ltr'><strong>inclusive3</strong></span> <span class='ocrx_word' id='word_1_178' title='bbox 1613 2614 1840 2682; x_wconf 87' lang='lat' dir='ltr'><strong>ordine</strong></span> <span class='ocrx_word' id='word_1_179' title='bbox 1893 2635 2053 2680; x_wconf 91' lang='lat' dir='ltr'><strong>vero</strong></span> <span class='ocrx_word' id='word_1_180' title='bbox 2117 2612 2298 2680; x_wconf 91' lang='lat' dir='ltr'><strong>finito</strong></span> <span class='ocrx_word' id='word_1_181' title='bbox 2355 2616 2701 2704; x_wconf 85' lang='lat' dir='ltr'><strong>reincipiat</strong></span> <span class='ocrx_word' id='word_1_182' title='bbox 2755 2615 2969 2681; x_wconf 90' lang='lat' dir='ltr'><strong>senior</strong></span> <span class='ocrx_word' id='word_1_183' title='bbox 3023 2614 3315 2681; x_wconf 89' lang='lat' dir='ltr'><strong>eiusdem</strong></span> <span class='ocrx_word' id='word_1_184' title='bbox 3368 2618 3668 2683; x_wconf 86' lang='lat' dir='ltr'><strong>nacionis.</strong></span> 
     </span>
     <span class='ocr_line' id='line_1_20' title="bbox 825 2713 3669 2803; baseline 0 -22"><span class='ocrx_word' id='word_1_185' title='bbox 825 2714 917 2781; x_wconf 89' lang='lat' dir='ltr'><strong>Et</strong></span> <span class='ocrx_word' id='word_1_186' title='bbox 957 2715 1437 2803; x_wconf 86' lang='lat' dir='ltr'><strong>promovendus</strong></span> <span class='ocrx_word' id='word_1_187' title='bbox 1493 2718 1562 2783; x_wconf 89' lang='lat' dir='ltr'><strong>in</strong></span> <span class='ocrx_word' id='word_1_188' title='bbox 1616 2713 2057 2781; x_wconf 88' lang='lat' dir='ltr'><strong>baccalarium</strong></span> <span class='ocrx_word' id='word_1_189' title='bbox 2118 2713 2302 2780; x_wconf 87' lang='lat' dir='ltr'><strong>dabit</strong></span> <span class='ocrx_word' id='word_1_190' title='bbox 2350 2713 2436 2779; x_wconf 89' lang='lat' dir='ltr'><strong>ad</strong></span> <span class='ocrx_word' id='word_1_191' title='bbox 2491 2713 2870 2781; x_wconf 90' lang='lat' dir='ltr'><strong>cathedram</strong></span> <span class='ocrx_word' id='word_1_192' title='bbox 2907 2737 3138 2798; x_wconf 88' lang='lat' dir='ltr'><strong>unum,</strong></span> <span class='ocrx_word' id='word_1_193' title='bbox 3185 2714 3258 2781; x_wconf 89' lang='lat' dir='ltr'><strong>in</strong></span> <span class='ocrx_word' id='word_1_194' title='bbox 3295 2718 3669 2803; x_wconf 87' lang='lat' dir='ltr'><strong>magistrum</strong></span> 
     </span>
    </p>

    <p class='ocr_par' dir='ltr' id='par_1_8' title="bbox 743 2814 3669 3303">
     <span class='ocr_line' id='line_1_21' title="bbox 743 2814 3669 2907; baseline 0 -27"><span class='ocrx_word' id='word_1_195' title='bbox 743 2821 812 2880; x_wconf 80' lang='lat'><strong>20</strong></span> <span class='ocrx_word' id='word_1_196' title='bbox 828 2837 986 2882; x_wconf 91' lang='lat' dir='ltr'><strong>vero</strong></span> <span class='ocrx_word' id='word_1_197' title='bbox 1038 2814 1200 2881; x_wconf 89' lang='lat' dir='ltr'><strong>duos</strong></span> <span class='ocrx_word' id='word_1_198' title='bbox 1239 2814 1523 2907; x_wconf 87' lang='lat' dir='ltr'><strong>florenos</strong></span> <span class='ocrx_word' id='word_1_199' title='bbox 1565 2815 1858 2880; x_wconf 88' lang='lat' dir='ltr'><strong>rinenses</strong></span> <span class='ocrx_word' id='word_1_200' title='bbox 1894 2814 1964 2878; x_wconf 87' lang='lat' dir='ltr'><strong>in</strong></span> <span class='ocrx_word' id='word_1_201' title='bbox 2006 2837 2169 2880; x_wconf 90' lang='lat' dir='ltr'><strong>auro</strong></span> <span class='ocrx_word' id='word_1_202' title='bbox 2223 2836 2368 2880; x_wconf 90' lang='lat' dir='ltr'><strong>cum</strong></span> <span class='ocrx_word' id='word_1_203' title='bbox 2419 2814 2796 2881; x_wconf 79' lang='lat' dir='ltr'><strong>condecenti</strong></span> <span class='ocrx_word' id='word_1_204' title='bbox 2836 2815 3126 2902; x_wconf 88' lang='lat' dir='ltr'><strong>pitancia</strong></span> <span class='ocrx_word' id='word_1_205' title='bbox 3169 2825 3284 2880; x_wconf 90' lang='lat' dir='ltr'><strong>aut</strong></span> <span class='ocrx_word' id='word_1_206' title='bbox 3325 2815 3669 2882; x_wconf 88' lang='lat' dir='ltr'><strong>collacione</strong></span> 
     </span>
     <span class='ocr_line' id='line_1_22' title="bbox 825 2912 3665 3003; baseline 0 -23"><span class='ocrx_word' id='word_1_207' title='bbox 825 2936 947 3003; x_wconf 90' lang='lat' dir='ltr'><strong>pro</strong></span> <span class='ocrx_word' id='word_1_208' title='bbox 988 2916 1366 2981; x_wconf 87' lang='lat' dir='ltr'><strong>reverencia</strong></span> <span class='ocrx_word' id='word_1_209' title='bbox 1404 2915 1697 2981; x_wconf 87' lang='lat' dir='ltr'><strong>nacionis</strong></span> <span class='ocrx_word' id='word_1_210' title='bbox 1741 2921 1806 2978; x_wconf 89' lang='lat' dir='ltr'><strong>et</strong></span> <span class='ocrx_word' id='word_1_211' title='bbox 1845 2912 2169 2981; x_wconf 88' lang='lat' dir='ltr'><strong>facultatis</strong></span> <span class='ocrx_word' id='word_1_212' title='bbox 2211 2914 2399 2981; x_wconf 83' lang='lat' dir='ltr'><strong>iuxta</strong></span> <span class='ocrx_word' id='word_1_213' title='bbox 2441 2913 2883 2981; x_wconf 87' lang='lat' dir='ltr'><strong>substanciam</strong></span> <span class='ocrx_word' id='word_1_214' title='bbox 2924 2914 3516 3003; x_wconf 84' lang='lat' dir='ltr'><strong>promovendorum</strong></span> <span class='ocrx_word' id='word_1_215' title='bbox 3557 2937 3665 3002; x_wconf 90' lang='lat' dir='ltr'><strong>per</strong></span> 
     </span>
     <span class='ocr_line' id='line_1_23' title="bbox 824 3011 3669 3103; baseline -0 -23"><span class='ocrx_word' id='word_1_216' title='bbox 824 3016 1171 3102; x_wconf 86' lang='lat' dir='ltr'><strong>magistros</strong></span> <span class='ocrx_word' id='word_1_217' title='bbox 1210 3014 1505 3081; x_wconf 85' lang='lat' dir='ltr'><strong>nacionis</strong></span> <span class='ocrx_word' id='word_1_218' title='bbox 1547 3012 1630 3078; x_wconf 92' lang='lat' dir='ltr'><strong>de</strong></span> <span class='ocrx_word' id='word_1_219' title='bbox 1672 3011 1945 3079; x_wconf 90' lang='lat' dir='ltr'><strong>concilio</strong></span> <span class='ocrx_word' id='word_1_220' title='bbox 1988 3011 2318 3080; x_wconf 83' lang='lat' dir='ltr'><strong>facultatis</strong></span> <span class='ocrx_word' id='word_1_221' title='bbox 2362 3013 2907 3100; x_wconf 87' lang='lat' dir='ltr'><strong>pertractandam.</strong></span> <span class='ocrx_word' id='word_1_222' title='bbox 2983 3014 3055 3081; x_wconf 92' lang='lat' dir='ltr'><strong>Si</strong></span> <span class='ocrx_word' id='word_1_223' title='bbox 3100 3013 3258 3103; x_wconf 90' lang='lat' dir='ltr'><strong>quid</strong></span> <span class='ocrx_word' id='word_1_224' title='bbox 3276 3023 3492 3080; x_wconf 89' lang='lat' dir='ltr'><strong>autem</strong></span> <span class='ocrx_word' id='word_1_225' title='bbox 3509 3013 3669 3081; x_wconf 87' lang='lat' dir='ltr'><strong>ultra</strong></span> 
     </span>
     <span class='ocr_line' id='line_1_24' title="bbox 826 3111 3668 3205; baseline -0.002 -21"><span class='ocrx_word' id='word_1_226' title='bbox 826 3113 1307 3205; x_wconf 88' lang='lat' dir='ltr'><strong>promovendus</strong></span> <span class='ocrx_word' id='word_1_227' title='bbox 1349 3136 1432 3179; x_wconf 85' lang='lat' dir='ltr'><strong>ex</strong></span> <span class='ocrx_word' id='word_1_228' title='bbox 1472 3112 1804 3201; x_wconf 87' lang='lat' dir='ltr'><strong>legalitate</strong></span> <span class='ocrx_word' id='word_1_229' title='bbox 1845 3134 1964 3200; x_wconf 88' lang='lat' dir='ltr'><strong>pro</strong></span> <span class='ocrx_word' id='word_1_230' title='bbox 2007 3111 2252 3181; x_wconf 88' lang='lat' dir='ltr'><strong>honore</strong></span> <span class='ocrx_word' id='word_1_231' title='bbox 2306 3135 2421 3181; x_wconf 91' lang='lat' dir='ltr'><strong>suo</strong></span> <span class='ocrx_word' id='word_1_232' title='bbox 2463 3112 2569 3179; x_wconf 89' lang='lat' dir='ltr'><strong>vel</strong></span> <span class='ocrx_word' id='word_1_233' title='bbox 2609 3114 2902 3181; x_wconf 90' lang='lat' dir='ltr'><strong>nacionis</strong></span> <span class='ocrx_word' id='word_1_234' title='bbox 2947 3137 3420 3203; x_wconf 84' lang='lat' dir='ltr'><strong>supererogare</strong></span> <span class='ocrx_word' id='word_1_235' title='bbox 3462 3114 3668 3181; x_wconf 89' lang='lat' dir='ltr'><strong>decre-</strong></span> 
     </span>
     <span class='ocr_line' id='line_1_25' title="bbox 823 3212 3667 3303; baseline -0.001 -20"><span class='ocrx_word' id='word_1_236' title='bbox 823 3217 1013 3301; x_wconf 90' lang='lat' dir='ltr'><strong>verit,</strong></span> <span class='ocrx_word' id='word_1_237' title='bbox 1056 3236 1212 3281; x_wconf 89' lang='lat' dir='ltr'><strong>suae</strong></span> <span class='ocrx_word' id='word_1_238' title='bbox 1238 3213 1591 3282; x_wconf 90' lang='lat' dir='ltr'><strong>voluntatis</strong></span> <span class='ocrx_word' id='word_1_239' title='bbox 1617 3213 1887 3282; x_wconf 87' lang='lat' dir='ltr'><strong>arbitrio</strong></span> <span class='ocrx_word' id='word_1_240' title='bbox 1928 3213 2348 3302; x_wconf 87' lang='lat' dir='ltr'><strong>relinquetur.</strong></span> <span class='ocrx_word' id='word_1_241' title='bbox 2418 3213 2510 3280; x_wconf 87' lang='lat' dir='ltr'><strong>Et</strong></span> <span class='ocrx_word' id='word_1_242' title='bbox 2549 3212 2671 3280; x_wconf 92' lang='lat' dir='ltr'><strong>hoc</strong></span> <span class='ocrx_word' id='word_1_243' title='bbox 2709 3214 2795 3281; x_wconf 87' lang='lat' dir='ltr'><strong>de</strong></span> <span class='ocrx_word' id='word_1_244' title='bbox 2836 3213 3224 3282; x_wconf 86' lang='lat' dir='ltr'><strong>habentibus</strong></span> <span class='ocrx_word' id='word_1_245' title='bbox 3260 3214 3667 3303; x_wconf 82' lang='lat' dir='ltr'><strong>intelligatur.</strong></span> 
     </span>
    </p>

    <p class='ocr_par' dir='ltr' id='par_1_9' title="bbox 737 3312 3668 3802">
     <span class='ocr_line' id='line_1_26' title="bbox 737 3312 3667 3402; baseline -0 -21"><span class='ocrx_word' id='word_1_246' title='bbox 737 3323 805 3381; x_wconf 85' lang='lat'><strong>25</strong></span> <span class='ocrx_word' id='word_1_247' title='bbox 822 3315 1018 3382; x_wconf 91' lang='lat' dir='ltr'><strong>Hunc</strong></span> <span class='ocrx_word' id='word_1_248' title='bbox 1069 3323 1285 3381; x_wconf 90' lang='lat' dir='ltr'><strong>autem</strong></span> <span class='ocrx_word' id='word_1_249' title='bbox 1320 3321 1585 3401; x_wconf 87' lang='lat' dir='ltr'><strong>reputat</strong></span> <span class='ocrx_word' id='word_1_250' title='bbox 1635 3312 1911 3380; x_wconf 86' lang='lat' dir='ltr'><strong>facultas</strong></span> <span class='ocrx_word' id='word_1_251' title='bbox 1962 3312 2308 3380; x_wconf 87' lang='lat' dir='ltr'><strong>habentem</strong></span> <span class='ocrx_word' id='word_1_252' title='bbox 2324 3362 2344 3397; x_wconf 90' lang='lat'>‚</span> <span class='ocrx_word' id='word_1_253' title='bbox 2412 3315 2524 3402; x_wconf 87' lang='lat' dir='ltr'><strong>qui</strong></span> <span class='ocrx_word' id='word_1_254' title='bbox 2572 3336 2704 3380; x_wconf 89' lang='lat' dir='ltr'><strong>non</strong></span> <span class='ocrx_word' id='word_1_255' title='bbox 2746 3315 3019 3380; x_wconf 88' lang='lat' dir='ltr'><strong>servivit</strong></span> <span class='ocrx_word' id='word_1_256' title='bbox 3058 3337 3179 3381; x_wconf 90' lang='lat' dir='ltr'><strong>nec</strong></span> <span class='ocrx_word' id='word_1_257' title='bbox 3218 3316 3291 3380; x_wconf 90' lang='lat' dir='ltr'><strong>in</strong></span> <span class='ocrx_word' id='word_1_258' title='bbox 3335 3314 3667 3382; x_wconf 85' lang='lat' dir='ltr'><strong>serviendo</strong></span> 
     </span>
     <span class='ocr_line' id='line_1_27' title="bbox 821 3411 3668 3501; baseline -0.001 -20"><span class='ocrx_word' id='word_1_259' title='bbox 821 3414 1075 3482; x_wconf 88' lang='lat' dir='ltr'><strong>addidit</strong></span> <span class='ocrx_word' id='word_1_260' title='bbox 1116 3423 1181 3480; x_wconf 90' lang='lat' dir='ltr'><strong>et</strong></span> <span class='ocrx_word' id='word_1_261' title='bbox 1219 3414 1542 3500; x_wconf 89' lang='lat' dir='ltr'><strong>signetum</strong></span> <span class='ocrx_word' id='word_1_262' title='bbox 1582 3412 1858 3479; x_wconf 91' lang='lat' dir='ltr'><strong>redemit</strong></span> <span class='ocrx_word' id='word_1_263' title='bbox 1896 3412 2240 3479; x_wconf 87' lang='lat' dir='ltr'><strong>facultatis.</strong></span> <span class='ocrx_word' id='word_1_264' title='bbox 2319 3411 2581 3501; x_wconf 89' lang='lat' dir='ltr'><strong>Pauper</strong></span> <span class='ocrx_word' id='word_1_265' title='bbox 2618 3435 2797 3498; x_wconf 89' lang='lat' dir='ltr'><strong>ver0,</strong></span> <span class='ocrx_word' id='word_1_266' title='bbox 2840 3416 2950 3500; x_wconf 84' lang='lat' dir='ltr'><strong>qui</strong></span> <span class='ocrx_word' id='word_1_267' title='bbox 2993 3416 3314 3501; x_wconf 88' lang='lat' dir='ltr'><strong>signetum</strong></span> <span class='ocrx_word' id='word_1_268' title='bbox 3354 3414 3668 3480; x_wconf 88' lang='lat' dir='ltr'><strong>redimere</strong></span> 
     </span>
     <span class='ocr_line' id='line_1_28' title="bbox 818 3511 3666 3603; baseline -0 -22"><span class='ocrx_word' id='word_1_269' title='bbox 818 3537 952 3581; x_wconf 91' lang='lat' dir='ltr'><strong>non</strong></span> <span class='ocrx_word' id='word_1_270' title='bbox 992 3513 1171 3581; x_wconf 80' lang='lat' dir='ltr'><strong>valet</strong></span> <span class='ocrx_word' id='word_1_271' title='bbox 1229 3511 1578 3579; x_wconf 87' lang='lat' dir='ltr'><strong>secundum</strong></span> <span class='ocrx_word' id='word_1_272' title='bbox 1623 3521 1931 3578; x_wconf 89' lang='lat' dir='ltr'><strong>statutum</strong></span> <span class='ocrx_word' id='word_1_273' title='bbox 1969 3512 2320 3596; x_wconf 87' lang='lat' dir='ltr'><strong>facultatis,</strong></span> <span class='ocrx_word' id='word_1_274' title='bbox 2365 3533 2513 3586; x_wconf 88' lang='lat' dir='ltr'><strong>cum</strong></span> <span class='ocrx_word' id='word_1_275' title='bbox 2552 3511 2701 3579; x_wconf 88' lang='lat' dir='ltr'><strong>aliis</strong></span> <span class='ocrx_word' id='word_1_276' title='bbox 2745 3515 2953 3600; x_wconf 87' lang='lat' dir='ltr'><strong>gratis</strong></span> <span class='ocrx_word' id='word_1_277' title='bbox 2994 3516 3065 3580; x_wconf 89' lang='lat' dir='ltr'><strong>in</strong></span> <span class='ocrx_word' id='word_1_278' title='bbox 3108 3514 3380 3602; x_wconf 83' lang='lat' dir='ltr'><strong>singulis</strong></span> <span class='ocrx_word' id='word_1_279' title='bbox 3421 3535 3666 3603; x_wconf 88' lang='lat' dir='ltr'><strong>promo·</strong></span> 
     </span>
     <span class='ocr_line' id='line_1_29' title="bbox 819 3611 3667 3700; baseline 0 -21"><span class='ocrx_word' id='word_1_280' title='bbox 819 3623 1075 3694; x_wconf 59' lang='lat' dir='ltr'><strong>veatur,</strong></span> <span class='ocrx_word' id='word_1_281' title='bbox 1151 3612 1481 3680; x_wconf 84' lang='lat' dir='ltr'><strong>Peccunia</strong></span> <span class='ocrx_word' id='word_1_282' title='bbox 1531 3634 1687 3678; x_wconf 87' lang='lat' dir='ltr'><strong>vero</strong></span> <span class='ocrx_word' id='word_1_283' title='bbox 1744 3612 1840 3676; x_wconf 91' lang='lat' dir='ltr'><strong>sic</strong></span> <span class='ocrx_word' id='word_1_284' title='bbox 1891 3611 2112 3680; x_wconf 88' lang='lat' dir='ltr'><strong>oblata</strong></span> <span class='ocrx_word' id='word_1_285' title='bbox 2167 3613 2336 3678; x_wconf 88' lang='lat' dir='ltr'><strong>inter</strong></span> <span class='ocrx_word' id='word_1_286' title='bbox 2379 3613 2726 3700; x_wconf 85' lang='lat' dir='ltr'><strong>magistros</strong></span> <span class='ocrx_word' id='word_1_287' title='bbox 2771 3612 3059 3700; x_wconf 86' lang='lat' dir='ltr'><strong>singulos</strong></span> <span class='ocrx_word' id='word_1_288' title='bbox 3102 3614 3458 3680; x_wconf 90' lang='lat' dir='ltr'><strong>secundum</strong></span> <span class='ocrx_word' id='word_1_289' title='bbox 3496 3615 3667 3680; x_wconf 87' lang='lat' dir='ltr'><strong>iusti-</strong></span> 
     </span>
     <span class='ocr_line' id='line_1_30' title="bbox 820 3707 3665 3802; baseline -0.001 -22"><span class='ocrx_word' id='word_1_290' title='bbox 820 3716 992 3780; x_wconf 88' lang='lat' dir='ltr'><strong>ciam</strong></span> <span class='ocrx_word' id='word_1_291' title='bbox 1031 3713 1519 3780; x_wconf 90' lang='lat' dir='ltr'><strong>distributivam</strong></span> <span class='ocrx_word' id='word_1_292' title='bbox 1561 3711 2216 3799; x_wconf 89' lang='lat' dir='ltr'><strong>proporcionabiliter</strong></span> <span class='ocrx_word' id='word_1_293' title='bbox 2259 3711 2590 3778; x_wconf 86' lang='lat' dir='ltr'><strong>dividatur</strong></span> <span class='ocrx_word' id='word_1_294' title='bbox 2606 3761 2626 3796; x_wconf 94' lang='lat'><strong>,</strong></span> <span class='ocrx_word' id='word_1_295' title='bbox 2681 3722 2752 3778; x_wconf 88' lang='lat' dir='ltr'><strong>ut</strong></span> <span class='ocrx_word' id='word_1_296' title='bbox 2803 3714 2873 3778; x_wconf 89' lang='lat' dir='ltr'><strong>in</strong></span> <span class='ocrx_word' id='word_1_297' title='bbox 2912 3714 3123 3799; x_wconf 88' lang='lat' dir='ltr'><strong>primo</strong></span> <span class='ocrx_word' id='word_1_298' title='bbox 3166 3713 3364 3780; x_wconf 91' lang='lat' dir='ltr'><strong>modo</strong></span> <span class='ocrx_word' id='word_1_299' title='bbox 3387 3707 3665 3802; x_wconf 65' lang='lat' dir='ltr'><strong>⁴expres-</strong></span> 
     </span>
    </p>

    <p class='ocr_par' dir='ltr' id='par_1_10' title="bbox 734 3809 3666 4003">
     <span class='ocr_line' id='line_1_31' title="bbox 734 3809 3666 3902; baseline 0 -23"><span class='ocrx_word' id='word_1_300' title='bbox 734 3821 803 3879; x_wconf 87' lang='grc'><strong>30</strong></span> <span class='ocrx_word' id='word_1_301' title='bbox 820 3837 981 3897; x_wconf 90' lang='lat' dir='ltr'><strong>sum,</strong></span> <span class='ocrx_word' id='word_1_302' title='bbox 1025 3812 1276 3880; x_wconf 91' lang='lat' dir='ltr'><strong>duabus</strong></span> <span class='ocrx_word' id='word_1_303' title='bbox 1300 3812 1602 3902; x_wconf 87' lang='lat' dir='ltr'><strong>partibus</strong></span> <span class='ocrx_word' id='word_1_304' title='bbox 1629 3809 1711 3876; x_wconf 92' lang='lat' dir='ltr'><strong>de</strong></span> <span class='ocrx_word' id='word_1_305' title='bbox 1737 3809 2008 3877; x_wconf 90' lang='lat' dir='ltr'><strong>concilio</strong></span> <span class='ocrx_word' id='word_1_306' title='bbox 2037 3812 2367 3898; x_wconf 89' lang='lat' dir='ltr'><strong>magistris</strong></span> <span class='ocrx_word' id='word_1_307' title='bbox 2397 3813 2847 3899; x_wconf 82' lang='lat' dir='ltr'><strong>praesentatis,</strong></span> <span class='ocrx_word' id='word_1_308' title='bbox 2891 3815 3098 3879; x_wconf 87' lang='lat' dir='ltr'><strong>tercia</strong></span> <span class='ocrx_word' id='word_1_309' title='bbox 3123 3821 3314 3901; x_wconf 78' lang='lat' dir='ltr'><strong>parte</strong></span> <span class='ocrx_word' id='word_1_310' title='bbox 3344 3813 3666 3901; x_wconf 86' lang='lat' dir='ltr'><strong>magistris</strong></span> 
     </span>
     <span class='ocr_line' id='line_1_32' title="bbox 818 3909 2447 4003; baseline -0.002 -23"><span class='ocrx_word' id='word_1_311' title='bbox 818 3922 1011 3981; x_wconf 80' lang='lat' dir='ltr'><strong>extra</strong></span> <span class='ocrx_word' id='word_1_312' title='bbox 1052 3912 1394 3980; x_wconf 89' lang='lat' dir='ltr'><strong>concilium</strong></span> <span class='ocrx_word' id='word_1_313' title='bbox 1433 3920 1584 3979; x_wconf 89' lang='lat' dir='ltr'><strong>actu</strong></span> <span class='ocrx_word' id='word_1_314' title='bbox 1621 3909 1995 3998; x_wconf 88' lang='lat' dir='ltr'><strong>regentibus</strong></span> <span class='ocrx_word' id='word_1_315' title='bbox 2036 3910 2447 4003; x_wconf 87' lang='lat' dir='ltr'><strong>applicanda.</strong></span> 
     </span>
    </p>
   </div>
   <div class='ocr_carea' id='block_1_6' title="bbox 1308 4076 3099 4167">
    <p class='ocr_par' dir='ltr' id='par_1_11' title="bbox 1308 4076 3099 4167">
     <span class='ocr_line' id='line_1_33' title="bbox 1308 4076 3099 4167; baseline -0.001 -22"><span class='ocrx_word' id='word_1_316' title='bbox 1308 4082 1365 4146; x_wconf 79' lang='lat'><strong>3.</strong></span> <span class='ocrx_word' id='word_1_317' title='bbox 1406 4096 1503 4144; x_wconf 76' lang='lat' dir='ltr'><strong>na</strong></span> <span class='ocrx_word' id='word_1_318' title='bbox 1545 4093 1983 4144; x_wconf 72' lang='lat' dir='ltr'><strong>Paov1s101m</strong></span> <span class='ocrx_word' id='word_1_319' title='bbox 2015 4093 2308 4160; x_wconf 74' lang='lat' dir='ltr'><strong>onom,</strong></span> <span class='ocrx_word' id='word_1_320' title='bbox 2364 4076 2715 4145; x_wconf 87' lang='lat' dir='ltr'><strong>secundum</strong></span> <span class='ocrx_word' id='word_1_321' title='bbox 2770 4088 2843 4146; x_wconf 88' lang='lat' dir='ltr'><strong>ut</strong></span> <span class='ocrx_word' id='word_1_322' title='bbox 2896 4080 3099 4167; x_wconf 82' lang='lat' dir='ltr'><strong>prius.</strong></span> 
     </span>
    </p>
   </div>
   <div class='ocr_carea' id='block_1_7' title="bbox 729 4210 3665 4997">
    <p class='ocr_par' dir='ltr' id='par_1_12' title="bbox 729 4210 3665 4997">
     <span class='ocr_line' id='line_1_34' title="bbox 983 4210 3662 4300; baseline 0.001 -22"><span class='ocrx_word' id='word_1_323' title='bbox 983 4212 1149 4279; x_wconf 91' lang='lat' dir='ltr'><strong>Item</strong></span> <span class='ocrx_word' id='word_1_324' title='bbox 1165 4261 1186 4298; x_wconf 91' lang='lat'><strong>,</strong></span> <span class='ocrx_word' id='word_1_325' title='bbox 1243 4220 1315 4278; x_wconf 91' lang='lat' dir='ltr'><strong>ut</strong></span> <span class='ocrx_word' id='word_1_326' title='bbox 1340 4212 1691 4300; x_wconf 67' lang='lat' dir='ltr'><strong>¹appetitus</strong></span> <span class='ocrx_word' id='word_1_327' title='bbox 1741 4210 1908 4277; x_wconf 90' lang='lat' dir='ltr'><strong>lucri</strong></span> <span class='ocrx_word' id='word_1_328' title='bbox 1949 4210 2362 4298; x_wconf 88' lang='lat' dir='ltr'><strong>temporalis,</strong></span> <span class='ocrx_word' id='word_1_329' title='bbox 2419 4211 2591 4300; x_wconf 88' lang='lat' dir='ltr'><strong>quod</strong></span> <span class='ocrx_word' id='word_1_330' title='bbox 2634 4233 2830 4299; x_wconf 91' lang='lat' dir='ltr'><strong>saepe</strong></span> <span class='ocrx_word' id='word_1_331' title='bbox 2867 4211 3165 4277; x_wconf 91' lang='lat' dir='ltr'><strong>iusticiae</strong></span> <span class='ocrx_word' id='word_1_332' title='bbox 3203 4212 3366 4278; x_wconf 90' lang='lat' dir='ltr'><strong>facit</strong></span> <span class='ocrx_word' id='word_1_333' title='bbox 3411 4214 3662 4280; x_wconf 86' lang='lat' dir='ltr'><strong>semitas</strong></span> 
     </span>
     <span class='ocr_line' id='line_1_35' title="bbox 820 4309 3663 4400; baseline 0 -21"><span class='ocrx_word' id='word_1_334' title='bbox 820 4309 1178 4397; x_wconf 88' lang='lat' dir='ltr'><strong>declinare,</strong></span> <span class='ocrx_word' id='word_1_335' title='bbox 1241 4310 1312 4376; x_wconf 91' lang='lat' dir='ltr'><strong>in</strong></span> <span class='ocrx_word' id='word_1_336' title='bbox 1369 4311 1580 4377; x_wconf 87' lang='lat' dir='ltr'><strong>officio</strong></span> <span class='ocrx_word' id='word_1_337' title='bbox 1645 4309 1995 4376; x_wconf 89' lang='lat' dir='ltr'><strong>decanatus</strong></span> <span class='ocrx_word' id='word_1_338' title='bbox 2053 4309 2421 4399; x_wconf 88' lang='lat' dir='ltr'><strong>aliqualiter</strong></span> <span class='ocrx_word' id='word_1_339' title='bbox 2476 4309 2878 4395; x_wconf 88' lang='lat' dir='ltr'><strong>moderetur,</strong></span> <span class='ocrx_word' id='word_1_340' title='bbox 2945 4310 3191 4400; x_wconf 89' lang='lat' dir='ltr'><strong>placet,</strong></span> <span class='ocrx_word' id='word_1_341' title='bbox 3261 4322 3335 4377; x_wconf 90' lang='lat' dir='ltr'><strong>ut</strong></span> <span class='ocrx_word' id='word_1_342' title='bbox 3392 4312 3663 4379; x_wconf 88' lang='lat' dir='ltr'><strong>decanus</strong></span> 
     </span>
     <span class='ocr_line' id='line_1_36' title="bbox 734 4407 3664 4500; baseline 0 -22"><span class='ocrx_word' id='word_1_343' title='bbox 734 4420 801 4478; x_wconf 85' lang='lat'><strong>35</strong></span> <span class='ocrx_word' id='word_1_344' title='bbox 817 4412 1083 4480; x_wconf 89' lang='lat' dir='ltr'><strong>inantea</strong></span> <span class='ocrx_word' id='word_1_345' title='bbox 1123 4410 1205 4477; x_wconf 93' lang='lat' dir='ltr'><strong>de</strong></span> <span class='ocrx_word' id='word_1_346' title='bbox 1248 4409 1460 4478; x_wconf 88' lang='lat' dir='ltr'><strong>officio</strong></span> <span class='ocrx_word' id='word_1_347' title='bbox 1503 4433 1620 4477; x_wconf 90' lang='lat' dir='ltr'><strong>suo</strong></span> <span class='ocrx_word' id='word_1_348' title='bbox 1660 4433 1782 4500; x_wconf 89' lang='lat' dir='ltr'><strong>pro</strong></span> <span class='ocrx_word' id='word_1_349' title='bbox 1818 4407 2154 4476; x_wconf 89' lang='lat' dir='ltr'><strong>laboribus</strong></span> <span class='ocrx_word' id='word_1_350' title='bbox 2191 4410 2260 4476; x_wconf 91' lang='lat' dir='ltr'><strong>in</strong></span> <span class='ocrx_word' id='word_1_351' title='bbox 2302 4411 2572 4497; x_wconf 89' lang='lat' dir='ltr'><strong>triginta</strong></span> <span class='ocrx_word' id='word_1_352' title='bbox 2615 4432 2733 4476; x_wconf 84' lang='lat' dir='ltr'><strong>sex</strong></span> <span class='ocrx_word' id='word_1_353' title='bbox 2776 4408 3169 4479; x_wconf 90' lang='lat' dir='ltr'><strong>florenorum</strong></span> <span class='ocrx_word' id='word_1_354' title='bbox 3207 4410 3564 4480; x_wconf 88' lang='lat' dir='ltr'><strong>rinensium</strong></span> <span class='ocrx_word' id='word_1_355' title='bbox 3603 4415 3664 4479; x_wconf 90' lang='lat' dir='ltr'><strong>in</strong></span> 
     </span>
     <span class='ocr_line' id='line_1_37' title="bbox 817 4507 3665 4601; baseline 0 -22"><span class='ocrx_word' id='word_1_356' title='bbox 817 4535 977 4579; x_wconf 89' lang='lat' dir='ltr'><strong>auro</strong></span> <span class='ocrx_word' id='word_1_357' title='bbox 1013 4511 1353 4594; x_wconf 88' lang='lat' dir='ltr'><strong>summula,</strong></span> <span class='ocrx_word' id='word_1_358' title='bbox 1398 4533 1593 4598; x_wconf 88' lang='lat' dir='ltr'><strong>quam</strong></span> <span class='ocrx_word' id='word_1_359' title='bbox 1620 4534 1661 4577; x_wconf 90' lang='lat' dir='ltr'><strong>a</strong></span> <span class='ocrx_word' id='word_1_360' title='bbox 1702 4507 2162 4598; x_wconf 89' lang='lat' dir='ltr'><strong>promovendis</strong></span> <span class='ocrx_word' id='word_1_361' title='bbox 2202 4510 2389 4574; x_wconf 87' lang='lat' dir='ltr'><strong>iuxta</strong></span> <span class='ocrx_word' id='word_1_362' title='bbox 2429 4519 2755 4576; x_wconf 88' lang='lat' dir='ltr'><strong>monetam</strong></span> <span class='ocrx_word' id='word_1_363' title='bbox 2797 4518 3165 4576; x_wconf 90' lang='lat' dir='ltr'><strong>currentem</strong></span> <span class='ocrx_word' id='word_1_364' title='bbox 3205 4513 3550 4601; x_wconf 85' lang='lat' dir='ltr'><strong>percipiat,</strong></span> <span class='ocrx_word' id='word_1_365' title='bbox 3592 4514 3665 4579; x_wconf 86' lang='lat' dir='ltr'><strong>sit</strong></span> 
     </span>
     <span class='ocr_line' id='line_1_38' title="bbox 817 4607 3662 4697; baseline 0 -19"><span class='ocrx_word' id='word_1_366' title='bbox 817 4620 1173 4680; x_wconf 90' lang='lat' dir='ltr'><strong>contentus.</strong></span> <span class='ocrx_word' id='word_1_367' title='bbox 1232 4609 1366 4677; x_wconf 88' lang='lat' dir='ltr'><strong>Sed</strong></span> <span class='ocrx_word' id='word_1_368' title='bbox 1404 4611 1463 4675; x_wconf 87' lang='lat' dir='ltr'><strong>si</strong></span> <span class='ocrx_word' id='word_1_369' title='bbox 1507 4618 1736 4697; x_wconf 87' lang='lat' dir='ltr'><strong>pastus</strong></span> <span class='ocrx_word' id='word_1_370' title='bbox 1776 4608 2364 4697; x_wconf 87' lang='lat' dir='ltr'><strong>promovendorum</strong></span> <span class='ocrx_word' id='word_1_371' title='bbox 2406 4607 2493 4674; x_wconf 88' lang='lat' dir='ltr'><strong>ad</strong></span> <span class='ocrx_word' id='word_1_372' title='bbox 2531 4617 2781 4675; x_wconf 86' lang='lat' dir='ltr'><strong>tantam</strong></span> <span class='ocrx_word' id='word_1_373' title='bbox 2808 4632 3124 4676; x_wconf 88' lang='lat' dir='ltr'><strong>summam</strong></span> <span class='ocrx_word' id='word_1_374' title='bbox 3169 4633 3239 4676; x_wconf 92' lang='lat' dir='ltr'><strong>se</strong></span> <span class='ocrx_word' id='word_1_375' title='bbox 3279 4635 3415 4680; x_wconf 91' lang='lat' dir='ltr'><strong>non</strong></span> <span class='ocrx_word' id='word_1_376' title='bbox 3456 4622 3662 4680; x_wconf 86' lang='lat' dir='ltr'><strong>exten·</strong></span> 
     </span>
     <span class='ocr_line' id='line_1_39' title="bbox 816 4709 3660 4801; baseline 0.001 -24"><span class='ocrx_word' id='word_1_377' title='bbox 816 4711 989 4777; x_wconf 89' lang='lat' dir='ltr'><strong>derit</strong></span> <span class='ocrx_word' id='word_1_378' title='bbox 1003 4761 1024 4796; x_wconf 96' lang='lat'><strong>,</strong></span> <span class='ocrx_word' id='word_1_379' title='bbox 1088 4709 1363 4776; x_wconf 85' lang='lat' dir='ltr'><strong>facultas</strong></span> <span class='ocrx_word' id='word_1_380' title='bbox 1418 4709 1719 4798; x_wconf 88' lang='lat' dir='ltr'><strong>suppleat</strong></span> <span class='ocrx_word' id='word_1_381' title='bbox 1769 4731 2106 4774; x_wconf 89' lang='lat' dir='ltr'><strong>numerum</strong></span> <span class='ocrx_word' id='word_1_382' title='bbox 2155 4717 2641 4797; x_wconf 79' lang='lat' dir='ltr'><strong>praetaxatum3</strong></span> <span class='ocrx_word' id='word_1_383' title='bbox 2710 4709 2766 4774; x_wconf 92' lang='lat' dir='ltr'><strong>si</strong></span> <span class='ocrx_word' id='word_1_384' title='bbox 2824 4709 2983 4798; x_wconf 87' lang='lat' dir='ltr'><strong>quid</strong></span> <span class='ocrx_word' id='word_1_385' title='bbox 3051 4718 3264 4776; x_wconf 90' lang='lat' dir='ltr'><strong>autem</strong></span> <span class='ocrx_word' id='word_1_386' title='bbox 3324 4714 3660 4801; x_wconf 84' lang='lat' dir='ltr'><strong>supererit,</strong></span> 
     </span>
     <span class='ocr_line' id='line_1_40' title="bbox 813 4808 3663 4901; baseline 0.001 -24"><span class='ocrx_word' id='word_1_387' title='bbox 813 4811 1013 4879; x_wconf 89' lang='lat' dir='ltr'><strong>cedat</strong></span> <span class='ocrx_word' id='word_1_388' title='bbox 1064 4809 1376 4881; x_wconf 89' lang='lat' dir='ltr'><strong>facultati.</strong></span> <span class='ocrx_word' id='word_1_389' title='bbox 1457 4809 1547 4880; x_wconf 80' lang='lat' dir='ltr'><strong>Et</strong></span> <span class='ocrx_word' id='word_1_390' title='bbox 1586 4808 1711 4877; x_wconf 92' lang='lat' dir='ltr'><strong>hoc</strong></span> <span class='ocrx_word' id='word_1_391' title='bbox 1767 4817 2063 4875; x_wconf 85' lang='lat' dir='ltr'><strong>teneatur</strong></span> <span class='ocrx_word' id='word_1_392' title='bbox 2075 4857 2095 4893; x_wconf 92' lang='lat'><strong>,</strong></span> <span class='ocrx_word' id='word_1_393' title='bbox 2149 4830 2482 4897; x_wconf 88' lang='lat' dir='ltr'><strong>quousque</strong></span> <span class='ocrx_word' id='word_1_394' title='bbox 2532 4810 2719 4876; x_wconf 81' lang='lat' dir='ltr'><strong>iuxta</strong></span> <span class='ocrx_word' id='word_1_395' title='bbox 2769 4817 3133 4899; x_wconf 89' lang='lat' dir='ltr'><strong>temporum</strong></span> <span class='ocrx_word' id='word_1_396' title='bbox 3181 4808 3663 4901; x_wconf 86' lang='lat' dir='ltr'><strong>dispositionem</strong></span> 
     </span>
     <span class='ocr_line' id='line_1_41' title="bbox 729 4908 1904 4997; baseline -0.002 -20"><span class='ocrx_word' id='word_1_397' title='bbox 729 4921 797 4977; x_wconf 80' lang='lat'><strong>40</strong></span> <span class='ocrx_word' id='word_1_398' title='bbox 817 4909 1007 4997; x_wconf 79' lang='lat' dir='ltr'><strong>aliter</strong></span> <span class='ocrx_word' id='word_1_399' title='bbox 1052 4910 1418 4979; x_wconf 85' lang='lat' dir='ltr'><strong>decreverit</strong></span> <span class='ocrx_word' id='word_1_400' title='bbox 1456 4908 1904 4978; x_wconf 87' lang='lat' dir='ltr'><strong>ordinandum.</strong></span> 
     </span>
    </p>
   </div>
   <div class='ocr_carea' id='block_1_8' title="bbox 1711 5084 2665 5144">
    <p class='ocr_par' dir='ltr' id='par_1_13' title="bbox 1711 5084 2665 5144">
     <span class='ocr_line' id='line_1_42' title="bbox 1711 5084 2665 5144; baseline 0 0"><span class='ocrx_word' id='word_1_401' title='bbox 1711 5084 1768 5144; x_wconf 87' lang='grc'><strong>4.</strong></span> <span class='ocrx_word' id='word_1_402' title='bbox 1808 5091 1905 5140; x_wconf 78' lang='grc' dir='ltr'><strong>ΒΕ</strong></span> <span class='ocrx_word' id='word_1_403' title='bbox 1948 5090 2347 5142; x_wconf 65' lang='lat' dir='ltr'><strong>ammom</strong></span> <span class='ocrx_word' id='word_1_404' title='bbox 2388 5090 2665 5144; x_wconf 72' lang='lat' dir='ltr'><strong>mmm.</strong></span> 
     </span>
    </p>
   </div>
   <div class='ocr_carea' id='block_1_9' title="bbox 815 5207 3657 5412">
    <p class='ocr_par' dir='ltr' id='par_1_14' title="bbox 815 5207 3657 5412">
     <span class='ocr_line' id='line_1_43' title="bbox 978 5207 3657 5298; baseline 0.002 -24"><span class='ocrx_word' id='word_1_405' title='bbox 978 5209 1147 5275; x_wconf 89' lang='lat' dir='ltr'><strong>Item</strong></span> <span class='ocrx_word' id='word_1_406' title='bbox 1173 5210 1260 5277; x_wconf 85' lang='lat' dir='ltr'><strong>ad</strong></span> <span class='ocrx_word' id='word_1_407' title='bbox 1301 5209 1700 5278; x_wconf 89' lang='lat' dir='ltr'><strong>obviandum</strong></span> <span class='ocrx_word' id='word_1_408' title='bbox 1740 5208 2041 5298; x_wconf 88' lang='lat' dir='ltr'><strong>plurimis</strong></span> <span class='ocrx_word' id='word_1_409' title='bbox 2080 5208 2407 5297; x_wconf 85' lang='lat' dir='ltr'><strong>pestiferis</strong></span> <span class='ocrx_word' id='word_1_410' title='bbox 2446 5207 2879 5277; x_wconf 86' lang='lat' dir='ltr'><strong>familiaribus</strong></span> <span class='ocrx_word' id='word_1_411' title='bbox 2917 5208 3288 5276; x_wconf 90' lang='lat' dir='ltr'><strong>inimiciciis</strong></span> <span class='ocrx_word' id='word_1_412' title='bbox 3327 5209 3657 5279; x_wconf 83' lang='lat' dir='ltr'><strong>fallacibus</strong></span> 
     </span>
     <span class='ocr_line' id='line_1_44' title="bbox 815 5307 3654 5412; baseline 0 -33"><span class='ocrx_word' id='word_1_413' title='bbox 815 5320 881 5379; x_wconf 87' lang='lat' dir='ltr'><strong>et</strong></span> <span class='ocrx_word' id='word_1_414' title='bbox 919 5309 1188 5378; x_wconf 89' lang='lat' dir='ltr'><strong>occultis</strong></span> <span class='ocrx_word' id='word_1_415' title='bbox 1201 5361 1220 5396; x_wconf 91' lang='lat'><em>‚</em></span> <span class='ocrx_word' id='word_1_416' title='bbox 1277 5312 1346 5377; x_wconf 92' lang='lat' dir='ltr'><strong>in</strong></span> <span class='ocrx_word' id='word_1_417' title='bbox 1386 5311 1680 5412; x_wconf 66' lang='lat' dir='ltr'><strong>nocendo</strong></span> <span class='ocrx_word' id='word_1_418' title='bbox 1723 5307 2199 5376; x_wconf 87' lang='lat' dir='ltr'><strong>efficacioribus</strong></span> <span class='ocrx_word' id='word_1_419' title='bbox 2245 5308 2412 5376; x_wconf 86' lang='lat' dir='ltr'><strong>odiis</strong></span> <span class='ocrx_word' id='word_1_420' title='bbox 2455 5319 2519 5376; x_wconf 89' lang='lat' dir='ltr'><strong>et</strong></span> <span class='ocrx_word' id='word_1_421' title='bbox 2558 5309 2940 5378; x_wconf 87' lang='lat' dir='ltr'><strong>rancoribus</strong></span> <span class='ocrx_word' id='word_1_422' title='bbox 2975 5310 3339 5380; x_wconf 81' lang='lat' dir='ltr'><strong>manifestis</strong></span> <span class='ocrx_word' id='word_1_423' title='bbox 3352 5362 3374 5398; x_wconf 94' lang='lat'><strong>,</strong></span> <span class='ocrx_word' id='word_1_424' title='bbox 3435 5312 3654 5402; x_wconf 80' lang='lat' dir='ltr'><strong>placet,</strong></span> 
     </span>
    </p>
   </div>
   <div class='ocr_carea' id='block_1_10' title="bbox 3923 3050 3932 6314">
    <p class='ocr_par' dir='ltr' id='par_1_15' title="bbox 3923 3050 3932 6314">
     <span class='ocr_line' id='line_1_45' title="bbox 3923 3050 3932 6314; baseline 0 0"><span class='ocrx_word' id='word_1_425' title='bbox 3923 3050 3932 6314; x_wconf 95' lang='lat' dir='ltr'><strong> </strong></span> 
     </span>
    </p>
   </div>
  </div>
 </body>
</html>
