4038 6358
898 587 1024 653 562
1921 587 2022 639 Die
2061 588 2430 655 theologische
2463 588 2720 641 Facultat.

900 767 1305 854 theologicae
1346 769 1671 835 facultatis
1715 779 1867 836 tunc
1911 781 2285 858 praesentes
2333 772 2687 860 aequaliter
2730 770 3145 855 dividendos,
3199 772 3359 837 dare
3402 768 3648 836 debent
3688 779 3756 835 et

901 867 1272 955 persolvere
1302 890 1450 933 cum
1487 870 1736 951 effectu,
1780 869 1866 934 ad
1911 870 2084 958 quod
2124 872 2330 936 eciam
2370 873 2505 937 suis
2546 871 2755 938 literis
2794 870 3197 957 theologicae
3234 871 3533 937 facultati
3574 869 3753 935 datis

899 990 969 1031 se
1019 977 1370 1053 spontanee
1414 967 1801 1055 obligarunt.

1069 1140 1165 1202 39.
1213 1129 1336 1219 [Bl.
1363 1131 1493 1221 22³]
1539 1134 1728 1200 Anno
1765 1135 2006 1200 domini
2041 1140 2196 1202 1492
2238 1136 2307 1199 in
2349 1136 2635 1222 profesto
2677 1144 2940 1200 sanctae
2964 1135 3219 1221 Agatae
3242 1139 3326 1218 (d.
3350 1142 3409 1202 5.
3428 1139 3749 1213 Febr-aar)

815 1245 847 1299 5
902 1233 1268 1299 conclusum
1315 1234 1437 1298 fuit
1478 1235 1885 1299 concorditer
1929 1257 2045 1322 per
2100 1257 2318 1301 omnes
2373 1233 2666 1299 doctores
2725 1233 2805 1299 de
2858 1234 3127 1300 consilio
3180 1234 3518 1299 facultatis
3570 1233 3748 1297 theo-

896 1333 1178 1420 logicae,
1224 1334 1427 1417 quod,
1474 1335 1529 1398 si
1589 1335 1766 1422 quie,
1827 1335 1963 1398 sive
2016 1334 2324 1399 secularis
2380 1335 2518 1398 sive
2569 1332 2944 1418 religiosae,
2998 1343 3370 1421 assumptus
3420 1332 3618 1397 fuerit
3673 1334 3743 1395 in

899 1431 1339 1496 baccalarium
1399 1430 1766 1519 theologiae
1824 1433 1908 1498 ad
1963 1432 2306 1520 legendum
2366 1455 2625 1497 cursum
2681 1431 2785 1498 vel
2829 1433 3189 1497 sentencias
3230 1442 3421 1496 extra
3460 1452 3749 1495 mensem

903 1529 1377 1616 theologorum,
1422 1531 1592 1618 quod
1631 1531 1803 1597 ultra
1850 1532 2103 1599 solitam
2145 1533 2515 1618 pecuniam,
2560 1554 2754 1618 quam
2808 1541 3063 1596 tenetur
3119 1531 3371 1596 solvere
3413 1532 3484 1595 in
3530 1553 3750 1595 mense

901 1628 1350 1715 theologorum
1394 1653 1513 1717 pro
1554 1632 2004 1697 consolacione
2048 1632 2413 1712 doctorum,
2458 1632 2663 1695 eciam
2712 1632 2796 1695 sit
2852 1629 3174 1717 obligatus
3229 1631 3314 1695 ad
3359 1628 3743 1695 solvendum

820 1738 884 1793 10
907 1750 1103 1793 unum
1145 1727 1457 1793 florenum
1501 1752 1832 1796 renensem
1877 1741 2148 1819 propter
2190 1731 2330 1812 hoc,
2375 1729 2547 1816 quod
2590 1740 2779 1794 extra
2819 1752 3105 1794 mensem
3147 1728 3484 1815 recipitur.

1069 1901 1165 1960 40.
1208 1891 1399 1958 Anno
1449 1901 1605 1961 1502
1651 1894 1755 1961 die
1798 1906 2031 1983 quarta
2074 1897 2312 1960 mensis
2350 1894 2736 1960 Novembris
2781 1892 2872 1981 (d.
2894 1902 2953 1959 4.
2974 1899 3325 1972 November)
3369 1894 3741 1960 conclusum

900 1995 1023 2059 fuit
1069 1993 1471 2059 concorditer
1514 2002 1579 2058 et
1620 2003 1923 2060 statutum
1947 2045 1965 2078 ,
2033 1995 2205 2082 quod
2258 1996 2325 2059 in
2390 2003 2582 2059 antea
2633 1993 2720 2058 ad
2771 1991 3117 2080 legendum
3155 2016 3415 2059 cursum
3459 1996 3533 2057 in
3570 1993 3741 2059 theo-

898 2092 1107 2179 logia,
1148 2093 1275 2156 nisi
1324 2115 1393 2157 se
1435 2092 1599 2157 velle
1652 2094 1793 2159 fieri
1850 2092 2153 2159 clericum
2193 2095 2595 2182 promiserit,
2643 2091 2728 2157 ad
2770 2094 3132 2158 sentencias
3170 2116 3324 2159 vero
3369 2116 3496 2179 pro
3538 2093 3742 2158 forma

899 2191 1243 2279 legendas,
1297 2192 1422 2255 nisi
1467 2191 1548 2256 de
1589 2193 1764 2258 facto
1809 2195 1876 2259 in
1915 2192 2274 2259 minoribus
2319 2195 2587 2275 existat,
2634 2191 2720 2257 ad
2774 2191 3112 2258 licenciam
3172 2203 3388 2258 autem
3428 2194 3740 2279 recipien-

819 2303 880 2357 15
901 2291 1074 2373 dum,
1112 2291 1238 2354 nisi
1283 2291 1350 2353 in
1391 2290 1744 2356 maioribus
1791 2292 2149 2374 ordinibus,
2190 2292 2276 2357 ad
2315 2293 2526 2358 minus
2575 2289 3097 2374 subdiaconatum,
3139 2303 3288 2357 actu
3342 2292 3548 2356 fuerit
3602 2314 3738 2356 con·

899 2393 1186 2471 stitutus,
1234 2410 1352 2476 per
1393 2390 1765 2456 facultatem
1807 2391 2236 2478 theologicam
2296 2393 2554 2457 omnino
2610 2414 2742 2455 non
2803 2390 3249 2461 admittatur:¹
3308 2390 3484 2478 quod
3542 2393 3735 2455 eciam

898 2488 1197 2556 doctores
1252 2498 1316 2554 et
1367 2488 1694 2556 licenciati
1748 2513 2021 2556 unacum
2078 2490 2463 2557 baccalariis
2513 2491 2583 2554 in
2638 2490 2979 2576 principiis
3034 2492 3104 2555 in
3160 2513 3424 2555 cursum
3487 2504 3555 2554 et
3610 2512 3737 2554 sen·

896 2591 1143 2655 tencias
1194 2598 1305 2653 aut
1345 2587 1681 2654 licenciam
1725 2590 2163 2676 recipiendam
2206 2613 2325 2675 pro
2375 2590 2618 2655 honore
2660 2589 2987 2654 facultatis
3029 2588 3432 2676 theologicae
3479 2600 3732 2654 tenean-

894 2700 998 2753 tur
1042 2690 1374 2754 interesse.

811 2864 880 2920 20
1432 2862 1526 2923 41.
1576 2852 1699 2941 [Bl.
1725 2854 1867 2942 22b]
1925 2874 2229 2921 mrrssaA
2272 2873 2409 2921 pao
2454 2872 3212 2921 vaCANCELLAmATn.

1059 2987 1624 3055 Reverendissime
1691 2996 1875 3075 pater
1940 2997 2004 3052 et
2075 2986 2334 3054 domine
2397 2989 2913 3074 graciosissimel
3009 2988 3287 3053 Vestrae
3358 2989 3737 3075 paternitati

894 3088 1241 3152 affectuose
1319 3087 1915 3153 recommendamus
1976 3087 2382 3153 venerabiles
2441 3090 2660 3172 viros,
2726 3087 3030 3153 videlicet
3088 3089 3438 3172 magistros
3506 3087 3587 3152 N.
3647 3087 3738 3169 N„

894 3189 1207 3253 attencius
1254 3187 1730 3275 supplicantes,
1774 3185 2088 3275 quatenus
2136 3198 2356 3252 vestra
2396 3199 2671 3276 paterna
2723 3190 2930 3275 pietas
2974 3187 3374 3302 theologicae
3412 3187 3737 3252 facultatis

902 3290 1139 3352 intuitu
1189 3286 1556 3352 honorabili
1610 3290 1786 3370 viro,
1847 3286 2109 3352 domino
2160 3289 2472 3373 magistro
2532 3288 2632 3371 N„
2684 3289 2754 3352 in
2814 3310 3002 3353 sacra
3062 3288 3308 3404 pagina
3360 3287 3737 3403 professori,

809 3397 875 3453 25
897 3388 1308 3452 autoritatem
1366 3387 1525 3452 velit
1582 3386 1932 3454 concedere
2004 3387 2314 3474 praefatis
2384 3389 2717 3473 magistris
2780 3387 3117 3453 licenciam
3178 3390 3246 3453 in
3304 3388 3739 3474 sacrapagina

897 3484 1306 3567 conferendi,
1365 3486 1536 3571 quod
1595 3489 1761 3552 votis
1820 3486 2118 3551 omnibus
2179 3486 2356 3574 apud
2419 3487 2689 3558 eandem
2732 3487 2810 3554 V.
2862 3488 2939 3551 P.
2995 3489 3293 3576 cupimus
3359 3488 3737 3574 promereri.

895 3586 1051 3654 Dat.
1095 3584 1397 3671 Liptzk
1379 3608 1525 3672 ipso
1566 3585 1669 3651 die
1713 3597 1831 3651 etc.
1919 3585 2054 3650 Sub
2100 3584 2311 3670 sigillo
2356 3585 2457 3668 N„
2501 3606 2628 3672 quo
2675 3589 2918 3652 utimur
2958 3609 3077 3674 pro
3119 3589 3469 3675 praesenti.

1099 3701 1375 3766 Vestrae
1418 3703 1829 3787 paternitatis
1872 3700 2145 3766 humiles
2189 3712 2497 3784 oratores,
2540 3703 2824 3767 decanus
2868 3703 3190 3789 ceterique
3232 3704 3535 3789 magistri

1474 3800 1798 3866 facultatis
1841 3800 2245 3887 theologicae
2286 3803 2728 3867 universitatis
2764 3799 3152 3888 Liptzensis.

811 3926 880 3980 30
1061 3916 1624 3983 Reverendissimo
1681 3919 1747 3981 in
1802 3918 2016 3985 Cristo
2072 3920 2246 4005 patri
2302 3940 2381 3982 ac
2438 3917 2725 4001 domino,
2782 3917 3041 3984 domino
3085 3919 3184 4002 N,
3248 3919 3566 4005 episcopo

1223 4014 1778 4102 Merssburgensi‚
1824 4018 2270 4082 universitatis
2313 4017 2685 4103 Liptzensis
2739 4017 3127 4083 cancellario
3189 4019 3400 4099 unicO,

1772 4116 2031 4182 domino
2072 4125 2294 4182 nostro
2338 4118 2839 4202 graciosissimo.

1567 4322 1667 4383 42.
1723 4332 2029 4379 ιιΤΤΕΒΑ
2070 4332 2485 4381 vo0A01oms
2526 4334 2618 4379 An
2663 4332 3053 4382 momentu.

1050 4444 1471 4512 Honorabilis
1506 4447 1762 4513 domine
1800 4448 2129 4534 magister,
2171 4449 2311 4512 sitis
2357 4471 2502 4513 cras
2542 4447 2706 4513 hora
2742 4472 2914 4515 nona
2957 4450 3023 4514 in
3064 4448 3328 4514 lectorio
3365 4449 3726 4514 ordinaria·

805 4555 870 4611 35
889 4568 1030 4611 rum
1080 4542 1183 4632 [23
1203 4543 1253 4633 ⁸]
1293 4546 1808 4634 disputacionum
1853 4546 1938 4611 ad
1983 4546 2371 4634 capiendum
2414 4546 2755 4613 licenciam
2806 4549 2875 4613 in
2916 4571 3106 4614 sacra
3145 4546 3489 4635 theologia.
3573 4549 3725 4615 Dat.

888 4668 1056 4711 anno
1101 4644 1217 4710 tali
1261 4639 1323 4710 et
1366 4645 1471 4710 die
1511 4645 1626 4710 tali
1668 4656 1787 4711 etc.

1703 4760 2019 4848 Magister
2065 4763 2161 4827 .N.
2205 4786 2434 4830 sacrae
2477 4763 2841 4851 theologiae
2880 4766 3212 4852 professor
3254 4774 3318 4829 et
3360 4763 3646 4829 decanus

2295 4862 2622 4928 facultatis
2663 4863 2971 4930 eiusdem.

1339 4975 1728 5043 Honorabili
1769 4979 1943 5062 vir0,
1988 4978 2249 5045 domino
2302 4983 2616 5067 magistro
2660 4980 2779 5064 .N.,
2821 4980 2906 5045 ad
2946 4978 3285 5046 licenciam

799 5083 866 5140 40
1798 5079 1866 5141 in
1910 5100 2100 5142 sacra
2137 5078 2463 5165 theologia
2505 5078 2807 5146 admissa

1059 5265 1076 5314 1
1118 5258 1228 5314 Am
1263 5259 1481 5313 Raude:
1528 5259 1638 5321 Qui
1670 5279 1779 5313 non
1814 5268 1890 5314 est
1925 5261 1984 5314 iu
2019 5261 2306 5314 ordinibus
2336 5262 2654 5330 maioribus,
2690 5278 2802 5314 non
2833 5260 3159 5315 admittat&
3189 5263 3273 5314 ad
3304 5260 3568 5318 leun-enm.
