4038 6358
891 615 1015 681 426
1881 619 1980 671 Die
2016 621 2456 687 philo-ophiuchos
2491 623 2748 677 Faculffit.

890 816 1042 860 nam
1085 796 1608 884 disputationem.
1693 799 1921 867 Eciam
1966 801 2204 870 debent
2245 814 2668 872 conventores
2709 805 2933 894 lupos¹
2977 809 3386 890 constituere,
3440 808 3566 896 qui
3605 805 3741 873 vul·

892 898 1254 982 garisantes
1297 898 1687 984 inscribant,
1749 913 1813 967 et
1864 924 2140 990 poenam
2186 905 2269 970 ab
2323 907 2416 970 eis
2461 908 2635 971 omni
2673 905 3085 974 hebdomada
3133 906 3255 974 sub
3299 928 3517 995 poena
3560 906 3744 994 dupli

890 1004 1293 1085 extorquere.
1380 998 1468 1063 Et
1530 1008 1601 1065 ut
1671 1000 2035 1088 aliqualiter
2093 1006 2423 1092 magistris
2489 1005 2571 1072 de
2635 1005 2902 1072 consilio
2962 1006 3293 1074 facultatis
3356 1008 3742 1088 innotescat,

892 1118 1022 1182 qua
1077 1093 1424 1183 diligencia
1476 1102 1913 1189 unusquisque
1956 1113 2310 1169 conventor
2345 1112 2536 1170 suam
2575 1105 2844 1187 bursam
2896 1114 3113 1193 regat,
3171 1106 3413 1172 debent
3461 1128 3743 1172 conven-

807 1202 841 1259 5
894 1201 1067 1258 tores
1124 1217 1264 1261 esse
1319 1199 1602 1263 asstricti
1658 1198 2030 1266 huiusmodi
2090 1203 2386 1269 scedulas
2443 1204 2808 1271 defectuum
2868 1206 3006 1271 sive
3063 1206 3629 1293 negligenciarum
3684 1218 3745 1272 et

888 1295 1261 1380 punitorum
1305 1295 1391 1362 ad
1443 1297 1814 1364 facultatem
1855 1312 2276 1387 praesentare
2315 1314 2607 1391 tempore
2650 1303 3169 1392 dispensationis.
3248 1304 3444 1387 Quod
3481 1306 3544 1372 si
3589 1316 3743 1371 tunc

886 1402 1214 1479 repertum
1276 1396 1500 1480 fuerit,
1566 1420 1709 1462 eum
1776 1423 1907 1465 non
1967 1401 2071 1467 bis
2134 1404 2202 1468 in
2267 1405 2630 1490 septimana
2686 1404 3016 1487 visitasse,
3077 1405 3401 1471 indicatur
3459 1414 3624 1471 tunc
3683 1408 3742 1471 ei

890 1514 1121 1580 poena,
1176 1495 1351 1581 quod
1405 1496 1613 1562 solvat
1665 1500 1994 1584 magistris
2048 1500 2128 1568 de
2181 1501 2451 1568 consilio
2498 1502 2833 1569 dimidium
2875 1504 3192 1570 florenum
3235 1514 3301 1570 et
3344 1507 3432 1570 sit
3471 1528 3741 1594 suspen·

888 1617 997 1659 sus
1054 1594 1137 1660 ab
1196 1596 1450 1665 actibus
1498 1595 1876 1680 scolasticis,
1936 1599 2142 1667 donec
2200 1602 2430 1667 solvat.
2514 1602 2602 1668 Et
2654 1605 2708 1669 si
2758 1605 2826 1668 in
2885 1606 3255 1671 extorsione
3311 1626 3562 1692 poenae
3618 1629 3737 1693 pro

811 1702 873 1758 10
891 1693 1407 1779 vulgarisacione
1450 1705 1513 1761 et
1552 1696 1694 1762 aliis
1732 1698 2068 1788 negligens
2111 1712 2477 1789 compertus
2517 1702 2728 1787 fuerit,
2770 1703 3102 1769 emendari
3142 1703 3339 1770 debet
3379 1727 3493 1792 per
3533 1705 3736 1771 facul-

886 1801 1082 1859 tatem
1125 1816 1336 1882 poena
1376 1795 1745 1864 arbitraria.

1261 1969 1357 2032 23·
1401 1983 1539 2031 PRO
1583 1983 1900 2033 FIRMIORI
1940 1987 2387 2036 EXECUTIONE
2433 1988 2709 2037 OMNIUM
2749 1958 3358 2037 PRAEGEDENTmM.

1050 2094 1359 2162 Decanus
1404 2107 1656 2165 tenetur
1698 2101 1818 2167 sub
1863 2126 1980 2168 suo
2027 2104 2388 2170 iuramento
2433 2126 2678 2191 poenas
2723 2102 3073 2173 secundum
3112 2105 3479 2191 praemissa
3519 2116 3731 2171 extor-

892 2216 1086 2282 quere
1128 2194 1212 2260 ab
1255 2197 1736 2283 excedentibuS,
1783 2203 1894 2289 qui
1939 2203 1997 2267 si
2040 2201 2121 2268 de
2167 2203 2434 2268 consilio
2476 2202 2800 2269 facultatis
2844 2203 3110 2281 fuerint,
3163 2225 3272 2269 eos
3325 2204 3499 2271 nullo
3539 2204 3728 2270 modo

805 2302 864 2357 15
888 2291 973 2358 ad
1023 2294 1361 2361 consilium
1403 2319 1659 2381 vocare,
1711 2302 1839 2366 nisi
1882 2301 2063 2388 prius
2120 2325 2415 2390 poenam,
2468 2305 2535 2367 in
2588 2325 2783 2388 quarn
2834 2302 3228 2385 inciderunt,
3286 2303 3728 2392 persolverint,

886 2402 950 2457 et
994 2393 1156 2459 alios
1193 2406 1382 2461 extra
1425 2397 1760 2463 consilium
1807 2400 1891 2466 ab
1937 2400 2191 2467 actibus
2235 2401 2593 2468 scolasticis
2634 2402 2948 2490 repellere
2975 2413 3042 2467 et
3070 2403 3482 2490 suspendere,
3526 2403 3730 2469 donec

885 2493 1344 2579 satisfecerint,
1411 2496 1529 2562 sub
1596 2521 1809 2585 poena
1863 2522 2071 2566 novae
2134 2524 2502 2589 sexagenas
2558 2501 2662 2567 vel
2729 2503 3174 2589 suspensionis
3240 2512 3392 2590 post
3441 2503 3725 2569 functum

889 2592 1187 2677 officium,
1232 2594 1437 2661 donec
1480 2596 1764 2663 solverit.

942 2800 949 2803 .
1048 2744 1212 2810 Item
1268 2745 1613 2813 modernus
1668 2747 1949 2815 decanus
2004 2760 2298 2839 tempore
2348 2750 2681 2819 electionis
2732 2750 3206 2837 clavigerorum
3249 2759 3372 2817 etc.
3420 2749 3616 2817 debet
3663 2760 3721 2816 et

799 2852 867 2909 20
884 2852 1134 2913 tenetur
1195 2844 1313 2910 sub
1369 2867 1484 2911 suo
1540 2847 1900 2916 iuramento
1958 2860 2108 2937 post
2166 2850 2547 2917 electionem
2598 2873 2819 2917 omnes
2876 2851 3226 2937 magistros
3283 2851 3367 2917 de
3423 2849 3721 2916 facultate

885 2941 1141 3027 audire,
1199 2943 1459 3032 dempto
1513 2946 1650 3013 solo
1706 2949 1972 3035 antiquo
2029 2949 2293 3034 decano,
2349 2952 2462 3039 qui
2519 2959 2674 3019 tunc
2726 2949 2956 3017 cedere
3010 2959 3283 3016 tenetur.
3365 2950 3456 3015 Et
3507 2972 3720 3016 omnes

882 3045 1177 3129 magistri
1219 3044 1455 3111 debent
1490 3069 1635 3113 esse
1678 3050 1963 3115 asstricti
2005 3058 2159 3115 tunc
2199 3051 2268 3115 in
2309 3048 2642 3136 publicum
2669 3070 3071 3138 proponere,
3116 3051 3174 3115 si
3216 3049 3375 3137 quid
3416 3051 3512 3115 eis
3548 3051 3717 3115 inno-

880 3151 1119 3227 tescat,
1179 3145 1249 3211 in
1310 3168 1438 3233 quo
1493 3147 1796 3235 antiquus
1852 3148 2136 3215 decanus
2193 3160 2420 3215 contra
2477 3145 2582 3238 [26
2594 3146 2646 3237 ⁸]
2704 3148 2867 3215 haec
2924 3157 2989 3215 et
3046 3148 3178 3215 alia
3236 3158 3481 3216 statuta
3533 3149 3714 3215 fuerit

882 3243 1237 3330 negligens,
1293 3245 1465 3334 quod
1512 3256 1665 3312 tunc
1706 3270 1824 3334 per
1866 3248 2243 3314 modernum
2294 3248 2609 3316 decanum
2651 3249 2910 3315 nomine
2950 3248 3279 3315 facultatis
3321 3249 3518 3315 debet
3555 3249 3714 3316 obici

800 3349 868 3408 2⁵
887 3344 1174 3431 antiquo,
1230 3346 1337 3434 qui
1394 3347 1453 3411 si
1503 3369 1572 3412 se
1624 3346 1942 3433 legittime
1983 3370 2112 3412 non
2155 3349 2323 3413 tueri
2376 3351 2644 3435 poterit,
2699 3348 2975 3416 facultas
3029 3349 3214 3414 iuxta
3256 3358 3497 3414 statuta
3537 3348 3717 3414 debet

884 3444 944 3508 ei
983 3443 1281 3530 infligere
1320 3467 1594 3533 poenam
1633 3445 1739 3511 vel
1790 3468 2055 3534 poenas,
2117 3470 2313 3535 quam
2363 3448 2465 3514 vel
2524 3472 2684 3537 quas
2736 3447 2995 3531 incidit,
3048 3456 3114 3514 et
3166 3447 3714 3534 clavigeris-man·

886 3541 1066 3627 dare,
1120 3543 1292 3630 quod
1334 3545 1395 3610 ei
1435 3545 1628 3611 talem
1682 3568 1956 3632 poenam
2000 3544 2346 3613 detrahant
2389 3548 2632 3618 eidem²
2676 3547 2758 3613 de
2802 3546 3061 3612 salario.
3142 3545 3339 3627 Quod
3379 3549 3436 3614 si
3472 3570 3715 3615 recusa·

880 3645 1052 3709 verit
1112 3645 1415 3732 antiquus
1470 3644 1753 3711 decanus
1809 3653 1874 3710 et
1923 3645 2119 3711 vellet
2176 3669 2368 3714 suum
2429 3646 2738 3713 salarium
2792 3648 3117 3733 integrum
3176 3655 3473 3732 servare,
3540 3648 3716 3714 debet

882 3766 1026 3811 esse
1060 3764 1431 3830 suspensus,
1473 3743 1680 3811 donec
1717 3745 1943 3812 solvat.

798 3918 868 3976 30
1616 3917 1717 3981 24.
1759 3930 1853 3978 nn
1897 3930 2098 3979 nono
2142 3929 2543 3980 nncmmnm
2586 3929 2977 3980 Exnnclcm.

1045 4044 1146 4109 Ne
1199 4043 1483 4112 defectus
1539 4047 1874 4134 contingat
1923 4048 1992 4112 in
2039 4046 2397 4130 exerciciiS,
2452 4046 2693 4134 placet,
2747 4046 2919 4135 quod
2973 4046 3257 4113 decanus
3311 4045 3382 4110 in
3425 4044 3712 4111 distribu-

882 4146 1057 4209 tione
1097 4144 1507 4211 lectoriorum
1545 4156 1857 4213 convocet
1900 4168 2123 4212 omnes
2167 4147 2517 4233 magistros
2557 4148 2626 4212 in
2667 4145 2933 4214 consilio
2975 4156 3044 4212 et
3080 4155 3288 4229 extra,
3330 4142 3710 4232 publicando

886 4245 979 4312 eis
1022 4252 1263 4309 statuta
1317 4241 1398 4310 'de
1438 4243 1629 4311 modo
1685 4244 1943 4332 legendi
1984 4255 2049 4311 et
2107 4244 2457 4311 exercendi
2508 4256 2646 4331 etc.,
2702 4256 2769 4312 et
2818 4246 3104 4335 inquirat
3155 4254 3312 4322 tunc
3364 4267 3406 4309 a
3462 4243 3712 4330 singulis

882 4346 1232 4431 magistris,
1282 4342 1643 4411 cuiusmodi
1695 4345 2087 4411 exercicium
2139 4354 2202 4411 et
2245 4346 2313 4410 in
2368 4368 2493 4434 quo
2547 4346 2689 4413 loco
2731 4345 2893 4412 velit
2931 4345 3284 4433 disputare.
3370 4341 3462 4408 Et
3504 4344 3563 4408 si
3614 4342 3710 4408 ali·

799 4454 866 4514 35
886 4467 1052 4546 quae
1103 4443 1429 4510 exercicia
1481 4465 1612 4510 non
1652 4444 2095 4532 reciperentur
2149 4445 2233 4510 ab
2293 4445 2557 4530 eisdem,
2612 4445 2784 4531 quod
2840 4456 2991 4512 tunc
3038 4444 3325 4511 decanus
3385 4465 3538 4508 cum
3586 4465 3712 4509 con·

1053 4715 1078 4766 1
1119 4709 1261 4766 Hier
1289 4709 1525 4782 erledigt
1556 4710 1675 4766 sich
1707 4710 1796 4767 die
1815 4711 2002 4783 Frage
2025 4708 2170 4766 nach
2196 4710 2296 4765 der
2313 4708 2644 4780 Bedeutung
2679 4727 2789 4765 von
2824 4709 3001 4780 lupus,
3034 4706 3128 4763 die
3158 4705 3250 4762 ich
3286 4706 3345 4761 in
3379 4706 3491 4762 den
3525 4706 3715 4778 „Deut-

880 4795 1053 4852 schen
1085 4794 1335 4852 Univers.
1370 4792 1444 4849 im
1480 4793 1609 4852 MA
1610 4797 1642 4826 ‘⁴
1680 4796 1736 4853 S.
1769 4799 1870 4851 230
1901 4794 1995 4866 (zu
2031 4793 2233 4864 28,1o)
2266 4793 2425 4849 nicht
2453 4792 2830 4849 beantworten
2863 4792 3085 4850 konnto,
3123 4790 3254 4862 Vgl.
3292 4789 3441 4846 noch
3472 4792 3566 4847 die
3595 4791 3714 4846 Ba·-

881 4880 963 4937 ler
996 4880 1255 4937 Statuten
1291 4895 1417 4934 vom
1451 4877 1624 4934 Jahre
1663 4885 1793 4936 1465
1830 4879 1942 4951 (bei
1978 4877 2226 4947 Visebat,
2258 4875 2594 4935 Geschichte
2622 4876 2721 4932 der
2752 4876 2919 4938 Univ.
2955 4875 3139 4944 Basel‚
3172 4874 3230 4931 S.
3270 4880 3381 4945 152,
3413 4874 3579 4930 Anm.
3619 4877 3712 4947 13)-

879 4965 1013 5020 Item
1044 4971 1227 5019 rector
1259 4964 1452 5018 bursae
1483 4963 1775 5032 diliqentor
1797 4963 2102 5034 provideat
2131 4963 2200 5017 dc
2230 4961 2510 5032 eiqnatore
2555 4960 3037 5031 vulqarieancim,
3078 4977 3235 5031 quem
3280 4958 3472 5030 &apuam
3514 4967 3713 5026 vomat,

882 5050 982 5120 qui
1018 5048 1417 5119 vulqanlsantea
1443 5047 1690 5115 fideliter
1723 5047 1899 5118 siqnot
1937 5055 1989 5102 et
2033 5063 2091 5101 ee
2122 5045 2269 5100 nulli
2308 5045 2618 5115 manifestet
2649 5046 2747 5098 sub
2781 5044 2963 5099 debito
2996 5045 3171 5100 bonae
3196 5043 3344 5112 fidei
3389 5063 3492 5100 suo
3525 5043 3716 5100 rectori

1058 5221 1088 5271 2
1124 5214 1464 5271 Entwccler
1447 5234 1492 5269 ι
1470 5221 1519 5270 t.
1555 5216 1672 5270 eins
1704 5216 1802 5271 der
1834 5214 2032 5270 beiden
2070 5214 2266 5271 Worte
2312 5212 2370 5268 ei
2416 5211 2528 5268 und
2573 5211 2744 5266 eidem
2781 5210 3133 5284 iiberfliissig‚
3186 5213 3322 5268 oder
3372 5217 3513 5269 state
3553 5212 3713 5267 oe‘daa

887 5302 965 5357 ist
995 5317 1067 5357 zu
1104 5300 1254 5358 lesen
1281 5301 1531 5371 eiusdem,
1567 5318 1680 5360 wau
1712 5299 1928 5362 frm'lich
1959 5299 2084 5356 dem
2120 5296 2277 5372 Style
2309 5295 2487 5356 dieser
2520 5295 2754 5352 Zusatze
2785 5297 2967 5369 wenig
2998 5300 3215 5369 ganisa
3247 5297 3336 5355 ist.
