4038 6358
1105 653 1276 714 Dritte
1315 653 1856 728 statutenrodaction,
1891 677 1998 715 von
2038 661 2159 717 1471
2177 657 2427 715 b—1490.
3074 653 3195 729 390

253 835 532 904 troitus
581 833 696 905 ad
758 865 1039 909 examen
1077 843 1184 909 vel
1223 854 1650 932 temptamen,
1694 845 1799 912 vel
1856 854 2149 932 tempore
2201 845 2559 932 apertionis
2609 843 3081 930 temptaminis,
3134 851 3200 907 et

257 935 712 1027 subscripta.
767 942 1076 1010 iurabunt
1114 967 1183 1011 se
1223 944 1670 1034 complevisse.

805 1151 856 1210 1.
908 1159 1002 1209 DE
1043 1161 1416 1212 mm‘rmus
1458 1160 1550 1233 13:11·
1589 1161 2055 1212 APPARITIONE
2099 1158 2764 1214 MAGISTRANDORUM.
2882 1173 2889 1178 ·

1565 1281 1686 1344 Vgl.
1723 1279 1790 1344 x,
1831 1281 1952 1332 13⁵.

451 1387 809 1473 Quilibet
850 1392 1384 1480 baccalariorum,
1427 1398 1496 1461 in
1539 1394 1791 1461 artibus
1831 1395 2057 1460 volens
2101 1396 2492 1484 promoveri,
2536 1417 2657 1482 pro
2706 1394 2949 1462 honore
2990 1393 3187 1461 facul-
3240 1399 3273 1460 5

265 1491 440 1555 tatis
505 1493 808 1558 arcium
879 1495 947 1558 in
1018 1493 1239 1560 decem
1303 1495 1854 1584 disputationibus
1910 1492 2258 1560 ordinariis
2313 1497 2381 1559 in
2434 1494 2661 1560 habitu
2718 1487 2986 1582 'integro
3052 1504 3201 1562 ante

273 1591 756 1678 apertionem
793 1596 1185 1659 temtaminis
1225 1617 1266 1660 a
1309 1597 1631 1683 principio
1674 1595 1858 1660 tercii
1904 1592 2326 1681 zophismatis
2371 1617 2700 1682 quousque
2744 1595 3024 1682 quinque
3064 1616 3198 1658 ma-

277 1691 498 1776 gistri
551 1691 986 1778 arguebant,
1031 1704 1126 1777 et,
1164 1715 1246 1759 ue
1300 1693 1768 1783 respondentes
1826 1691 2159 1776 deficiant,
2213 1703 2482 1780 paratus
2539 1692 2623 1757 ad
2676 1691 3203 1781 respondendum

283 1789 378 1855 ad
431 1813 941 1881 quamcunque
995 1803 1248 1882 partem
1305 1804 1557 1859 tenetur
1609 1815 2018 1881 comparere,
2076 1792 2194 1857 sub
2243 1815 2451 1880 poena
2490 1815 2617 1857 non
2661 1792 3073 1858 admissionis
3115 1789 3203 1857 ad

290 1899 762 1977 tempta-men
799 1902 1090 1979 tempore
1131 1915 1269 1960 suo.
1587 1953 1592 1960 .
3222 1900 3287 1958 10

1171 2079 1227 2142 2.
1273 2094 1464 2142 nunu
1498 2095 1592 2141 AD
1639 2089 1929 2141 omnum
1969 2091 2384 2140 mms'rnnn.

1625 2212 1744 2275 Vgl.
1779 2213 1844 2272 X,
1880 2212 1928 2263 4.

483 2323 686 2390 Item
733 2323 820 2390 ad
860 2323 1136 2414 gradum
1172 2326 1531 2412 magisterii
1573 2336 1721 2391 sunt
1757 2323 1909 2391 libri
1951 2327 2094 2390 isti:
2144 2326 2625 2414 topicorum,
2666 2326 2764 2392 de
2806 2324 3067 2410 coelo,
3110 2323 3204 2388 de

303 2427 926 2510 generatione,
981 2424 1570 2514 metaphisica,
1630 2449 1883 2513 parva
1924 2425 2379 2509 naturalia,
2424 2423 2910 2510 ethicorum,
2954 2422 3199 2512 polli-

304 2525 748 2606 ticorum,
787 2526 1475 2612 yconomicorum,
1518 2525 2058 2612 perspectiva
2101 2525 2564 2612 communis,
2610 2521 2979 2590 theorica
3021 2522 3285 2612 pla-15

311 2618 1187 2708 netarum,Euclide8,
1220 2622 1887 2710 loycaHeyssbri
1917 2623 2056 2688 sive
2088 2621 2683 2692 rhetoricorum
2706 2619 3201 2690 Aristotelis

318 2744 448 2810 pro
489 2746 682 2808 uno,
727 2723 1254 2791 arismetrica
1298 2725 1776 2806 communis,
1817 2723 2122 2789 musica
2168 2719 2461 2806 Muris,
2504 2721 3121 2790 metheororum.

997 2927 1052 2992 3.
1110 2942 1206 2990 ns
1251 2940 1644 2990 sxancrrns
1686 2941 1780 2988 AD
1829 2939 2121 2989 omnum
2163 2940 2584 2990 mms‘rsnn.

1617 3061 1737 3125 val.
1776 3061 1844 3127 X,
1877 3062 1926 3112 5.

517 3175 699 3241 Item
725 3159 940 3240 nullus
968 3172 1162 3241 debet
1186 3174 1442 3242 admitti
1474 3172 1561 3241 ad
1583 3186 1982 3264 temptamen
2026 3198 2147 3263 pro
2185 3173 2403 3261 gradu
2438 3176 2816 3261 magisterii,
2858 3175 2989 3241 nisi
3024 3173 3207 3262 prius
3226 3182 3293 3239 20

341 3277 612 3340 steterit
655 3276 725 3339 in
767 3275 1110 3339 exerciciis
1151 3276 1604 3363 infrascriptis,
1651 3276 1926 3341 seilicet:
1983 3273 2516 3361 methaphisicae,
2562 3275 2936 3357 ethicorum,
2979 3274 3207 3362 physi-

345 3396 607 3459 corum,
645 3375 886 3440 veteris
922 3376 1102 3457 artis,
1146 3397 1314 3463 quae
1351 3384 1503 3441 sunt
1546 3378 1973 3458 necessitatis,
2015 3374 2491 3441 metheororum
2534 3374 2637 3439 vel
2683 3376 2907 3462 parvis
2948 3384 3209 3439 natura-

343 3472 524 3540 libus
547 3496 682 3562 pro
700 3495 849 3556 uno,
893 3474 960 3538 in
1006 3472 1086 3539 de
1129 3474 1308 3540 coelo
1353 3485 1416 3540 et
1458 3474 1698 3540 mundo
1740 3474 1845 3539 vel
1888 3472 1969 3538 de
2011 3476 2426 3559 generatione
2470 3494 2589 3560 pro
2632 3496 2782 3556 uno,
2824 3495 2997 3538 nova
3037 3472 3206 3538 loica

353 3574 458 3639 vel
501 3576 578 3639 in
625 3573 1015 3661 zophistria,
1060 3573 1142 3638 de
1184 3573 1417 3661 quibus
1462 3572 1703 3639 ultimis
1741 3575 1872 3637 tria
1916 3574 2258 3660 capiantur
2302 3571 2657 3638 secundum
2700 3571 3045 3659 placitum,
3085 3572 3208 3637 sub

353 3696 574 3759 poena
617 3696 752 3739 non
789 3674 1202 3741 admissionis
1243 3671 1330 3739 ad
1368 3672 1648 3759 gradum
1687 3672 2070 3759 magisterii.
3223 3679 3293 3737 25

1239 3899 1300 3959 4.
1341 3908 1438 3957 nn
1477 3906 1678 3957 nono
1719 3906 2060 3957 Annmxm
2098 3906 2507 3957 mononis.

1713 4024 1833 4091 vgl.
1871 4027 1936 4087 x,
1972 4028 2022 4078 s.

530 4139 778 4207 Modus
813 4138 1121 4207 audiendi
1162 4142 1285 4206 erit
1326 4140 1496 4224 talis,
1541 4142 1716 4228 quod
1756 4140 2027 4229 quilibet
2069 4140 2338 4208 audiens
2383 4143 2666 4228 aliquam
2708 4143 3049 4209 lectionem
3090 4163 3212 4231 pro

372 4238 590 4329 aliquo
641 4239 853 4329 gradu
896 4238 962 4304 in
1009 4239 1294 4324 artibus,
1338 4241 1590 4327 exeptis
1633 4240 2292 4323 mathematicalibus,
2332 4240 2526 4328 loyca
2564 4240 2861 4329 Heysbri
2909 4253 2973 4307 et
3024 4240 3207 4329 polli-

371 4340 668 4424 ticorum,
710 4350 962 4405 tenetur
992 4362 1137 4405 eam
1167 4336 1396 4405 audire
1433 4363 1576 4405 cum
1625 4340 1974 4427 diligencia
2013 4342 2083 4405 in
2123 4338 2292 4405 libro
2336 4342 2604 4427 proprio
2641 4341 2748 4406 vel
2786 4340 3206 4410 accomodato
3226 4348 3295 4405 30

372 4430 672 4525 (possunt
721 4449 938 4505 tamen
994 4438 1122 4504 duo
1177 4450 1291 4505 aut
1333 4449 1466 4507 tres
1523 4439 1610 4507 ad
1661 4442 2018 4507 maximum
2074 4439 2305 4505 eodem
2356 4450 2540 4505 textu
2596 4463 2719 4527 pro
2772 4451 3065 4531 tempore
3114 4444 3211 4506 uti

373 4538 617 4629 simul),
661 4541 756 4605 sic
797 4537 974 4628 quod
1012 4538 1261 4603 nullam
1297 4538 1636 4604 lectionem
1653 4588 1673 4623 ,
1717 4562 1908 4627 quam
1955 4539 2181 4606 audire
2228 4537 2483 4623 debuit,
2525 4550 2637 4605 aut
2676 4544 3100 4626 exercicium,
3142 4542 3210 4605 in

373 4658 496 4725 quo
540 4650 714 4705 stare
758 4636 1008 4722 debuit,
1052 4638 1346 4723 neglexit
1386 4646 1478 4720 et,
1526 4648 2093 4726 quantumcunque
2132 4640 2375 4725 potuit,
2422 4641 2559 4705 sine
2601 4637 2751 4706 dolo
2795 4650 2859 4705 et
2898 4641 3129 4707 fraude
3168 4663 3211 4706 a

374 4738 694 4829 principio
740 4760 947 4827 usque
989 4736 1076 4804 ad
1113 4736 1307 4803 finem
1348 4736 1641 4803 lectionis
1682 4746 1794 4803 aut
1837 4737 2144 4803 exercicii
2186 4738 2563 4825 permansit,
2604 4761 2647 4803 a
2691 4742 2896 4807 tercia
2939 4740 3214 4808 lectione

377 4846 482 4902 aut
524 4838 845 4905 exercicio
890 4836 974 4903 ab
1025 4838 1394 4924 inceptione
1439 4835 1911 4924 computand03
1967 4858 2089 4902 nec
2131 4835 2251 4902 sub
2291 4860 2422 4903 una
2465 4837 2627 4903 hora
2685 4837 2849 4904 duas
2900 4838 3209 4907 lectiones
3227 4852 3294 4909 35

389 4946 496 5001 aut
557 4940 882 5005 exercicia
943 4936 1260 5003 habuerit.
1373 4935 1698 5018 Quociens
1775 4946 1992 5003 autem
2071 4938 2462 5003 exercicium
2526 4949 2638 5004 aut
2709 4938 3052 5007 lectionem
3111 4941 3216 5007 vel

381 5031 676 5104 lectiones
722 5037 1010 5124 neglexit
1051 5037 1157 5102 vel
1199 5060 1240 5101 a
1280 5036 1603 5124 principio
1647 5058 1850 5124 usque
1893 5035 1981 5100 ad
2034 5034 2229 5101 finem
2273 5058 2405 5102 non
2446 5040 2839 5123 permansit,
2882 5051 2949 5106 et
2989 5062 3210 5107 omnes

384 5133 537 5204 alios
576 5137 864 5205 defectus
907 5160 1058 5203 suos
1103 5136 1298 5202 debet
1338 5138 1406 5200 in
1449 5134 1680 5201 cedula
1721 5157 1985 5201 suorum
2030 5145 2323 5220 actuum,
2364 5145 2657 5226 tempore
2694 5139 3210 5227 dispensacionis

389 5236 871 5319 praesentanda,
921 5259 1066 5303 cum
1120 5258 1340 5319 causa,
1383 5237 1438 5301 si
1481 5256 1676 5320 quam
1729 5233 1926 5301 habet
1940 5283 1959 5319 ,
2003 5235 2415 5303 conscribere
2469 5247 2535 5303 et
2582 5242 2953 5328 exprimere
2994 5250 3061 5307 et
3099 5241 3207 5307 de—

392 5354 574 5423 super
616 5336 1162 5424 dispensationem
1206 5344 1445 5424 petere.
1533 5334 1863 5423 Reputant
1904 5346 2117 5402 autem
2158 5337 2476 5424 magistri,
2518 5338 2905 5426 legittimum
2944 5340 3215 5428 impedi·
3230 5351 3300 5411 40
