4038 6358
1219 581 1388 632 Dritte
1417 581 1924 632 Statutenredaction
1941 615 1960 647 ,
1997 595 2103 632 von
2136 581 2257 634 1471
2270 579 2299 622 b
2312 583 2527 636 -1490.
3156 589 3278 654 423

1375 801 1466 864 13.
1509 815 1602 862 Da
1648 814 1974 863 'rmffons
2022 815 2352 865 mmm.

525 927 840 996 Statuit
897 929 1202 1014 facultas,
1266 930 1441 1018 quod
1507 929 1790 996 decanus
1855 953 2002 996 cum
2067 931 2200 996 suis
2263 931 2678 998 taxatoribus
2746 935 3132 998 conveniant
3192 933 3281 999 ad

325 1027 792 1094 taxandum
834 1029 1139 1096 lectiones
1155 1051 1166 1062 “
1183 1038 1248 1094 et
1291 1031 1617 1096 exercicia
1653 1033 1722 1094 in
1761 1051 1893 1096 una
1932 1032 2287 1097 mutatione
2328 1042 2558 1117 quater
2607 1031 2835 1099 diebus
2878 1032 3280 1121 subscriptis.

319 1128 418 1192 In
469 1131 918 1196 mutacione
975 1128 1271 1194 aestivali
1329 1129 1445 1195 fiat
1502 1130 1718 1217 prima
1772 1131 2037 1195 taxacio
2094 1139 2243 1217 post
2294 1127 2605 1214 Urbani,¹
2664 1132 2949 1198 secunda
3006 1131 3279 1198 sabbato

331 1237 520 1316 post
571 1227 782 1312 Viti,
841 1229 1044 1294 tercia
1085 1228 1312 1294 sabato
1353 1239 1504 1316 post
1543 1229 1912 1313 Laurencii,
1972 1238 2209 1316 quarta
2247 1228 2476 1295 sabato
2533 1240 2683 1317 post
2738 1232 3097 1298 nativitatis
3138 1229 3277 1296 Ma·
3328 1241 3363 1297 5

329 1327 526 1396 riae.
633 1328 746 1394 In
784 1327 1020 1416 hyeme
1059 1351 1217 1394 vero
1259 1330 1475 1416 prima
1529 1329 1644 1394 fiat
1699 1327 1928 1394 sabato
1972 1339 2122 1416 post
2162 1329 2453 1412 Martini,
2510 1328 2797 1395 secunda
2851 1329 3076 1397 sabato
3132 1339 3283 1418 post

341 1427 851 1511 Kastra-inae,
910 1429 1114 1493 tercia
1172 1428 1403 1494 sabato
1456 1440 1605 1516 post
1647 1428 2058 1515 Epiphaniae
2109 1438 2173 1494 et
2230 1438 2465 1517 quarta
2510 1428 2741 1495 sabato
2789 1441 2938 1517 post
2977 1428 3283 1516 Gregorii

339 1548 640 1614 papae.
731 1528 804 1593 Si
847 1536 1062 1595 autem
1104 1527 1204 1592 his
1249 1526 1479 1594 diebus
1523 1535 1694 1592 esset
1736 1526 1874 1592 dies
1918 1527 2215 1610 celebris,
2255 1536 2479 1615 posset
2517 1526 2658 1592 fieri
2702 1530 2995 1616 sequenti
3036 1528 3281 1597 sabato.

351 1625 438 1690 Si
481 1649 690 1691 vero
741 1625 847 1692 his
892 1628 1152 1693 statutis
1196 1626 1424 1693 diebus
1478 1627 1618 1692 sine
1668 1625 1984 1714 legittimo
2045 1626 2502 1716 impedimento
2546 1649 2675 1692 non
2714 1629 3115 1712 taxaverim,
3170 1628 3278 1694 de-

351 1726 540 1791 bent
579 1727 772 1816 'ipsi
821 1735 1156 1792 taxatores
1211 1727 1354 1814 ipso
1411 1727 1582 1792 facto
1639 1748 1783 1792 esse
1835 1729 2140 1812 suspensi
2191 1724 2276 1791 ab
2330 1725 2582 1791 actibus
2640 1725 3017 1812 scolasticis,
3075 1727 3280 1794 donec
3300 1737 3365 1794 10

359 1825 696 1912 quilibet
753 1848 978 1892 eorum
1035 1825 1246 1892 solvat
1302 1848 1422 1913 pro
1467 1825 1694 1891 solatio
1753 1826 2213 1912 magistrorum
2256 1824 2592 1898 dimidium
2645 1825 2959 1892 florenum
3001 1827 3083 1892 de
3127 1849 3282 1916 quo-

359 1925 548 1992 libet
603 1925 736 1992 die
776 1935 1205 2014 transgresso,
1267 1924 1442 2011 quod
1497 1924 1670 1990 idem
1725 1923 2217 2012 intelligendum
2274 1934 2375 1990 est
2428 1923 2511 1990 de
2562 1925 2829 2010 decano,
2883 1933 3035 2014 post
3084 1927 3278 1992 finem

367 2035 626 2092 tamen
683 2028 791 2092 sui
834 2026 1052 2094 officii.

1324 2180 1414 2241 14.
1459 2193 1554 2240 Dr:
1597 2191 1798 2240 nono
1842 2190 2384 2240 sansucium.

571 2308 918 2376 Statutum
970 2319 1099 2391 est,
1157 2307 1331 2396 quod
1388 2307 1693 2395 deinceps
1737 2329 1957 2373 omnes
1999 2305 2289 2371 volentes
2347 2305 2672 2394 complere
2725 2306 2962 2373 debent
3017 2308 3278 2373 realiter
3300 2317 3363 2373 15

387 2415 458 2472 et
506 2431 680 2473 cum
727 2409 956 2474 effectu
994 2409 1372 2474 satisfacere
1414 2406 1765 2473 secuudum
1806 2416 2047 2473 statuta
2088 2404 2415 2471 facultatis
2457 2415 2606 2471 ante
2645 2405 2839 2472 finem
2880 2406 3173 2473 lectionis
3218 2416 3283 2472 et

393 2509 739 2573 exercicii
790 2508 861 2573 in
915 2508 1132 2597 aliquo
1195 2516 1582 2574 statutorum
1639 2505 1908 2592 dierum,
1969 2506 2090 2573 sub
2149 2528 2363 2594 poena
2419 2505 2604 2594 dupli
2614 2507 2669 2590 ,²
2726 2508 2907 2572 cuius
2964 2506 3279 2572 medietas

397 2607 610 2674 cedat
669 2606 911 2695 legenti
952 2607 1054 2672 vel
1103 2608 1430 2672 exercenti
1447 2655 1465 2690 ,
1522 2606 1653 2672 alia
1695 2629 1848 2672 vero
1889 2605 2202 2673 medietas
2247 2604 2437 2672 cedat
2490 2628 2610 2693 pro
2658 2605 2896 2672 solacio
2938 2607 3279 2694 magistro-

399 2731 564 2774 rum
611 2707 704 2774 de
747 2707 1013 2774 consilio
1056 2705 1401 2772 facultatis.

1435 2863 1534 2924 1-5.
1576 2873 1672 2920 na
1711 2871 1911 2921 nono
1953 2871 2278 2922 unum.
2500 2887 2505 2894 ·
3295 2863 3365 2920 2⁰

591 2987 726 3078 [131.
754 2995 832 3057 24
847 2986 898 3076 ⁸]
947 2989 1311 3053 Taxatores
1349 2987 1587 3053 debent
1624 2988 1917 3074 recipere
1954 3009 2076 3074 pro
2123 2985 2509 3052 lectionibus
2550 2997 2613 3052 et
2652 2988 2992 3054 exerciciis
3032 3010 3074 3053 a
3115 2986 3277 3052 divi-

417 3089 598 3156 tibus
651 3097 716 3153 et
759 3087 1126 3175 potentibus
1172 3088 1497 3174 sig-netum
1537 3085 1856 3151 redimere
1895 3095 2098 3151 totum
2135 3097 2394 3174 pastum
2432 3097 2806 3152 consuetum
2848 3095 2913 3152 et
2950 3095 3279 3170 statutum,

416 3213 460 3255 a
501 3185 921 3279 pauperibus
962 3196 1196 3271 autem,
1246 3188 1355 3274 qui
1396 3186 1717 3252 redimere
1763 3188 2082 3273 signetum
2140 3184 2489 3252 secundum
2535 3194 2774 3253 statuta
2814 3209 2945 3253 non
2991 3197 3279 3275 possunt,

425 3288 638 3355 nichil
699 3288 1021 3375 recipiant
1071 3288 1196 3352 nisi
1250 3297 1476 3352 taxam
1530 3295 1594 3351 et
1647 3309 1843 3352 unum
1897 3286 2233 3351 denarium
2274 3308 2517 3351 novum
2577 3309 2695 3374 pro
2738 3283 3152 3353 inscribendo
3195 3284 3280 3352 ad

425 3388 678 3456 librum
716 3386 1199 3474 complencium,
1241 3396 1304 3451 et
1344 3409 1384 3451 a
1420 3385 1679 3451 famulis
1719 3408 1838 3473 pro
1880 3384 2261 3451 lectionibus
2303 3384 2735 3469 medietatem,
2778 3386 2892 3451 sed
2931 3405 3051 3473 pro
3093 3408 3275 3453 exer·
3294 3394 3361 3451 25

428 3491 613 3556 ciciis
675 3486 896 3553 nichil.
971 3487 1062 3552 Et
1112 3484 1349 3551 debent
1389 3487 1483 3551 sic
1522 3484 1606 3551 ab
1652 3483 1972 3567 omnibus,
1991 3484 2383 3567 indistincte,
2434 3484 2833 3573 pauperibus
2877 3488 3016 3550 sive
3058 3484 3273 3550 diviti-

427 3589 572 3674 bus,
617 3589 917 3675 recipere
956 3595 1178 3650 taxam
1221 3594 1286 3649 et
1325 3607 1521 3650 unum
1562 3588 1620 3665 03
1663 3606 1782 3672 pro
1825 3585 2267 3671 inscriptione,
2320 3586 2415 3651 ita
2457 3584 2631 3672 quod
2672 3582 2755 3649 ab
2796 3584 2918 3668 his,
2974 3585 3086 3673 qui
3128 3584 3276 3649 effe-

433 3688 738 3757 ctualiter
779 3686 1256 3767 satisfecerunt,
1312 3686 1667 3772 recipiatur
1707 3707 1872 3750 unus
1912 3688 1970 3765 03
2012 3684 2095 3751 de
2141 3684 2379 3750 salario
2422 3683 2698 3750 lectoris.
2771 3682 2844 3749 Si
2898 3684 3010 3771 qui
3061 3692 3280 3749 tamen

431 3788 608 3855 nullo
653 3786 846 3853 modo
890 3792 1157 3874 possent
1197 3784 1534 3872 pecuniam
1576 3783 1970 3867 satisfacere,
2013 3793 2286 3871 possunt
2324 3791 2655 3849 taxatores
2686 3782 3007 3849 sufficiens
3041 3782 3278 3870 pignus

437 3912 555 3976 pro
599 3886 960 3977 exerciciis,
1016 3907 1146 3950 non
1201 3894 1416 3954 tamen
1474 3884 1611 3949 sine
1658 3882 2053 3967 difficultate,
2102 3884 2412 3971 recipere,
2472 3881 2588 3948 sed
2641 3904 2773 3948 non
2816 3906 2937 3970 pro
2991 3882 3275 3948 lectioni·
3293 3891 3363 3949 30

437 3988 555 4054 bus
597 3998 665 4054 et
702 3984 881 4053 nullo
920 3982 1112 4050 modo
1154 3983 1651 4071 recognitiones,
1708 3982 1827 4050 sub
1868 4005 2081 4070 poena
2139 3983 2577 4071 suspensionis
2621 3982 2767 4069 ipso
2819 3983 3013 4067 facto,
3073 3980 3279 4049 donec

441 4086 678 4175 legenti
731 4095 845 4152 aut
897 4083 1224 4150 exercenti
1279 4082 1360 4149 de
1413 4082 1648 4149 damno
1705 4082 2111 4151 satisfaciant
2164 4092 2229 4149 et
2278 4080 2570 4148 facultati
2629 4080 2910 4149 medium
2964 4080 3281 4149 florenum

446 4186 714 4276 quilibet
753 4184 1104 4273 persolvat.

499 4359 591 4423 16.
633 4371 728 4419 ms:
771 4368 1100 4418 Tauroni:
1141 4366 1640 4419 ms'rnmusum
1679 4368 2049 4434 mcum,
2091 4366 2527 4417 nnenmmus
2568 4366 2659 4414 nr
2701 4364 3229 4417 Exn-acuumus

1701 4468 2033 4516 nanum.
3292 4457 3360 4516 35

603 4585 768 4651 Item
809 4583 1093 4650 decanus
1144 4604 1264 4670 pro
1304 4592 1595 4671 tempore
1638 4585 1925 4651 existens
1970 4592 2221 4647 tenetur
2269 4580 2369 4647 bis
2411 4581 2479 4646 in
2519 4581 2879 4650 mutacione
2923 4603 3281 4648 convocare

454 4682 811 4751 facultatem
854 4706 973 4771 pro
1019 4682 1468 4749 distribuenda
1523 4685 1802 4772 pecunia
1857 4681 2217 4769 legentibus
2264 4690 2327 4747 et
2369 4681 2816 4747 exercentibus
2859 4680 3098 4766 debita,
3148 4680 3278 4748 die-

457 4782 567 4852 bus
591 4783 899 4850 videlicet
936 4782 1388 4870 infrascriptis.
1449 4784 1524 4849 In
1567 4793 1815 4850 aestate
1855 4804 1974 4870 pro
2017 4780 2293 4869 pecunia
2333 4778 2779 4846 distribuenda
2818 4778 3039 4847 debita
3074 4781 3278 4869 magi-

616 5023 640 5074 1
679 5018 798 5073 Der
834 5016 963 5088 Tag
995 5014 1274 5073 Urbani
1308 5016 1382 5071 ist
1411 5017 1512 5072 der
1544 5020 1624 5071 25.
1663 5014 1798 5083 Mai,
1831 5009 1989 5070 Viti
2019 5010 2120 5067 der
2160 5016 2235 5066 15.
2270 5010 2435 5079 Juni,
2484 5009 2883 5067 Laurencii
2918 5012 3015 5067 der
3051 5018 3129 5070 10.
3164 5012 3279 5071 Au·

461 5108 598 5172 gast,
649 5100 1074 5157 nativitatis
1107 5098 1373 5157 Mariae
1403 5101 1504 5157 der
1539 5104 1586 5157 8.
1625 5096 1962 5169 September,
1995 5095 2285 5151 Martini
2316 5096 2416 5151 der
2453 5100 2529 5150 11.
2568 5094 2891 5165 November,
2938 5094 3279 5154 Kathari·

465 5202 579 5243 nae
611 5186 712 5242 der
745 5192 825 5242 25.
863 5183 1188 5251 November,
1221 5184 1660 5257 EpIphaniae
1693 5182 1794 5238 der
1827 5187 1874 5238 6.
1915 5180 2148 5249 Januar‚
2181 5179 2522 5263 Gregorii
2558 5182 2656 5237 der
2696 5186 2770 5236 12.
2804 5180 2974 5236 Mara.

614 5275 646 5327 2
679 5268 900 5327 Driiber
928 5268 1285 5341 geschrisben
1322 5286 1429 5326 von
1462 5272 1708 5339 spatom-
1745 5264 1941 5323 Hand:
2011 5264 2396 5337 Impeditiom'e
2430 5271 2667 5337 conpore
2697 5282 2813 5321 cuo.
