4038 6358
1224 634 1400 687 Vierte
1435 636 1972 705 flammeo-edon,
2012 651 2117 689 von
2160 636 2500 690 taso—1522.
3159 632 3282 697 459

375 809 790 901 deputatus
812 816 1123 904 magister
1145 826 1209 882 et
1227 818 1314 883 ad
1339 818 1463 886 hoc
1481 818 1774 907 ydoneus
1790 831 2058 909 propter
2073 818 2499 886 metrificandi
2517 827 2724 884 artem
2741 818 3007 883 terciam
3031 823 3285 903 partem

374 912 832 984 Allexandri
848 965 867 1000 ,
908 915 1274 1004 habeatque
1328 917 1553 988 horam
1595 907 1891 1008 quartam
1936 921 2018 986 de
2060 919 2166 985 die
2208 930 2346 985 tam
2389 921 2457 984 in
2500 919 2732 1004 hyeme
2775 938 2967 1004 quam
3011 922 3278 981 aestate.

377 1011 781 1082 Secundus
835 1017 906 1082 in
956 1016 1147 1103 loyca
1193 1018 1438 1104 primos
1495 1029 1769 1107 quatuor
1817 1030 2136 1086 tractatus
2189 1021 2368 1085 Petri
2412 1018 2718 1105 Hyspani
2774 1039 2886 1082 seu
2939 1012 3285 1103 parvulum

376 1110 694 1199 loyoae,
733 1115 1101 1204 habeatque
1141 1115 1370 1182 horam
1413 1120 1702 1205 quintam
1744 1121 1814 1184 in
1854 1129 2119 1202 aestate,
2158 1121 2229 1184 in
2270 1118 2504 1205 hyeme
2548 1129 2819 1182 sextam.
2903 1114 3175 1180 Tercius
3218 1114 3289 1178 in

384 1214 780 1282 rethorica
807 1214 1062 1282 modum
1093 1215 1485 1302 epistolandi
1528 1240 1674 1282 cum
1719 1220 1910 1284 certis
1952 1219 2321 1306 praeceptis
2367 1226 2434 1281 et
2475 1214 2767 1304 epistolis
2810 1214 3133 1279 adiunctis
3175 1211 3279 1277 vel
3336 1216 3370 1274 5

387 1311 642 1380 alium
684 1316 753 1380 in
794 1314 1120 1392 rethorica
1161 1314 1382 1382 utilem
1426 1315 1714 1383 libellum
1757 1326 2229 1406 comportatum
2274 1325 2338 1381 et
2376 1338 2496 1403 per
2539 1315 2854 1380 decanum
2900 1323 2963 1378 et
2999 1313 3284 1378 seniores

385 1414 969 1501 approbandum3
1013 1414 1378 1503 habeatque
1417 1417 1486 1480 in
1516 1417 1744 1483 diebus
1788 1419 2039 1483 festivis
2079 1426 2143 1482 et
2180 1416 2600 1502 collegiorum
2642 1414 2871 1478 horam
2913 1410 3281 1478 secundam.

391 1509 736 1592 Quartus
791 1515 860 1578 in
919 1513 1333 1603 philosophia
1389 1517 1709 1601 naturali,
1767 1526 1839 1582 ut
1907 1516 2381 1604 philosophiam
2449 1513 2972 1601 compendiosam
3030 1510 3288 1576 Alberti

387 1615 666 1698 magni
731 1622 845 1678 aut
907 1613 1251 1701 parvulum
1314 1615 1797 1703 philosophiae3
1862 1626 1927 1682 et
1978 1618 2066 1681 sit
2121 1618 2258 1680 eius
2312 1614 2475 1679 hora
2530 1614 2599 1678 in
2654 1620 2900 1677 aestate
2956 1620 3173 1693 sexta,
3218 1611 3287 1675 in

397 1708 682 1796 hyeme
725 1715 1026 1800 septima.
1109 1713 1495 1801 Debentque
1537 1714 1700 1781 haec
1742 1716 2045 1804 publicae
2088 1714 2563 1801 resumptiones
2605 1712 2745 1776 fieri
2787 1713 2854 1775 in
2901 1709 3119 1799 aliquo
3160 1708 3372 1775 col-10

397 1808 800 1895 legiorum,
855 1821 921 1878 et
974 1811 1270 1901 deputati
1322 1817 1623 1900 magistri
1665 1818 1734 1881 in
1781 1818 1911 1882 suis
1949 1813 2501 1902 resumptionibus
2553 1812 2897 1898 diligenter
2937 1832 3018 1874 ac
3058 1809 3284 1874 funda-

402 1909 811 1976 mentaliter
850 1934 1001 1978 suos
1059 1913 1344 1978 scolares
1401 1924 1465 1978 et
1523 1916 1852 1981 auditores
1915 1915 2214 1981 erudiant
2266 1911 2656 1978 declarando
2710 1910 3075 1992 materiam,
3128 1931 3283 1974 non·

401 2029 796 2096 numquam
860 2033 969 2077 eos
1033 2016 1407 2078 examinent
1425 2063 1444 2097 ,
1512 2016 1845 2100 signanter
1911 2017 1978 2079 in
2035 2015 2462 2100 grammatica
2524 2020 2587 2076 et
2642 2011 2850 2097 loyca.
2932 2008 3022 2073 Et
3047 2006 3286 2074 ’nullus

399 2106 1083 2180 baccalariandorum
1111 2112 1196 2177 ad
1221 2135 1496 2179 examen
1520 2114 1916 2198 admittatur,
1956 2114 2083 2178 nisi
2125 2112 2453 2200 praefatas
2483 2121 2759 2199 quatuor
2798 2108 3286 2196 resumpciones

399 2207 747 2275 adminus
791 2209 987 2276 semel
1030 2211 1356 2277 audiverit
1398 2222 1463 2279 et
1502 2214 1764 2280 realiter
1804 2214 2210 2280 satisfecerit.
3309 2214 3371 2270 15

408 2479 478 2539 2.
562 2493 659 2540 DE
711 2493 1045 2543 SALLARIO
1099 2487 1600 2548 MAGISTBORUM
1653 2499 2146 2548 RESUMENCIUM
2200 2499 2295 2545 EX
2349 2495 2812 2545 COMMISSIONE
2856 2492 3285 2543 FACULTATIS

1134 2614 1227 2661 ET
1269 2614 1492 2663 PASTU
1534 2615 1926 2664 SGOLARIUM
1966 2614 2099 2664 Eos
2142 2613 2594 2663 AUDIENCHJM.

601 2755 845 2841 Placet,
898 2760 1070 2849 quod
1110 2774 1478 2851 resumptor
1522 2765 1588 2829 in
1631 2763 2048 2851 philosophia
2091 2763 2371 2828 naturali
2413 2761 2652 2827 habeat
2695 2770 2839 2827 octo
2882 2761 3180 2841 florenos,
3221 2759 3289 2822 in

421 2854 639 2942 loyca
685 2869 961 2945 septem,
1005 2862 1075 2926 in
1128 2864 1556 2948 grammatica
1598 2886 1746 2947 sex,
1787 2866 1855 2928 in
1897 2863 2225 2928 rethorica
2281 2873 2571 2948 quatuor.
2656 2862 2744 2926 Et
2786 2860 2978 2928 debet
3019 2857 3290 2947 quilibet

423 2966 806 3043 resumptor
844 2961 1227 3027 continuare
1273 2961 1616 3048 diligenter
1663 2987 1845 3029 suam
1890 2965 2411 3050 resumpcionem
2455 2962 2543 3028 ad
2583 2961 2869 3027 medium
2913 2981 3172 3040 annum,
3217 2965 3364 3021 etilo

421 3056 504 3119 in
550 3055 785 3141 hyeme
826 3068 977 3124 ante
1018 3060 1392 3128 Palmarum
1433 3086 1561 3128 non
1601 3085 1878 3145 cessare,
1921 3064 1990 3126 in
2034 3072 2280 3127 aestate
2322 3072 2472 3127 ante
2508 3061 2868 3142 Michaelis,
2915 3059 3033 3124 sub
3077 3080 3290 3146 poena

426 3154 903 3223 abstractionis
964 3157 1237 3226 alicuius
1290 3164 1620 3249 porcionis
1675 3162 1756 3228 de
1809 3173 2005 3250 pastu
2045 3160 2173 3226 sibi
2217 3160 2541 3237 solvendo.
2625 3161 2714 3226 Et
2755 3184 2836 3225 ne
2874 3158 3152 3225 facultas
3193 3159 3287 3223 ni—

425 3256 644 3321 mium
686 3268 998 3343 gravetur
1041 3282 1156 3346 per
1201 3260 1576 3327 huiusmodi
1620 3273 1846 3350 pastus
1893 3261 2294 3342 solutionem,
2336 3260 2666 3325 decretum
2698 3270 2814 3342 est,
2859 3256 3032 3348 quod
3067 3281 3287 3327 omnes

429 3364 503 3418 et
551 3355 793 3441 singuli
847 3358 1164 3424 intrantes
1219 3362 1550 3448 praefatas
1607 3362 2080 3448 resumptiones
2131 3360 2459 3425 facultatis
2514 3360 2774 3425 realiter
2817 3357 2920 3446 [16
2940 3356 2991 3445 a]
3034 3369 3099 3422 et
3141 3380 3285 3423 cum

430 3455 673 3520 effectu
732 3455 989 3522 solvant
1044 3458 1336 3545 easdem,
1400 3463 1537 3526 sive
1581 3463 1709 3526 sint
1752 3460 2078 3547 simplices
2120 3459 2508 3542 baccularii,
2550 3458 2776 3524 famuli
2820 3458 3367 3542 magistrorum25

441 3563 512 3618 et
555 3554 892 3629 doctorum
936 3558 1071 3623 sive
1114 3581 1456 3646 pauperes.
1527 3554 1632 3625 NEt
1689 3560 1898 3626 solvat
1951 3558 2220 3647 quilibet
2276 3561 2341 3623 in
2398 3557 2816 3645 philosophia
2856 3555 3173 3638 naturali,
3217 3558 3285 3620 in

430 3652 657 3741 logica
696 3662 760 3718 et
800 3659 1229 3742 grammatica
1270 3658 1432 3725 duos
1473 3683 1769 3747 grossos,
1813 3659 1927 3724 sed
1982 3681 2102 3745 pro
2158 3657 2483 3723 rethorica
2535 3680 2697 3721 unus
2751 3678 3018 3742 grossus
3073 3655 3281 3720 detur.

429 3750 524 3818 Et
568 3752 742 3818 hunc
788 3754 1062 3822 facultas
1104 3757 1364 3823 modum
1411 3758 1704 3825 solvendi
1761 3769 2021 3847 pastum
2075 3757 2161 3822 ad
2216 3768 2469 3843 tempus
2529 3756 2911 3842 assumpsit,
2958 3753 3163 3819 donec
3205 3753 3287 3818 de

434 3853 684 3939 aptiori
715 3853 905 3921 modo
937 3854 1377 3942 provideatur.
1460 3859 1622 3923 Item
1665 3859 2227 3947 quocienscunque
2268 3859 2413 3944 quis
2455 3856 2737 3944 aliquam
2779 3854 3284 3940 resumptionem

434 3950 768 4019 facultatis
826 3955 1132 4039 audierit,
1184 3959 1431 4022 tociens
1489 3959 1867 4024 satisfacere
1927 3965 2220 4021 teneatur
2274 3954 2596 4038 facultati,
2651 3977 2780 4020 non
2839 3953 3135 4020 obstante
3178 3974 3276 4036 ec,
3296 3962 3365 4019 30

434 4050 612 4139 quod
649 4054 831 4139 prius
877 4054 1076 4120 semel
1117 4079 1261 4122 eam
1304 4057 1584 4122 audierit
1625 4073 1690 4123 et
1734 4057 2137 4123 satisfecerit.

433 4292 494 4353 3.
550 4305 760 4354 mssa
799 4305 1260 4355 nummorum
1318 4307 1862 4358 assump'nomm
1917 4307 2348 4357 uenturus
2406 4308 2734 4367 quamsi·
2784 4307 3285 4357 maels'ruoanu

1573 4408 1807 4457 rmum
1855 4391 2145 4456 Duum.¹
2570 4414 2571 4417 ¹

598 4536 764 4601 Item
806 4536 1081 4624 placuit,
1124 4538 1298 4627 quod
1341 4538 1612 4625 quilibet
1652 4542 1997 4626 magister,
2053 4547 2424 4625 resumptor
2460 4560 2578 4624 per
2617 4538 2990 4604 facultatem
3035 4539 3121 4605 ad
3164 4539 3278 4605 ali-

437 4658 632 4723 quam
678 4639 1017 4702 materiam
1058 4638 1513 4704 resumendam
1560 4638 1903 4727 deputatus
1920 4688 1937 4721 ,
1997 4638 2372 4704 textualiter
2414 4638 2601 4703 iuxta
2647 4646 2952 4703 statutum
2999 4639 3278 4726 desuper
3293 4648 3360 4705 35

437 4735 684 4801 editum
726 4736 1113 4804 resumendo
1156 4738 1508 4826 procedere
1551 4739 1744 4805 debet
1785 4749 1849 4804 et
1889 4738 2390 4825 resumptionem
2434 4736 2557 4801 sibi
2598 4739 2997 4824 assignatam
3041 4739 3108 4802 in
3150 4761 3281 4803 una

436 4837 804 4901 mutacione
846 4836 1130 4903 totaliter
1171 4837 1378 4923 finire,
1423 4837 1541 4904 sub
1583 4861 1796 4927 poena
1834 4838 2238 4927 privacionis
2282 4860 2396 4902 seu
2437 4838 2776 4902 carenciae
2818 4849 3064 4924 pastus·

502 5320 539 5375 b
609 5241 628 5291 1
671 5236 872 5293 Dieser
902 5236 1123 5293 Artikel
1169 5238 1244 5295 ist
1287 5257 1396 5295 von
1439 5238 1671 5295 anderer
1706 5236 1872 5292 Hand
1917 5236 2333 5309 nachgetragen
2384 5237 2494 5294 und
2551 5236 2653 5292 mit
2698 5233 3057 5289 bliiulicherer
3105 5234 3274 5296 Tinte

436 5336 503 5375 ru
539 5318 736 5378 riciert.
