4038 6358
939 610 1059 676 306
1918 607 2022 667 Die
2060 603 2501 676 philosophische
2539 602 2794 660 Paenitet.

931 813 1087 877 pars
1140 793 1208 856 in
1253 791 1531 879 aliquem
1587 793 1682 857 sic
1721 793 2135 875 consenserit,
2187 792 2338 858 talis
2380 815 2501 881 pro
2545 790 2791 857 decano
2835 787 3168 854 habeatur.
3250 786 3326 854 Si
3364 806 3540 852 vero
3586 781 3794 849 maior

931 911 1086 976 pars
1131 892 1199 955 in
1240 891 1520 979 aliquem
1560 915 1693 957 non
1735 893 2148 976 consenserit,
2198 901 2351 957 tunc
2393 891 2478 957 ad
2532 890 2913 956 scrutinium
2966 885 3377 976 procedatur,
3435 886 3516 950 in
3567 905 3700 971 quo
3742 882 3796 946 si

930 987 1139 1054 nullus
1193 992 1344 1073 erit,
1403 991 1516 1056 fiet
1557 992 2126 1079 compromissum3
2185 1004 2250 1056 et
2305 993 2401 1056 sic
2452 990 2690 1056 electus
2747 989 2814 1053 in
2876 987 3190 1053 decanum
3247 987 3474 1051 statim
3537 993 3796 1049 tenetur

931 1086 1284 1155 decanatus
1325 1090 1606 1156 officium
1648 1113 1995 1174 assumere,
2037 1087 2158 1155 sub
2201 1112 2414 1177 poena
2449 1091 2641 1155 unius
2685 1109 3068 1175 sexagenae.

842 1263 875 1316 5
1861 1262 1916 1323 5.
1960 1273 2056 1320 nn
2096 1271 2503 1321 mammo
2544 1273 2820 1322 neom.

1091 1386 1255 1453 Item
1314 1387 1553 1452 electus
1612 1388 1682 1452 in
1744 1385 2059 1453 decanum
2120 1387 2448 1454 facultatis
2523 1388 2771 1453 arcium
2836 1385 3080 1452 iurabit
3146 1385 3388 1451 seniori
3447 1381 3791 1470 facultatis

924 1487 1183 1552 nomine
1224 1486 1512 1553 eiusdem
1560 1486 1906 1570 facultatis,
1952 1487 2126 1575 quod
2167 1487 2324 1553 velit
2365 1497 2606 1553 statuta
2647 1497 2712 1552 et
2751 1484 3096 1551 statuenda
3133 1505 3252 1571 pro
3295 1482 3469 1550 bono
3518 1481 3790 1547 faculta-

924 1586 1010 1649 tis
1050 1585 1324 1651 firmiter
1366 1585 1716 1652 observare
1771 1596 1835 1651 et
1887 1585 2104 1651 facere
2159 1587 2243 1653 ab
2298 1585 2599 1654 omnibus
2641 1585 2997 1668 observari,
3053 1586 3126 1650 in
3184 1594 3501 1670 quantum
3568 1589 3674 1646 est
3725 1584 3787 1645 in

927 1706 1023 1768 eo,
1082 1685 1221 1750 sine
1263 1684 1411 1751 dolo
1456 1695 1520 1751 et
1558 1684 1808 1755 fraude.
1889 1684 1978 1750 Et
2032 1683 2262 1752 decani
2320 1686 2572 1773 antiqui
2621 1684 2903 1752 officium
2954 1707 3085 1750 non
3130 1681 3522 1771 exspirabit,
3584 1679 3787 1745 donec

846 1791 911 1848 10
927 1783 997 1847 in
1039 1782 1353 1868 decanum
1409 1786 1506 1850 sic
1547 1782 1785 1851 electus
1841 1784 2225 1873 acceptabit.
2308 1784 2381 1852 Si
2430 1808 2587 1851 vero
2643 1785 2737 1849 sic
2795 1784 3036 1850 electus
3092 1783 3448 1848 decanatus
3492 1779 3785 1846 officium

925 1905 1255 1949 assumere
1307 1894 1657 1967 recusaret,
1712 1885 1959 1950 tociens
2021 1886 2327 1973 quociens
2373 1884 2616 1951 electus
2667 1885 2881 1966 fuerit,
2934 1907 3131 1949 unam
3187 1901 3600 1968 sexagenam
3643 1901 3784 1967 per·

927 1980 1133 2048 solvet
1173 1982 1483 2049 facultati.

1703 2137 1758 2199 6.
1802 2151 1898 2199 nn
1941 2152 2349 2201 mmmm-ro
2389 2150 2651 2200 nanno
2696 2149 2995 2200 oneum.

1086 2265 1252 2331 Item
1315 2274 1624 2332 statutum
1685 2266 1806 2331 fuit
1868 2276 1934 2331 et
1993 2265 2385 2349 conclusum,
2447 2265 2623 2331 nullo
2690 2265 3201 2346 contradicente,
3267 2262 3440 2351 quod
3504 2260 3782 2348 quilibet

847 2373 909 2429 15
928 2367 1244 2451 magister
1285 2367 1570 2430 existens
1614 2363 1696 2429 de
1749 2365 2057 2430 facultate
2105 2367 2353 2431 arcium
2393 2365 2499 2430 vel
2554 2364 2635 2430 de
2692 2388 2859 2432 novo
2917 2366 3169 2429 intrans
3226 2361 3473 2428 iurabit
3528 2359 3776 2425 decano

924 2461 1044 2528 sub
1089 2463 1215 2529 hac
1255 2464 1490 2531 forma:
1534 2464 1721 2551 „Ego
1750 2464 1850 2529 .N.
1878 2465 2019 2529 iuro
2046 2464 2236 2530 vobis
2282 2464 2526 2530 decano
2570 2476 2633 2530 et
2669 2466 2907 2530 vestris
2949 2461 3434 2530 successoribus
3474 2482 3776 2526 reveren-

918 2564 1079 2628 tiam
1135 2573 1201 2629 et
1251 2564 1687 2630 obedientiam
1738 2564 1805 2627 in
1862 2562 2063 2629 licitis
2121 2574 2186 2628 et
2236 2564 2523 2630 honestis
2576 2577 2640 2629 et
2695 2586 2960 2629 servare
2987 2603 2994 2610 ·
3020 2573 3262 2629 statuta
3315 2571 3383 2626 et
3428 2558 3773 2626 statuenda

919 2684 1040 2749 pro
1085 2684 1279 2749 posse
1324 2674 1388 2728 et
1431 2686 1625 2729 nosse
1665 2673 1731 2728 et
1769 2685 2124 2750 procurare
2169 2662 2413 2728 bonum
2454 2663 2845 2729 facultatis.“

1168 2816 1436 2893 Dar-auf
1463 2816 1541 2876 ist
1580 2836 1696 2876 von
1738 2818 2002 2875 anderer
2043 2818 2240 2876 Hand
2278 2819 2754 2895 nachyetraqen:

835 2970 905 3026 20
1169 2963 1372 3045 „Item
1413 2964 1578 3045 iuro,
1620 2961 1812 3049 quod,
1857 2963 2420 3050 quocienscunque
2460 2963 2531 3027 in
2573 2964 3087 3028 examinatorem
3128 2971 3241 3027 aut
3281 2962 3488 3026 eciam
3541 2961 3615 3024 in
3666 2958 3764 3022 de-

1007 3083 1236 3127 canum
1277 3060 1517 3127 electus
1558 3062 1759 3146 fuero,
1803 3062 2000 3128 velim
2053 3060 2393 3127 admittere
2439 3060 2670 3148 dignos
2725 3072 2790 3126 et
2843 3062 3089 3126 reicere
3143 3060 3447 3146 indignos
3493 3069 3632 3124 tam
3685 3054 3762 3121 ad

1005 3162 1450 3249 magisterium
1509 3186 1711 3251 quam
1762 3160 2352 3273 baccalaureatum.
2436 3160 2547 3228 Sic
2598 3185 2703 3228 me
2755 3159 2913 3227 deus
2965 3159 3230 3227 adiuvet
3275 3171 3339 3226 et
3399 3169 3628 3225 saneta
3666 3156 3761 3221 dei

1003 3262 1378 3348 ewangelia.
1381 3263 1422 3297 “

1174 3416 1261 3474 Er
1303 3416 1385 3475 iet
1430 3415 1557 3474 dies
1613 3418 1721 3475 der
1760 3436 1858 3476 am
1911 3417 2009 3482 30.
2049 3417 2280 3494 August
2328 3419 2485 3481 1436
2544 3416 2940 3475 beschlossene
2983 3414 3574 3479 Eoeaminatoreneid.
3641 3411 3757 3487 Vql.

834 3519 902 3577 25
1002 3522 1183 3573 umen
1225 3512 1267 3592 ξ
1310 3516 1410 3596 26,
1459 3518 1510 3578 1.

1431 3678 1523 3742 7.¹
1571 3694 1691 3754 Qm
1730 3694 2058 3743 DEBEANT
2102 3695 2266 3745 sssn
2305 3695 2400 3743 DE
2446 3694 2765 3743 consmo
2809 3690 3255 3743 menbrum.

1088 3805 1210 3896 [Bl.
1250 3805 1393 3895 47⁸]
1439 3808 1601 3875 Item
1653 3832 1822 3875 anno
1867 3809 2113 3875 domini
2162 3818 2318 3879 1409
2362 3812 2430 3876 in
2476 3810 2582 3875 die
2624 3811 3032 3875 innocentum
3087 3805 3234 3894 (den
3276 3812 3379 3876 28.
3416 3803 3751 3893 December)

923 3908 1044 3972 fuit
1087 3906 1482 3992 conclusum,
1527 3908 1700 3996 quod
1743 3931 1965 3974 omnes
2009 3911 2308 3996 magistri
2364 3933 2483 3996 pro
2529 3921 2682 3975 tunc
2736 3918 3109 3996 praesentes
3155 3906 3467 3974 deberent
3504 3930 3643 3973 esse
3681 3904 3751 3970 de

917 4006 1184 4072 consilio
1225 4007 1550 4074 facultatis
1595 4017 1660 4073 et
1699 4008 1873 4095 quod
1925 4010 1993 4074 in
2037 4020 2231 4075 antea
2271 4008 2485 4074 nullus
2527 4010 2858 4094 magister,
2913 4009 3051 4073 sive
3105 4007 3300 4073 fuerit
3344 4009 3414 4072 in
3460 4009 3588 4073 ista
3624 4005 3751 4071 uni·

833 4113 903 4171 30
922 4106 1229 4170 versitate
1273 4117 1608 4195 promotus
1650 4107 1788 4172 sive
1830 4109 1897 4173 in
1938 4108 2089 4193 alia,
2142 4110 2270 4174 nisi
2314 4109 2586 4173 tercium
2631 4130 2866 4173 annum
2912 4108 3012 4172 sui
3052 4108 3416 4193 magisterii
3458 4106 3749 4193 attigerit,

913 4203 998 4269 ad
1054 4205 1390 4270 consilium
1442 4205 1768 4272 facultatis
1822 4217 2201 4274 assumatur.
2285 4206 2375 4272 Et
2414 4207 2540 4273 hoc
2596 4206 2804 4291 duret,
2859 4206 3065 4289 donec
3108 4229 3228 4294 per
3267 4205 3638 4272 facultatem
3677 4202 3750 4268 de

914 4304 1185 4370 consilio
1228 4304 1559 4371 facultatis
1603 4305 1791 4371 aliter
1829 4307 2024 4372 fuerit
2066 4306 2489 4373 ordinatum.²

1726 4477 1785 4542 8.
1827 4489 1923 4536 m:
1966 4488 2448 4539 concnusmnn
2488 4490 2934 4540 meamus.

1077 4603 1242 4668 Item
1296 4612 1605 4668 statutum
1658 4604 1781 4670 fuit
1837 4613 1901 4669 et
1959 4604 2365 4690 conclusum,
2423 4606 2597 4693 quod
2652 4606 2720 4670 in
2776 4603 3387 4692 congregationibus
3442 4602 3749 4670 facultatis

841 4710 912 4767 35
931 4701 1169 4768 debeat
1208 4701 1510 4768 concludi
1564 4686 1918 4769 secundum
1961 4703 2399 4791 pluralitatem
2437 4728 2693 4788 vocum,
2746 4706 3039 4792 exceptis
3089 4702 3658 4791 praeiudicialibus
3694 4707 3749 4766 et

914 4802 1254 4887 graciosis,
1305 4801 1513 4867 donee
1552 4801 1828 4869 facultas
1873 4802 1955 4869 de
1992 4803 2186 4871 modo
2230 4803 2657 4871 concludendi
2702 4803 2892 4869 aliter
2932 4802 3323 4895 providebit.

1034 5107 1055 5157 1
1100 5101 1295 5157 Dieser
1326 5100 1656 5174 paragraph
1700 5101 1773 5157 ist
1804 5102 1894 5159 bei
1928 5104 2027 5159 der
2062 5103 2316 5175 Ziihlung
2354 5104 2451 5159 des
2490 5102 2772 5175 Originals
2821 5102 3178 5175 iibergangen
3218 5104 3332 5159 und
3370 5104 3471 5160 der
3509 5102 3743 5176 fulg-ende

920 5184 1119 5240 wieder
1152 5188 1254 5243 mit
1291 5191 1324 5241 6
1357 5186 1621 5256 beziffert,
1659 5204 1720 5242 so
1757 5187 1886 5242 dass
1916 5205 2024 5243 von
2061 5192 2093 5244 8
2133 5205 2206 5243 an
2239 5188 2341 5242 das
2377 5186 2628 5259 Original
2667 5192 2698 5242 2
2734 5186 2937 5295 Ziffern
2972 5187 3246 5260 niedriger
3280 5187 3448 5244 zahlt.

1038 5272 1069 5325 2
1114 5268 1228 5325 Zur
1263 5268 1410 5327 Seite
1441 5270 1537 5326 des
1574 5287 1793 5344 ganzen
1829 5270 2230 5347 Paragraphen
2266 5269 2414 5328 steht
2446 5279 2624 5327 vacat.
