4038 6358
866 587 988 653 468
1877 583 1979 634 Die
2013 582 2449 648 philosophische
2474 582 2729 635 Facultat.

946 806 1039 868 12.
1088 816 1425 878 ommuni
1469 814 1815 865 reupoms
1852 816 2008 877 Qms
2052 817 2126 865 m
2163 816 2323 865 1s'rA
2362 813 2864 863 umxsm'rr:
2906 813 3092 861 ANTE
3139 810 3639 862 Pnouomormu

1698 915 2282 964 BACCALAREATns
2326 914 2544 962 s'rARE
2587 913 2885 961 DEBEAT.

1046 1031 1277 1098 Nullus
1320 1030 1513 1098 debet
1554 1029 1810 1095 admitti
1855 1030 1942 1095 ad
1985 1053 2261 1096 examen
2302 1052 2425 1116 pro
2469 1027 2680 1114 gradu
2717 1026 3214 1110 baccalariatus,
3270 1026 3381 1114 qui
3422 1027 3594 1113 prius
3642 1028 3715 1090 in

876 1133 1008 1199 alia
1050 1132 1475 1197 universitate
1517 1151 1646 1194 non
1689 1131 1885 1213 stetit,
1928 1131 2057 1196 nisi
2099 1130 2397 1195 adminus
2454 1130 2523 1193 in
2570 1128 2700 1192 ista
2752 1128 3176 1192 universitate
3230 1126 3475 1191 steterit
3513 1127 3709 1213 quasi

792 1242 825 1298 5
877 1231 964 1297 ad
1007 1230 1278 1297 alterum
1324 1228 1665 1294 dimidium
1707 1251 1980 1314 annum3
2052 1240 2117 1295 et
2170 1230 2294 1296 hoc
2324 1218 2573 1316 ‘quasi'
2631 1249 2760 1292 non
2818 1225 3119 1292 diminuit
3177 1225 3326 1313 plus
3365 1248 3546 1313 quam
3588 1249 3715 1291 sex

876 1332 1291 1418 septimanae.

883 1501 976 1565 13.
1031 1512 1368 1574 QUANTUM
1407 1510 1754 1560 TEMPORIS
1802 1512 2217 1561 EXTRANEUS
2261 1509 2573 1559 STUDENS
2614 1509 3004 1558 ADVENIENS
3046 1511 3229 1558 ANTE
3274 1509 3719 1558 BACCALARu-

1496 1611 1642 1658 TUM
1681 1611 1756 1658 IN
1796 1611 1953 1660 ISTA
1995 1609 2502 1659 UNIVERSITATE
2545 1607 2762 1656 STARE
2802 1608 3103 1656 DEBEAT.

1052 1725 1283 1791 Nullus
1302 1774 1321 1809 ,
1377 1729 1647 1790 veniens
1695 1724 1777 1791 de
1817 1725 1950 1791 alia
1988 1726 2414 1791 universitate
2454 1722 2540 1788 ad
2582 1731 2903 1805 nom-am,
2986 1724 3361 1810 promoveri
3406 1722 3587 1789 debet
3630 1724 3720 1789 ad

806 1835 870 1892 10
888 1825 1166 1913 gradum
1219 1823 1695 1890 baccalariatus
1707 1873 1725 1908 ,
1786 1827 1916 1890 nisi
1972 1827 2157 1912 prius
2210 1825 2460 1890 steterit
2514 1823 2585 1886 in
2640 1824 2768 1887 ista
2825 1822 3250 1887 universitate
3292 1844 3412 1909 per
3448 1823 3721 1889 medium

886 1947 1143 2007 annum,
1187 1933 1252 1989 et
1294 1923 1637 1989 dummodo
1683 1924 2073 1990 sufficientes
2111 1923 2609 1989 informaciones
2646 1922 2874 1987 fecerit
2910 1920 2993 1987 de
3034 1921 3369 1987 auditione
3415 1921 3719 1989 librorum

888 2045 1010 2111 pro
1054 2022 1268 2109 gradu
1308 2024 1379 2087 in
1423 2022 1555 2090 alia
1594 2022 2041 2089 universitate.

891 2237 892 2240 =
999 2198 1093 2255 14.
1137 2206 1473 2267 QUANTUM
1513 2204 1860 2255 TEMPORIS
1902 2205 2372 2254 BACCALARIUS
2413 2203 2754 2253 ALTEBIUS
2792 2204 3320 2253 UNIVERSITATIS
3358 2206 3433 2254 m
3471 2206 3615 2255 ISTA

1543 2304 1760 2353 STARE
1801 2305 2082 2353 DEBEAT
2121 2305 2304 2352 ANTE
2351 2303 2535 2352 SUUM
2577 2303 3068 2352 MAGISTERIUM.

810 2430 874 2485 15
1056 2418 1288 2484 Nullus
1332 2418 1742 2485 baccalarius
1753 2468 1772 2502 ,
1829 2421 2097 2485 veniens
2137 2419 2219 2485 de
2262 2419 2393 2485 alia
2446 2420 2905 2503 universitate,
2986 2422 3355 2505 promoveri
3417 2420 3601 2486 debet
3640 2420 3723 2485 ad

890 2517 1167 2605 gradum
1209 2520 1570 2604 magisterii
1610 2520 1678 2584 in
1721 2519 1991 2602 artibus,
2036 2521 2164 2585 nisi
2201 2520 2383 2606 prius
2428 2520 2677 2584 steterit
2716 2520 2786 2583 in
2807 2520 2936 2583 ista
2969 2520 3392 2585 universitate
3430 2519 3710 2585 adminus

892 2639 1011 2704 per
1068 2616 1406 2682 dimidium
1467 2640 1706 2682 annum
1721 2667 1737 2694 ,
1821 2627 1885 2683 et
1958 2617 2305 2684 dummodo
2362 2617 2752 2684 sufficientes
2810 2619 3311 2684 informaciones
3368 2620 3591 2684 fecerit
3643 2619 3721 2683 de

902 2716 1230 2783 auditione
1268 2715 1582 2783 librorum
1615 2711 1746 2804 'pro
1789 2717 2168 2803 magisterio
2208 2719 2278 2782 in
2319 2716 2568 2783 artibus
2610 2718 2679 2782 in
2719 2717 2851 2783 alia
2896 2718 3341 2783 universitate.

930 2889 1023 2948 15.
1071 2879 1193 2969 [Bl.
1237 2879 1371 2970 21⁸]
1415 2901 1509 2949 ms:
1553 2900 2142 2950 RESPONSIONIBUS
2184 2899 2835 2965 Pnouovmmonun,
2881 2901 3026 2949 ‘rm
3063 2901 3695 2951 nem-rammam!

812 2989 883 3046 20
1815 3001 2006 3062 QUAM
2052 2984 2828 3068 BACCALARQDORUMJ

1066 3113 1294 3181 Nullus
1339 3113 1719 3179 admittatur
1761 3115 1848 3182 ad
1888 3124 2287 3202 temptamen
2331 3137 2452 3202 pro
2511 3113 2725 3200 gradu
2765 3116 3128 3203 magisterii
3182 3118 3251 3182 in
3294 3115 3562 3201 artibus,
3613 3117 3729 3184 nisi

900 3214 987 3279 ad
1029 3216 1242 3280 minus
1285 3225 1511 3301 quater
1557 3215 1642 3279 ad
1684 3224 1905 3302 partes
1948 3213 2344 3302 principales
2399 3224 2463 3280 et
2513 3213 2614 3279 bis
2671 3213 2757 3279 ad
2812 3226 3035 3302 partes
3083 3218 3295 3281 minus
3350 3218 3728 3306 principales

901 3312 1230 3381 ordinarie
1273 3323 1336 3378 et
1375 3310 1645 3379 totidem
1688 3314 2212 3380 extraordinarie
2253 3314 2602 3400 magistris,
2667 3337 2707 3378 a
2757 3314 2990 3401 quibus
3045 3314 3195 3380 talis
3237 3318 3575 3403 responsio
3617 3316 3731 3382 sibi

902 3415 1238 3499 assignata
1277 3414 1503 3495 fuerit,
1555 3411 1992 3500 responderit,
2049 3415 2142 3479 ita
2182 3412 2359 3499 quod
2399 3435 2440 3478 a
2481 3414 2806 3501 principio
2849 3437 3056 3503 usque
3095 3414 3183 3478 ad
3222 3415 3417 3480 finem
3462 3416 3732 3504 disputa·

818 3522 886 3578 25
905 3513 1108 3578 cionis
1161 3510 1402 3577 ibidem
1459 3514 1921 3599 permanserit,
1978 3513 2116 3577 sine
2172 3535 2395 3577 causa·
2423 3512 2807 3578 racionabili
2858 3536 2991 3578 non
3039 3513 3422 3580 recedendo.
3506 3515 3731 3580 Bacca-

904 3611 1238 3678 lariandus
1294 3633 1451 3676 vero
1512 3610 1614 3676 bis
1669 3612 2002 3697 magistris
2063 3622 2127 3676 et
2182 3615 2429 3677 tociens
2485 3610 2876 3677 baccalariis
2932 3611 3017 3677 ad
3074 3622 3295 3699 partes
3354 3614 3734 3703 principales

906 3711 1142 3777 debeat
1184 3710 1619 3797 respondisse,
1675 3710 1762 3776 ad
1816 3720 2039 3797 partes
2094 3720 2310 3776 autem
2352 3711 2564 3777 minus
2608 3710 3001 3797 principales
3045 3721 3274 3797 quater
3313 3715 3646 3800 magistris
3683 3724 3735 3778 et

909 3818 1138 3898 quater
1182 3807 1569 3877 baccalariis
1609 3817 1863 3874 tenetur
1913 3818 1978 3874 et
2029 3808 2221 3874 debet
2272 3807 2718 3896 respondisse3
2774 3810 2938 3875 alias
2993 3810 3079 3875 ad
3131 3834 3405 3877 examen
3454 3836 3589 3879 non
3642 3813 3737 3878 ad-

910 3911 1220 3973 mittatur.
1301 3908 1392 3972 Et
1442 3907 1650 3973 idem²
1702 3906 2170 3994 respondentes
2220 3918 2526 3973 maneant
2569 3930 2610 3972 a
2648 3909 2969 3996 principio
3012 3933 3216 3997 usque
3260 3910 3346 3975 ad
3388 3912 3587 3977 finem
3629 3913 3735 3978 dis·

826 4017 896 4074 30
916 4008 1301 4094 putacionis,
1363 4009 1501 4071 sine
1544 4029 1744 4072 causa
1796 4006 2183 4072 racionabili
2224 4029 2353 4072 non
2396 4007 2773 4073 recedendo,
2856 4008 2986 4089 Qui
3040 4011 3096 4075 si
3153 4009 3454 4076 absentes
3496 4013 3737 4092 fuerint,

845 4168 846 4171 ,
916 4106 1266 4172 dummodo
1330 4107 1424 4171 eis
1479 4108 1775 4192 arguitur
1830 4105 1936 4172 vel
1999 4116 2449 4194 argumentum
2513 4109 2917 4195 proponitur,
2982 4110 3320 4196 responsio
3376 4110 3561 4196 talis,
3622 4112 3739 4177 sive

918 4204 1303 4293 principalis
1348 4206 1486 4271 sive
1524 4206 1738 4271 minus
1776 4204 2159 4292 principalis
2201 4207 2412 4291 fuerit,
2455 4229 2583 4272 non
2625 4206 2858 4273 debeat
2899 4211 3279 4295 computari.

1031 4395 1127 4458 16.
1176 4406 1271 4454 ΒΕ
1313 4405 1599 4455 numo
1642 4406 2231 4473 DISPUTACIONUM,
2273 4407 2347 4455 m
2391 4408 2639 4468 QUIBUS
2679 4409 3230 4459 BACCALARIANDI
3276 4411 3653 4463 ‘nummu

2121 4506 2553 4555 COMPABERE.

830 4632 901 4689 35
1088 4618 1316 4685 Nullus
1363 4620 1449 4685 ad
1507 4643 1781 4686 examen
1837 4643 1956 4708 pro
2009 4620 2222 4708 gradu
2262 4619 2737 4688 baccalariatus
2779 4625 2846 4689 in
2893 4623 3142 4690 artibus
3184 4625 3588 4710 admittatur,
3640 4628 3747 4691 nisi

919 4723 988 4786 in
1041 4720 1448 4785 consciencia
1500 4742 1617 4784 sua
1673 4719 1877 4803 dicat,
1937 4720 2110 4805 quod
2165 4723 2234 4786 in
2287 4716 2559 4807 triginta
2617 4718 3168 4810 disputacionibus
3228 4724 3579 4790 ordinariis
3632 4737 3745 4791 tam

922 4821 1384 4906 magistrorum
1447 4841 1640 4905 quam
1703 4816 2220 4886 baccalariorum
2274 4843 2585 4908 praesens
2648 4822 2870 4906 fuerit,
2933 4833 3066 4888 tam
3124 4823 3236 4888 diu
3299 4823 3508 4893 donec
3566 4825 3749 4891 admi·

1096 5091 1118 5141 1
1156 5084 1267 5139 Am
1301 5084 1523 5140 Raude:
1567 5084 1812 5154 Leqatur
1839 5090 2046 5138 amam
2081 5100 2256 5139 novae
2293 5087 2690 5144 ordinacionis.

1095 5174 1125 5224 2
1161 5166 1417 5242 Anfangs
1451 5186 1566 5224 war
1596 5171 1753 5238 ydem
1785 5165 2160 5239 geschriebem
2199 5185 2311 5223 was
2344 5171 2403 5225 in
2444 5173 2588 5225 idem
2621 5171 2909 5244 corrigiert
2944 5172 3036 5227 ist.
3092 5173 3256 5229 Auch
3284 5178 3475 5247 spiiter
3513 5177 3647 5249 (vgl.
3676 5177 3753 5233 die

928 5253 1191 5309 Statuten
1225 5271 1334 5309 von
1373 5259 1523 5324 1507,
1556 5259 1587 5321 ξ
1625 5252 1710 5324 14)
1746 5253 1820 5306 ist
1854 5254 1996 5307 idem
2030 5251 2402 5323 geschrieben.
2473 5253 2648 5312 Sollte
2678 5273 2737 5312 es
2768 5257 2969 5312 ibidem
3000 5257 3259 5315 heissen?
