4038 6358
685 591 801 658 142
1697 586 1808 640 Des
1842 587 2114 643 Iohannes
2146 590 2307 641 Fabri
2345 592 2411 642 de
2448 586 2679 642 Werdea

757 772 975 838 diosos
1017 769 1459 836 adolescentes
1500 771 1748 859 passim
1789 769 2012 854 boare,
2065 781 2155 855 ut,
2198 770 2742 858 quemadmodum
2788 768 2893 857 [66
2906 765 2960 857 ¹⁵]
3005 769 3099 833 ait
3140 778 3353 856 poeta,
3412 770 3621 835 Arca·

761 872 908 938 diae
967 870 1279 958 pecuaria
1336 869 1570 935 rudere
1629 868 1879 951 credas,
1945 871 2425 958 praecipueque
2482 870 2826 952 edicimus,
2886 891 2971 936 ne
3026 869 3168 956 quis
3223 877 3337 933 aut
3396 868 3617 934 felium

761 969 1070 1035 eiulatum
1113 970 1183 1033 in
1236 967 1584 1054 pellionum
1636 968 2089 1035 contumeliam
2145 979 2258 1034 aut
2306 968 2596 1035 balatum
2641 990 2988 1056 caprarum
3036 967 3351 1034 imitando
3396 970 3610 1054 expri-

759 1078 924 1150 mat,
981 1090 1131 1132 nam
1182 1090 1378 1154 super
1420 1065 1545 1131 hac
1598 1090 1670 1133 re
1720 1086 1999 1153 magnae
2058 1068 2145 1133 ad
2199 1091 2318 1134 nos
2362 1065 2665 1156 querelae
2701 1090 2913 1156 nuper
2954 1066 3208 1132 delatae
3250 1075 3435 1148 sunt,
3498 1066 3613 1132 sub

705 1179 738 1233 5
758 1170 949 1234 unius
992 1189 1203 1232 novae
1247 1186 1616 1251 sexagenas
1657 1165 1915 1231 mulcta.
1962 1167 2119 1231 Dat.
2160 1177 2279 1234 etc.
2328 1171 2504 1236 1533.

1207 1354 1342 1416 124.
1411 1365 1801 1414 mnu-un
1842 1367 1936 1414 DE
1982 1366 2532 1416 SUPPLICATIONE
2571 1368 2644 1415 m
2686 1367 2808 1414 Dm
2850 1366 3082 1418 macl.

923 1479 1252 1547 Arnoldus
1276 1479 1382 1545 W.
1425 1503 1480 1544 r.
1522 1479 1790 1545 mandat
1831 1480 2130 1546 omnibus
2155 1504 2234 1547 ac
2263 1481 2535 1570 singulis
2577 1482 2928 1568 magistris,
2973 1479 3372 1562 doctoribus,
3418 1479 3611 1544 licen-

759 1584 936 1650 tiatis
981 1590 1044 1646 et
1091 1581 1527 1666 cuiuscunque
1575 1580 1822 1647 ordinis
1869 1580 2293 1664 scholasticis,
2343 1593 2415 1647 ut
2456 1581 2648 1647 hodie
2692 1591 2842 1646 ante
2882 1580 3112 1647 horam
3153 1581 3502 1666 septimam
3546 1580 3613 1642 in

761 1682 923 1749 aede
948 1680 1083 1745 divi
1113 1677 1368 1745 Nicolai
1401 1680 1786 1744 conveniant
1823 1680 1892 1743 in
1933 1678 2078 1762 hoc,
2118 1690 2191 1745 ut
2233 1680 2694 1771 supplicationi
2734 1678 3055 1767 publicae,
3106 1700 3273 1767 quae
3299 1701 3384 1743 ex
3430 1700 3610 1744 more

685 1793 747 1849 10
767 1778 871 1869 [66
883 1778 934 1866 ¹²]
982 1778 1068 1845 ad
1110 1780 1327 1843 omnia
1369 1777 1670 1843 divorum
1727 1777 1972 1865 templa
2026 1779 2155 1861 fiet,
2212 1778 2466 1846 decenti
2509 1790 2690 1845 veste
2745 1780 2969 1844 amicti
3019 1776 3365 1865 diligenter
3421 1781 3619 1843 inter·

762 1881 891 1949 sint
943 1900 1021 1944 ac
1076 1877 1269 1942 deum
1317 1878 1630 1963 optimum
1686 1879 2045 1942 maximum
2101 1902 2232 1943 una
2287 1902 2435 1944 cum
2493 1878 2741 1966 reliquo
2792 1876 3030 1966 populo
3073 1876 3448 1943 Christiano
3494 1897 3616 1963 pro

762 1977 1225 2067 tranquillitate
1267 1976 1582 2042 ecclesiae
1625 1975 1983 2042 catholicae
2027 1988 2091 2042 et
2130 1978 2327 2044 totius
2368 1977 2771 2065 reipublicae
2797 1976 3075 2042 utilitate
3115 1975 3422 2062 religiose
3468 1998 3612 2062 pre·

763 2090 1007 2160 centur,
1061 2098 1271 2163 neque
1309 2098 1397 2141 ex
1452 2074 1924 2162 supplicatione
1966 2076 2293 2161 recedant,
2349 2078 2480 2143 nisi
2522 2076 2821 2143 omnibus
2876 2077 3002 2141 rite
3056 2077 3359 2163 peractis,
3416 2073 3537 2140 sub
3581 2079 3619 2139 4

765 2187 1012 2266 argent.
1054 2174 1315 2242 mulcta.
1356 2175 1512 2241 Dat.
1561 2179 1738 2243 1533.

684 2375 747 2429 15
1671 2361 1804 2424 125.
1860 2374 2141 2435 QUARTA
2180 2374 2698 2424 Pnnrncos‘rns.

925 2490 1304 2558 Fridericus
1330 2487 1597 2575 Peypus
1626 2488 2071 2573 Forchemius,
2111 2500 2343 2574 rector,
2387 2489 2657 2556 mandat
2698 2490 2997 2556 omnibus
3041 2512 3121 2556 ac
3165 2490 3436 2577 singulis
3477 2500 3619 2574 etc.‚

759 2603 830 2661 ut
854 2614 1001 2658 cras
1026 2589 1194 2655 hora
1232 2589 1511 2675 septima
1539 2589 1607 2651 in
1637 2586 1797 2652 aede
1839 2586 1974 2653 divi
2017 2588 2274 2655 Nicolai
2317 2590 2709 2655 conveniant
2749 2590 2818 2654 in
2845 2588 2987 2673 hoc,
3030 2600 3102 2654 ut
3145 2587 3423 2656 solemni
3466 2614 3619 2677 sup·

763 2689 1115 2781 plicationi,
1170 2710 1336 2775 quae
1386 2709 1472 2751 ex
1510 2709 1690 2753 more
1733 2696 1797 2752 et
1836 2688 2132 2754 instituto
2175 2688 2487 2754 ecclesiae
2531 2687 2889 2753 catholicae
2930 2710 3050 2776 pro
3095 2688 3310 2755 foelici
3354 2690 3619 2775 frugum

763 2798 1083 2881 proventu
1146 2811 1224 2852 ac
1285 2786 1630 2851 universae
1695 2784 2093 2872 reipublicae
2157 2796 2328 2852 statu
2377 2784 2481 2874 [67
2492 2784 2544 2875 ⁸]
2599 2785 3053 2870 celebrabitur,
3120 2786 3375 2852 decenti
3432 2798 3619 2852 veste

678 2902 747 2960 20
766 2893 986 2957 amicti
1040 2887 1384 2972 diligenter
1435 2885 1754 2967 intersint,
1812 2906 1890 2948 ac
1936 2885 2130 2951 deum
2174 2896 2303 2972 opt.
2346 2908 2522 2951 max.
2576 2886 2800 2952 sedulo
2853 2910 2974 2974 pro
3017 2886 3296 2953 utilitate
3336 2888 3623 2952 omnium

763 3001 829 3056 et
872 2988 1191 3055 communi
1234 2984 1442 3050 salute
1482 2993 1846 3071 precentur,
1889 3006 2010 3049 nec
2046 3006 2130 3050 ex
2173 2984 2646 3072 supplicatione
2686 2986 3016 3073 recedant,
3059 2996 3133 3053 ut
3174 3008 3393 3073 supra.
3442 2993 3622 3053 1534.

1712 3172 1844 3234 126.
1904 3183 2247 3234 conroms
2291 3184 2585 3235 cmus‘n.

928 3300 1257 3369 Arnoldus
1282 3300 1386 3366 W.
1411 3323 1463 3366 r.
1502 3298 1772 3364 mandat
1813 3299 2113 3365 omnibus
2134 3323 2214 3365 ac
2253 3299 2525 3387 singulis
2565 3310 2704 3385 etc.‚
2745 3311 2818 3366 ut
2840 3303 3125 3366 crastina
3147 3301 3255 3366 die
3276 3301 3363 3367 ad
3385 3301 3618 3369 horam

766 3416 916 3472 ante
956 3400 1295 3467 meridiem
1348 3399 1692 3484 septimam
1747 3400 2137 3464 conveniant
2191 3402 2259 3464 in
2314 3399 2477 3464 aede
2527 3399 2586 3465 d.
2628 3400 2885 3466 Nicolai
2939 3403 3007 3466 in
3059 3399 3199 3484 hoc,
3254 3412 3325 3467 ut
3369 3401 3621 3488 suppli·

680 3517 749 3574 25
768 3503 1008 3573 cationi
1052 3499 1320 3582 solenni,
1377 3519 1543 3585 quae
1585 3520 1670 3561 ex
1722 3497 2188 3564 consuetudine
2246 3508 2310 3563 et
2365 3510 2716 3587 praecepto
2771 3499 3083 3565 ecclesiae
3140 3499 3498 3566 catholicae
3552 3503 3623 3565 in

767 3605 1076 3671 honorem
1120 3598 1519 3664 sacrosancti
1561 3597 1855 3682 corporis
1896 3594 2142 3662 Christi
2184 3619 2303 3684 per
2347 3621 2568 3664 omnes
2620 3597 2810 3664 huius
2862 3599 3046 3665 urbis
3102 3601 3401 3687 regiones
3458 3598 3622 3664 cele-

766 3702 1084 3784 brabitur,
1128 3696 1380 3763 decenti
1419 3706 1601 3760 veste
1653 3696 1874 3759 amicti
1930 3718 2046 3761 suo
2100 3698 2370 3784 quisque
2424 3696 2566 3763 loco
2621 3707 2686 3762 et
2737 3698 2964 3764 ordine
3019 3695 3122 3784 [67
3134 3696 3185 3785 ι’]
3244 3711 3621 3765 reverenter

766 3801 1084 3882 intersint,
1135 3797 1253 3864 sub
1298 3794 1539 3860 mulcta
1590 3794 1778 3858 unius
1834 3815 2046 3860 novae
2101 3818 2487 3882 sexagenae,
2544 3819 2623 3861 ac
2665 3796 2856 3862 deum
2899 3800 3403 3886 omnipotentem
3450 3821 3619 3864 com-

770 3901 946 3967 muni
1018 3898 1305 3963 omnium
1371 3915 1531 3960 voce
1598 3901 1710 3958 aut
1770 3894 1950 3958 taciti
2016 3916 2233 3959 secum
2300 3918 2421 3982 pro
2486 3898 2791 3962 maximis
2854 3897 2921 3961 in
2989 3919 3193 3983 genus
3259 3897 3617 3963 humanum

684 3997 1099 4068 30beneficiis
1140 3992 1522 4075 collaudent,
1578 3991 1750 4079 quod
1804 3995 2023 4078 gratia
2066 4016 2184 4058 sua
2226 4007 2582 4081 praeeunte
2627 3995 2858 4082 dignos
2904 4017 3025 4060 nos
3065 3996 3313 4081 fecerit,
3371 4005 3444 4062 ut
3486 4020 3614 4062 non

766 4108 1016 4166 tantum
1074 4092 1375 4159 sublimia
1428 4093 1558 4156 ista
1614 4093 1946 4177 mysteria,
2006 4114 2173 4179 quae
2211 4094 2325 4159 vix
2383 4096 2546 4181 ipsis
2606 4103 2758 4159 sunt
2812 4093 3063 4182 angelis
3112 4099 3273 4160 satis
3338 4097 3617 4184 cognita,

771 4215 1288 4284 agnosceremus,
1355 4189 1470 4255 sed
1530 4191 1727 4254 etiam
1787 4198 1860 4254 ut
1920 4190 2251 4256 dominum
2309 4192 2578 4279 gloriae,
2645 4193 2733 4258 ad
2793 4196 2975 4260 cuius
3040 4205 3266 4261 nutum
3330 4194 3494 4261 coeli
3558 4208 3622 4259 et

769 4307 985 4363 terrae
1029 4291 1549 4372 contremiscunt,
1604 4289 1672 4352 in
1711 4288 1971 4354 mortali
2013 4288 2139 4355 hoc
2182 4312 2456 4378 corpore
2499 4294 2994 4380 susciperemus,
3036 4305 3109 4360 nt
3149 4296 3244 4360 ita
3282 4293 3622 4382 praeclaro

770 4396 894 4461 hoc
947 4392 1091 4458 cibo
1135 4385 1405 4457 stabiliti
1448 4412 1526 4455 ac
1568 4388 1930 4456 confirmati
1970 4388 2295 4478 intrepide
2338 4390 2655 4457 adversus
2697 4394 3063 4480 principem
3103 4393 3519 4459 tenebrarum
3561 4402 3628 4457 et

686 4504 754 4562 35
774 4515 996 4560 omnes
1051 4490 1242 4556 huius
1300 4488 1526 4556 mundi
1591 4487 1867 4554 insidias
1930 4488 2027 4554 sic
2080 4509 2393 4576 queamus
2447 4489 2820 4558 dimicando
2877 4495 3248 4575 consistere,
3301 4501 3376 4557 ut
3429 4491 3623 4555 huius

769 4591 874 4679 [68
884 4587 936 4679 ⁸]
985 4589 1228 4657 anxilio
1285 4598 1350 4654 et
1410 4587 1740 4678 praesidio
1793 4586 2026 4676 procul
2084 4587 2281 4655 dubio
2335 4588 2617 4657 victores
2672 4591 2759 4657 ad
2820 4601 3185 4659 extremum
3243 4590 3621 4657 evadamus.

767 4691 925 4758 Dat.
968 4690 1092 4757 sub
1137 4688 1348 4775 sigillo
1394 4698 1512 4753 etc.

1486 4874 1620 4938 127.
1680 4885 1755 4934 m
1792 4884 2057 4935 vmmA
2099 4887 2378 4938 mamus
2422 4890 2826 4940 affusus.

937 5021 1242 5090 Crastina
1291 5021 1396 5087 die
1456 5020 1905 5087 solennitatem
1958 5019 2447 5088 celeberrimam
2502 5025 2783 5090 instituit
2832 5024 3109 5092 ecclesia
3162 5024 3300 5090 divi
3351 5024 3622 5091 Ioannis

693 5123 1124 5210 wbaptistae,
1169 5123 1272 5188 cui
1312 5120 1614 5190 Christus
1657 5119 1800 5205 ipse
1839 5115 1963 5183 hoc
2008 5118 2189 5185 dedit
2228 5123 2686 5206 testimonium,
2740 5122 2916 5210 quod
2954 5124 3124 5189 inter
3163 5134 3351 5191 natos
3395 5123 3624 5190 mulie-

772 5245 917 5288 rum
964 5242 1154 5287 nemo
1196 5220 1306 5286 illo
1347 5222 1554 5288 maior
1597 5217 1973 5300 surrexerit,
2013 5219 2125 5305 qui
2168 5228 2232 5284 et
2274 5221 2742 5308 prophetarum
2782 5223 3106 5288 maximus
3156 5222 3241 5289 de
3274 5222 3625 5291 salvatoris
