<?xml version="1.0" encoding="UTF-8"?>
<!DOCTYPE html PUBLIC "-//W3C//DTD XHTML 1.0 Transitional//EN"
    "http://www.w3.org/TR/xhtml1/DTD/xhtml1-transitional.dtd">
<html xmlns="http://www.w3.org/1999/xhtml" xml:lang="en" lang="en">
 <head>
  <title>
</title>
<meta http-equiv="Content-Type" content="text/html;charset=utf-8" />
  <meta name='ocr-system' content='tesseract 3.04.00' />
  <meta name='ocr-capabilities' content='ocr_page ocr_carea ocr_par ocr_line ocrx_word'/>
</head>
<body>
  <div class='ocr_page' id='page_1' title='image "./diestatutenbche02leipgoog_0203.png"; bbox 0 0 4038 6358; ppageno 0'>
   <div class='ocr_carea' id='block_1_1' title="bbox 1298 608 3310 672">
    <p class='ocr_par' dir='ltr' id='par_1_1' title="bbox 1298 608 3310 672">
     <span class='ocr_line' id='line_1_1' title="bbox 1298 608 3310 672; baseline 0.004 -10"><span class='ocrx_word' id='word_1_1' title='bbox 1298 611 1401 663; x_wconf 82' lang='lat' dir='ltr'>Die</span> <span class='ocrx_word' id='word_1_2' title='bbox 1436 610 1671 662; x_wconf 62' lang='lat' dir='ltr'>statumen</span> <span class='ocrx_word' id='word_1_3' title='bbox 1710 623 1818 662; x_wconf 81' lang='lat' dir='ltr'>von</span> <span class='ocrx_word' id='word_1_4' title='bbox 1858 608 2214 663; x_wconf 78' lang='lat'><strong>1416-1435.</strong></span> <span class='ocrx_word' id='word_1_5' title='bbox 3066 608 3182 672; x_wconf 84' lang='lat'>187</span> <span class='ocrx_word' id='word_1_6' title='bbox 3307 617 3310 622; x_wconf 83' lang='lat'>&#39;</span> 
     </span>
    </p>
   </div>
   <div class='ocr_carea' id='block_1_2' title="bbox 348 787 3136 960">
    <p class='ocr_par' dir='ltr' id='par_1_2' title="bbox 348 787 3136 960">
     <span class='ocr_line' id='line_1_2' title="bbox 348 787 3136 862; baseline -0.004 0"><span class='ocrx_word' id='word_1_7' title='bbox 348 787 359 802; x_wconf 80' lang='lat'><em>&#39;</em></span> <span class='ocrx_word' id='word_1_8' title='bbox 446 800 529 862; x_wconf 85' lang='grc'>48.</span> <span class='ocrx_word' id='word_1_9' title='bbox 565 811 659 859; x_wconf 79' lang='lat' dir='ltr'>DE</span> <span class='ocrx_word' id='word_1_10' title='bbox 700 811 1283 861; x_wconf 69' lang='lat' dir='ltr'>courmznrmus</span> <span class='ocrx_word' id='word_1_11' title='bbox 1321 810 1658 860; x_wconf 59' lang='lat' dir='ltr'>maenam</span> <span class='ocrx_word' id='word_1_12' title='bbox 1701 811 1838 859; x_wconf 78' lang='lat' dir='ltr'>PER</span> <span class='ocrx_word' id='word_1_13' title='bbox 1879 808 2366 859; x_wconf 75' lang='lat' dir='ltr'>PRAEPOSITUM</span> <span class='ocrx_word' id='word_1_14' title='bbox 2403 805 2661 856; x_wconf 70' lang='lat' dir='ltr'>DANms</span> <span class='ocrx_word' id='word_1_15' title='bbox 2699 806 2790 853; x_wconf 79' lang='lat' dir='ltr'>ET</span> <span class='ocrx_word' id='word_1_16' title='bbox 2832 805 2926 852; x_wconf 81' lang='lat' dir='ltr'>DE</span> <span class='ocrx_word' id='word_1_17' title='bbox 2971 802 3136 852; x_wconf 69' lang='lat' dir='ltr'>con·</span> 
     </span>
     <span class='ocr_line' id='line_1_3' title="bbox 1428 910 2128 960; baseline -0.006 0"><span class='ocrx_word' id='word_1_18' title='bbox 1428 910 1606 960; x_wconf 65' lang='lat' dir='ltr'>suno</span> <span class='ocrx_word' id='word_1_19' title='bbox 1651 910 2128 960; x_wconf 75' lang='lat' dir='ltr'><strong>AEDITUORUM.</strong></span> 
     </span>
    </p>
   </div>
   <div class='ocr_carea' id='block_1_3' title="bbox 344 1018 3279 2110">
    <p class='ocr_par' dir='ltr' id='par_1_3' title="bbox 344 1018 3279 2110">
     <span class='ocr_line' id='line_1_4' title="bbox 515 1018 3192 1106; baseline -0.004 -14"><span class='ocrx_word' id='word_1_20' title='bbox 515 1026 698 1092; x_wconf 87' lang='lat' dir='ltr'>Anno</span> <span class='ocrx_word' id='word_1_21' title='bbox 742 1021 1316 1094; x_wconf 80' lang='lat' dir='ltr'><strong>MOOCOXXXII</strong></span> <span class='ocrx_word' id='word_1_22' title='bbox 1358 1026 1419 1091; x_wconf 86' lang='lat' dir='ltr'>d.</span> <span class='ocrx_word' id='word_1_23' title='bbox 1470 1033 1562 1092; x_wconf 86' lang='lat'>11.</span> <span class='ocrx_word' id='word_1_24' title='bbox 1606 1026 1953 1092; x_wconf 82' lang='lat' dir='ltr'><strong>Februarii</strong></span> <span class='ocrx_word' id='word_1_25' title='bbox 2010 1033 2317 1090; x_wconf 87' lang='lat' dir='ltr'>statutum</span> <span class='ocrx_word' id='word_1_26' title='bbox 2368 1023 2489 1087; x_wconf 83' lang='lat' dir='ltr'>fuit</span> <span class='ocrx_word' id='word_1_27' title='bbox 2541 1031 2608 1086; x_wconf 91' lang='lat' dir='ltr'>et</span> <span class='ocrx_word' id='word_1_28' title='bbox 2660 1018 3031 1086; x_wconf 87' lang='lat' dir='ltr'>conclusum</span> <span class='ocrx_word' id='word_1_29' title='bbox 3075 1041 3192 1106; x_wconf 89' lang='lat' dir='ltr'>per</span> 
     </span>
     <span class='ocr_line' id='line_1_5' title="bbox 344 1117 3194 1215; baseline -0.004 -21"><span class='ocrx_word' id='word_1_30' title='bbox 344 1151 567 1194; x_wconf 87' lang='lat' dir='ltr'>omnes</span> <span class='ocrx_word' id='word_1_31' title='bbox 606 1127 973 1212; x_wconf 86' lang='lat' dir='ltr'>magistros,</span> <span class='ocrx_word' id='word_1_32' title='bbox 1017 1126 1189 1215; x_wconf 89' lang='lat' dir='ltr'>quod</span> <span class='ocrx_word' id='word_1_33' title='bbox 1229 1125 1501 1212; x_wconf 78' lang='lat' dir='ltr'>quilibet</span> <span class='ocrx_word' id='word_1_34' title='bbox 1536 1128 1945 1213; x_wconf 86' lang='lat' dir='ltr'>praepositus</span> <span class='ocrx_word' id='word_1_35' title='bbox 1976 1134 2233 1190; x_wconf 87' lang='lat' dir='ltr'>tenetur</span> <span class='ocrx_word' id='word_1_36' title='bbox 2262 1122 2603 1209; x_wconf 81' lang='lat' dir='ltr'>diligenter</span> <span class='ocrx_word' id='word_1_37' title='bbox 2630 1122 2977 1208; x_wconf 80' lang='lat' dir='ltr'>respicere,</span> <span class='ocrx_word' id='word_1_38' title='bbox 3021 1117 3194 1206; x_wconf 90' lang='lat' dir='ltr'>quod</span> 
     </span>
     <span class='ocr_line' id='line_1_6' title="bbox 348 1217 3277 1314; baseline -0.005 -20"><span class='ocrx_word' id='word_1_39' title='bbox 348 1227 779 1314; x_wconf 77' lang='lat' dir='ltr'>competentia</span> <span class='ocrx_word' id='word_1_40' title='bbox 831 1224 1080 1291; x_wconf 88' lang='lat' dir='ltr'>fercula</span> <span class='ocrx_word' id='word_1_41' title='bbox 1120 1228 1451 1313; x_wconf 80' lang='lat' dir='ltr'>magistris</span> <span class='ocrx_word' id='word_1_42' title='bbox 1496 1248 1618 1313; x_wconf 91' lang='lat' dir='ltr'>pro</span> <span class='ocrx_word' id='word_1_43' title='bbox 1664 1247 1888 1290; x_wconf 88' lang='lat' dir='ltr'>mensa</span> <span class='ocrx_word' id='word_1_44' title='bbox 1940 1223 2175 1289; x_wconf 84' lang='lat' dir='ltr'>dentur</span> <span class='ocrx_word' id='word_1_45' title='bbox 2231 1233 2294 1287; x_wconf 88' lang='lat' dir='ltr'>et</span> <span class='ocrx_word' id='word_1_46' title='bbox 2343 1221 2516 1308; x_wconf 88' lang='lat' dir='ltr'>quod</span> <span class='ocrx_word' id='word_1_47' title='bbox 2560 1220 2773 1286; x_wconf 91' lang='lat' dir='ltr'>debite</span> <span class='ocrx_word' id='word_1_48' title='bbox 2831 1217 3190 1305; x_wconf 87' lang='lat' dir='ltr'>decoquan-</span> <span class='ocrx_word' id='word_1_49' title='bbox 3242 1225 3277 1282; x_wconf 90' lang='lat'><strong>5</strong></span> 
     </span>
     <span class='ocr_line' id='line_1_7' title="bbox 346 1318 3198 1409; baseline -0.004 -17"><span class='ocrx_word' id='word_1_50' title='bbox 346 1339 464 1392; x_wconf 83' lang='lat' dir='ltr'>tur</span> <span class='ocrx_word' id='word_1_51' title='bbox 501 1338 561 1392; x_wconf 87' lang='lat' dir='ltr'>et</span> <span class='ocrx_word' id='word_1_52' title='bbox 602 1323 1094 1390; x_wconf 80' lang='lat' dir='ltr'>distribuantur.</span> <span class='ocrx_word' id='word_1_53' title='bbox 1179 1326 1466 1392; x_wconf 88' lang='lat' dir='ltr'>Tenetur</span> <span class='ocrx_word' id='word_1_54' title='bbox 1521 1326 1715 1394; x_wconf 88' lang='lat' dir='ltr'>etiam</span> <span class='ocrx_word' id='word_1_55' title='bbox 1772 1324 2154 1409; x_wconf 74' lang='lat' dir='ltr'>aliquotiens</span> <span class='ocrx_word' id='word_1_56' title='bbox 2207 1323 2274 1386; x_wconf 90' lang='lat' dir='ltr'>in</span> <span class='ocrx_word' id='word_1_57' title='bbox 2331 1343 2549 1396; x_wconf 85' lang='lat' dir='ltr'>mense</span> <span class='ocrx_word' id='word_1_58' title='bbox 2605 1339 2750 1384; x_wconf 89' lang='lat' dir='ltr'>cum</span> <span class='ocrx_word' id='word_1_59' title='bbox 2805 1318 3081 1383; x_wconf 84' lang='lat' dir='ltr'>aedituis</span> <span class='ocrx_word' id='word_1_60' title='bbox 3135 1326 3198 1381; x_wconf 91' lang='lat' dir='ltr'>et</span> 
     </span>
     <span class='ocr_line' id='line_1_8' title="bbox 352 1421 3195 1511; baseline -0.004 -20"><span class='ocrx_word' id='word_1_61' title='bbox 352 1426 597 1491; x_wconf 83' lang='lat' dir='ltr'>aeditui</span> <span class='ocrx_word' id='word_1_62' title='bbox 654 1446 801 1489; x_wconf 89' lang='lat' dir='ltr'>cum</span> <span class='ocrx_word' id='word_1_63' title='bbox 854 1426 999 1511; x_wconf 89' lang='lat' dir='ltr'>ipso</span> <span class='ocrx_word' id='word_1_64' title='bbox 1054 1435 1337 1490; x_wconf 86' lang='lat' dir='ltr'>tractare</span> <span class='ocrx_word' id='word_1_65' title='bbox 1378 1424 1460 1490; x_wconf 86' lang='lat' dir='ltr'>de</span> <span class='ocrx_word' id='word_1_66' title='bbox 1517 1422 1907 1490; x_wconf 86' lang='lat' dir='ltr'>ferculorum</span> <span class='ocrx_word' id='word_1_67' title='bbox 1961 1421 2270 1508; x_wconf 79' lang='lat' dir='ltr'>qualitate</span> <span class='ocrx_word' id='word_1_68' title='bbox 2326 1429 2390 1485; x_wconf 89' lang='lat' dir='ltr'>et</span> <span class='ocrx_word' id='word_1_69' title='bbox 2443 1421 2802 1508; x_wconf 87' lang='lat' dir='ltr'>quantitate</span> <span class='ocrx_word' id='word_1_70' title='bbox 2855 1427 2918 1482; x_wconf 90' lang='lat' dir='ltr'>et</span> <span class='ocrx_word' id='word_1_71' title='bbox 2977 1439 3195 1482; x_wconf 85' lang='lat' dir='ltr'>eorum</span> 
     </span>
     <span class='ocr_line' id='line_1_9' title="bbox 346 1515 3194 1612; baseline -0.005 -20"><span class='ocrx_word' id='word_1_72' title='bbox 346 1525 865 1592; x_wconf 83' lang='lat' dir='ltr'>informationem</span> <span class='ocrx_word' id='word_1_73' title='bbox 923 1525 1101 1608; x_wconf 86' lang='lat' dir='ltr'>sequi</span> <span class='ocrx_word' id='word_1_74' title='bbox 1157 1519 1587 1612; x_wconf 88' lang='lat' dir='ltr'>praepositus.</span> <span class='ocrx_word' id='word_1_75' title='bbox 1670 1523 1924 1604; x_wconf 78' lang='lat' dir='ltr'>Quare¹</span> <span class='ocrx_word' id='word_1_76' title='bbox 1981 1521 2224 1588; x_wconf 87' lang='lat' dir='ltr'>aeditui</span> <span class='ocrx_word' id='word_1_77' title='bbox 2279 1521 2464 1585; x_wconf 82' lang='lat' dir='ltr'>iuxta</span> <span class='ocrx_word' id='word_1_78' title='bbox 2520 1542 2739 1584; x_wconf 89' lang='lat' dir='ltr'>eorum</span> <span class='ocrx_word' id='word_1_79' title='bbox 2798 1515 3194 1582; x_wconf 85' lang='lat' dir='ltr'>distributio·</span> 
     </span>
     <span class='ocr_line' id='line_1_10' title="bbox 344 1615 3192 1710; baseline -0.004 -19"><span class='ocrx_word' id='word_1_80' title='bbox 344 1626 529 1691; x_wconf 85' lang='lat' dir='ltr'>nem²</span> <span class='ocrx_word' id='word_1_81' title='bbox 576 1633 873 1689; x_wconf 85' lang='lat' dir='ltr'>tenentur</span> <span class='ocrx_word' id='word_1_82' title='bbox 916 1625 1131 1710; x_wconf 87' lang='lat' dir='ltr'>ipsum</span> <span class='ocrx_word' id='word_1_83' title='bbox 1184 1623 1460 1689; x_wconf 89' lang='lat' dir='ltr'>fideliter</span> <span class='ocrx_word' id='word_1_84' title='bbox 1500 1623 1581 1690; x_wconf 91' lang='lat' dir='ltr'>de</span> <span class='ocrx_word' id='word_1_85' title='bbox 1623 1621 1987 1689; x_wconf 88' lang='lat' dir='ltr'>huiusmodi</span> <span class='ocrx_word' id='word_1_86' title='bbox 2031 1620 2340 1710; x_wconf 83' lang='lat' dir='ltr'>qualitate</span> <span class='ocrx_word' id='word_1_87' title='bbox 2380 1629 2444 1684; x_wconf 92' lang='lat' dir='ltr'>et</span> <span class='ocrx_word' id='word_1_88' title='bbox 2485 1618 2844 1705; x_wconf 86' lang='lat' dir='ltr'>quantitate</span> <span class='ocrx_word' id='word_1_89' title='bbox 2896 1639 2974 1681; x_wconf 88' lang='lat' dir='ltr'>ac</span> <span class='ocrx_word' id='word_1_90' title='bbox 3017 1615 3192 1682; x_wconf 76' lang='lat' dir='ltr'>aliis³</span> 
     </span>
     <span class='ocr_line' id='line_1_11' title="bbox 344 1716 3279 1808; baseline -0.003 -17"><span class='ocrx_word' id='word_1_91' title='bbox 344 1725 711 1806; x_wconf 82' lang='lat' dir='ltr'>informare,</span> <span class='ocrx_word' id='word_1_92' title='bbox 763 1723 1006 1788; x_wconf 85' lang='lat' dir='ltr'>aeditui</span> <span class='ocrx_word' id='word_1_93' title='bbox 1049 1724 1266 1805; x_wconf 85' lang='lat' dir='ltr'>etiam,</span> <span class='ocrx_word' id='word_1_94' title='bbox 1320 1721 1637 1788; x_wconf 84' lang='lat' dir='ltr'>collectim</span> <span class='ocrx_word' id='word_1_95' title='bbox 1679 1722 1784 1788; x_wconf 89' lang='lat' dir='ltr'>vel</span> <span class='ocrx_word' id='word_1_96' title='bbox 1823 1722 2087 1787; x_wconf 84' lang='lat' dir='ltr'>divisim</span> <span class='ocrx_word' id='word_1_97' title='bbox 2128 1720 2444 1808; x_wconf 83' lang='lat' dir='ltr'>requisiti,</span> <span class='ocrx_word' id='word_1_98' title='bbox 2491 1741 2686 1805; x_wconf 86' lang='lat' dir='ltr'>super</span> <span class='ocrx_word' id='word_1_99' title='bbox 2729 1716 2984 1783; x_wconf 87' lang='lat' dir='ltr'>defectu</span> <span class='ocrx_word' id='word_1_100' title='bbox 3021 1737 3194 1780; x_wconf 90' lang='lat' dir='ltr'>men·</span> <span class='ocrx_word' id='word_1_101' title='bbox 3217 1725 3279 1781; x_wconf 86' lang='lat'>10</span> 
     </span>
     <span class='ocr_line' id='line_1_12' title="bbox 348 1815 3195 1910; baseline -0.003 -21"><span class='ocrx_word' id='word_1_102' title='bbox 348 1847 467 1889; x_wconf 85' lang='lat' dir='ltr'>sae</span> <span class='ocrx_word' id='word_1_103' title='bbox 504 1822 603 1888; x_wconf 89' lang='lat' dir='ltr'>vel</span> <span class='ocrx_word' id='word_1_104' title='bbox 656 1821 913 1909; x_wconf 80' lang='lat' dir='ltr'>collegii</span> <span class='ocrx_word' id='word_1_105' title='bbox 973 1822 1267 1890; x_wconf 85' lang='lat' dir='ltr'>similiter</span> <span class='ocrx_word' id='word_1_106' title='bbox 1308 1824 1751 1910; x_wconf 88' lang='lat' dir='ltr'>praepositum</span> <span class='ocrx_word' id='word_1_107' title='bbox 1804 1819 2083 1886; x_wconf 87' lang='lat' dir='ltr'>fideliter</span> <span class='ocrx_word' id='word_1_108' title='bbox 2137 1820 2528 1902; x_wconf 65' lang='lat' dir='ltr'>informare„</span> <span class='ocrx_word' id='word_1_109' title='bbox 2561 1827 2633 1882; x_wconf 90' lang='lat' dir='ltr'>ut</span> <span class='ocrx_word' id='word_1_110' title='bbox 2671 1815 3044 1882; x_wconf 86' lang='lat' dir='ltr'>huiusmodi</span> <span class='ocrx_word' id='word_1_111' title='bbox 3087 1815 3195 1881; x_wconf 86' lang='lat' dir='ltr'>de·</span> 
     </span>
     <span class='ocr_line' id='line_1_13' title="bbox 346 1914 3195 2011; baseline -0.003 -23"><span class='ocrx_word' id='word_1_112' title='bbox 346 1924 571 2005; x_wconf 80' lang='lat' dir='ltr'>fectus,</span> <span class='ocrx_word' id='word_1_113' title='bbox 614 1923 999 2011; x_wconf 87' lang='lat' dir='ltr'>quantocius</span> <span class='ocrx_word' id='word_1_114' title='bbox 1042 1932 1285 2009; x_wconf 88' lang='lat' dir='ltr'>potest,</span> <span class='ocrx_word' id='word_1_115' title='bbox 1328 1921 1717 1987; x_wconf 86' lang='lat' dir='ltr'>emendetur.</span> <span class='ocrx_word' id='word_1_116' title='bbox 1797 1920 2084 1986; x_wconf 86' lang='lat' dir='ltr'>Tenetur</span> <span class='ocrx_word' id='word_1_117' title='bbox 2126 1921 2321 1984; x_wconf 88' lang='lat' dir='ltr'>etiam</span> <span class='ocrx_word' id='word_1_118' title='bbox 2363 1918 2771 2006; x_wconf 86' lang='lat' dir='ltr'>praepositus</span> <span class='ocrx_word' id='word_1_119' title='bbox 2813 1914 2977 1981; x_wconf 86' lang='lat' dir='ltr'>tales</span> <span class='ocrx_word' id='word_1_120' title='bbox 3023 1914 3195 1990; x_wconf 86' lang='lat' dir='ltr'>aedi-</span> 
     </span>
     <span class='ocr_line' id='line_1_14' title="bbox 349 2021 1826 2110; baseline 0 -24"><span class='ocrx_word' id='word_1_121' title='bbox 349 2030 497 2088; x_wconf 85' lang='lat' dir='ltr'>tuos</span> <span class='ocrx_word' id='word_1_122' title='bbox 539 2022 877 2087; x_wconf 84' lang='lat' dir='ltr'>caritative</span> <span class='ocrx_word' id='word_1_123' title='bbox 919 2031 983 2087; x_wconf 90' lang='lat' dir='ltr'>et</span> <span class='ocrx_word' id='word_1_124' title='bbox 1025 2043 1171 2087; x_wconf 89' lang='lat' dir='ltr'>cum</span> <span class='ocrx_word' id='word_1_125' title='bbox 1213 2022 1540 2110; x_wconf 84' lang='lat' dir='ltr'>pacientia</span> <span class='ocrx_word' id='word_1_126' title='bbox 1580 2021 1826 2087; x_wconf 88' lang='lat' dir='ltr'>audire.</span> 
     </span>
    </p>
   </div>
   <div class='ocr_carea' id='block_1_4' title="bbox 515 2192 3046 2256">
    <p class='ocr_par' dir='ltr' id='par_1_4' title="bbox 515 2192 3046 2256">
     <span class='ocr_line' id='line_1_15' title="bbox 515 2192 3046 2256; baseline -0.002 -3"><span class='ocrx_word' id='word_1_127' title='bbox 515 2192 609 2254; x_wconf 85' lang='grc'>49.</span> <span class='ocrx_word' id='word_1_128' title='bbox 663 2206 758 2253; x_wconf 82' lang='lat' dir='ltr'>DE</span> <span class='ocrx_word' id='word_1_129' title='bbox 802 2203 1190 2256; x_wconf 75' lang='lat' dir='ltr'>LABORIBUS</span> <span class='ocrx_word' id='word_1_130' title='bbox 1233 2204 1733 2254; x_wconf 75' lang='lat' dir='ltr'>MAGISTRORUM</span> <span class='ocrx_word' id='word_1_131' title='bbox 1777 2205 1869 2251; x_wconf 82' lang='lat' dir='ltr'>DE</span> <span class='ocrx_word' id='word_1_132' title='bbox 1910 2202 2102 2252; x_wconf 80' lang='lat' dir='ltr'>NOVO</span> <span class='ocrx_word' id='word_1_133' title='bbox 2149 2201 2556 2251; x_wconf 74' lang='lat' dir='ltr'><strong>COLLEGIUM</strong></span> <span class='ocrx_word' id='word_1_134' title='bbox 2596 2201 3046 2249; x_wconf 77' lang='lat' dir='ltr'>INTRANTIUM.</span> 
     </span>
    </p>
   </div>
   <div class='ocr_carea' id='block_1_5' title="bbox 351 2277 3277 2807">
    <p class='ocr_par' dir='ltr' id='par_1_5' title="bbox 351 2277 3277 2807">
     <span class='ocr_line' id='line_1_16' title="bbox 602 2277 627 2308; baseline 0 -2"><span class='ocrx_word' id='word_1_135' title='bbox 602 2277 627 2308; x_wconf 66' lang='grc'><strong><em>1</em></strong></span> 
     </span>
     <span class='ocr_line' id='line_1_17' title="bbox 515 2315 3277 2408; baseline -0.003 -22"><span class='ocrx_word' id='word_1_136' title='bbox 515 2321 702 2386; x_wconf 89' lang='lat' dir='ltr'>Anno</span> <span class='ocrx_word' id='word_1_137' title='bbox 760 2320 1331 2389; x_wconf 82' lang='lat' dir='ltr'>MCCOCXXXV</span> <span class='ocrx_word' id='word_1_138' title='bbox 1385 2322 1453 2386; x_wconf 90' lang='lat' dir='ltr'>in</span> <span class='ocrx_word' id='word_1_139' title='bbox 1520 2323 1974 2408; x_wconf 86' lang='lat' dir='ltr'>praepositura</span> <span class='ocrx_word' id='word_1_140' title='bbox 2038 2319 2125 2384; x_wconf 90' lang='lat' dir='ltr'>M.</span> <span class='ocrx_word' id='word_1_141' title='bbox 2185 2320 2276 2385; x_wconf 90' lang='lat' dir='ltr'>Io.</span> <span class='ocrx_word' id='word_1_142' title='bbox 2334 2317 2767 2386; x_wconf 86' lang='lat' dir='ltr'>Ermelreichs</span> <span class='ocrx_word' id='word_1_143' title='bbox 2824 2315 3192 2381; x_wconf 89' lang='lat' dir='ltr'>conclusum</span> <span class='ocrx_word' id='word_1_144' title='bbox 3217 2323 3277 2380; x_wconf 86' lang='lat'>15</span> 
     </span>
     <span class='ocr_line' id='line_1_18' title="bbox 351 2414 3198 2508; baseline -0.003 -22"><span class='ocrx_word' id='word_1_145' title='bbox 351 2421 504 2504; x_wconf 84' lang='lat' dir='ltr'>fuit,</span> <span class='ocrx_word' id='word_1_146' title='bbox 558 2420 731 2508; x_wconf 90' lang='lat' dir='ltr'>quod</span> <span class='ocrx_word' id='word_1_147' title='bbox 780 2420 1050 2508; x_wconf 89' lang='lat' dir='ltr'>quilibet</span> <span class='ocrx_word' id='word_1_148' title='bbox 1106 2419 1188 2486; x_wconf 89' lang='lat' dir='ltr'>de</span> <span class='ocrx_word' id='word_1_149' title='bbox 1237 2443 1405 2486; x_wconf 90' lang='lat' dir='ltr'>novo</span> <span class='ocrx_word' id='word_1_150' title='bbox 1462 2422 1712 2485; x_wconf 86' lang='lat' dir='ltr'>intrans</span> <span class='ocrx_word' id='word_1_151' title='bbox 1766 2418 2107 2505; x_wconf 88' lang='lat' dir='ltr'>collegium</span> <span class='ocrx_word' id='word_1_152' title='bbox 2157 2417 2375 2504; x_wconf 86' lang='lat' dir='ltr'>legere</span> <span class='ocrx_word' id='word_1_153' title='bbox 2425 2427 2537 2483; x_wconf 88' lang='lat' dir='ltr'>aut</span> <span class='ocrx_word' id='word_1_154' title='bbox 2584 2417 2919 2504; x_wconf 82' lang='lat' dir='ltr'>disputare</span> <span class='ocrx_word' id='word_1_155' title='bbox 2963 2414 3198 2480; x_wconf 86' lang='lat' dir='ltr'>debeat</span> 
     </span>
     <span class='ocr_line' id='line_1_19' title="bbox 352 2514 3195 2607; baseline -0.002 -21"><span class='ocrx_word' id='word_1_156' title='bbox 352 2522 420 2586; x_wconf 89' lang='lat' dir='ltr'>in</span> <span class='ocrx_word' id='word_1_157' title='bbox 489 2519 824 2605; x_wconf 87' lang='lat' dir='ltr'>auditorio,</span> <span class='ocrx_word' id='word_1_158' title='bbox 870 2520 1202 2607; x_wconf 21' lang='lat' dir='ltr'>,quamdiu</span> <span class='ocrx_word' id='word_1_159' title='bbox 1262 2541 1571 2607; x_wconf 88' lang='lat' dir='ltr'>praesens</span> <span class='ocrx_word' id='word_1_160' title='bbox 1632 2520 1828 2585; x_wconf 88' lang='lat' dir='ltr'>fuerit</span> <span class='ocrx_word' id='word_1_161' title='bbox 1892 2520 1959 2583; x_wconf 89' lang='lat' dir='ltr'>in</span> <span class='ocrx_word' id='word_1_162' title='bbox 2024 2516 2315 2603; x_wconf 80' lang='lat' dir='ltr'>collegiO‚</span> <span class='ocrx_word' id='word_1_163' title='bbox 2378 2518 2505 2581; x_wconf 87' lang='lat' dir='ltr'>nisi</span> <span class='ocrx_word' id='word_1_164' title='bbox 2569 2518 2635 2581; x_wconf 90' lang='lat' dir='ltr'>in</span> <span class='ocrx_word' id='word_1_165' title='bbox 2700 2515 2831 2580; x_wconf 85' lang='lat' dir='ltr'>alia</span> <span class='ocrx_word' id='word_1_166' title='bbox 2888 2514 3195 2581; x_wconf 86' lang='lat' dir='ltr'>facultate</span> 
     </span>
     <span class='ocr_line' id='line_1_20' title="bbox 355 2615 3199 2707; baseline -0.002 -21"><span class='ocrx_word' id='word_1_167' title='bbox 355 2621 620 2707; x_wconf 88' lang='lat' dir='ltr'>legeret,</span> <span class='ocrx_word' id='word_1_168' title='bbox 682 2630 795 2685; x_wconf 89' lang='lat' dir='ltr'>aut</span> <span class='ocrx_word' id='word_1_169' title='bbox 856 2621 1032 2686; x_wconf 86' lang='lat' dir='ltr'>senio</span> <span class='ocrx_word' id='word_1_170' title='bbox 1094 2629 1207 2685; x_wconf 89' lang='lat' dir='ltr'>aut</span> <span class='ocrx_word' id='word_1_171' title='bbox 1257 2620 1492 2684; x_wconf 90' lang='lat' dir='ltr'>virium</span> <span class='ocrx_word' id='word_1_172' title='bbox 1551 2617 1882 2683; x_wconf 87' lang='lat' dir='ltr'>debilitate</span> <span class='ocrx_word' id='word_1_173' title='bbox 1945 2626 2355 2703; x_wconf 83' lang='lat' dir='ltr'>gravaretur,</span> <span class='ocrx_word' id='word_1_174' title='bbox 2414 2625 2527 2681; x_wconf 87' lang='lat' dir='ltr'>aut</span> <span class='ocrx_word' id='word_1_175' title='bbox 2585 2615 2749 2680; x_wconf 87' lang='lat' dir='ltr'>alias</span> <span class='ocrx_word' id='word_1_176' title='bbox 2806 2623 3199 2703; x_wconf 88' lang='lat' dir='ltr'>competeret</span> 
     </span>
     <span class='ocr_line' id='line_1_21' title="bbox 357 2714 3196 2807; baseline -0.003 -21"><span class='ocrx_word' id='word_1_177' title='bbox 357 2721 568 2807; x_wconf 86' lang='lat' dir='ltr'>legere</span> <span class='ocrx_word' id='word_1_178' title='bbox 609 2742 740 2786; x_wconf 89' lang='lat' dir='ltr'>non</span> <span class='ocrx_word' id='word_1_179' title='bbox 782 2721 1026 2807; x_wconf 85' lang='lat' dir='ltr'>posse⁴‚</span> <span class='ocrx_word' id='word_1_180' title='bbox 1072 2718 1193 2785; x_wconf 89' lang='lat' dir='ltr'>sub</span> <span class='ocrx_word' id='word_1_181' title='bbox 1223 2740 1434 2806; x_wconf 88' lang='lat' dir='ltr'>poena</span> <span class='ocrx_word' id='word_1_182' title='bbox 1470 2718 1800 2784; x_wconf 85' lang='lat' dir='ltr'>carentiae</span> <span class='ocrx_word' id='word_1_183' title='bbox 1842 2718 2162 2804; x_wconf 88' lang='lat' dir='ltr'>portionis</span> <span class='ocrx_word' id='word_1_184' title='bbox 2206 2739 2379 2799; x_wconf 84' lang='lat' dir='ltr'>suae,</span> <span class='ocrx_word' id='word_1_185' title='bbox 2418 2737 2752 2804; x_wconf 90' lang='lat' dir='ltr'>quousque</span> <span class='ocrx_word' id='word_1_186' title='bbox 2791 2714 2914 2780; x_wconf 89' lang='lat' dir='ltr'>hoc</span> <span class='ocrx_word' id='word_1_187' title='bbox 2955 2715 3196 2779; x_wconf 88' lang='lat' dir='ltr'>fecerit.</span> 
     </span>
    </p>
   </div>
   <div class='ocr_carea' id='block_1_6' title="bbox 1135 2889 3281 2953">
    <p class='ocr_par' dir='ltr' id='par_1_6' title="bbox 1135 2889 3281 2953">
     <span class='ocr_line' id='line_1_22' title="bbox 1135 2889 3281 2953; baseline -0.004 0"><span class='ocrx_word' id='word_1_188' title='bbox 1135 2891 1236 2953; x_wconf 87' lang='lat'>50.</span> <span class='ocrx_word' id='word_1_189' title='bbox 1280 2902 1375 2950; x_wconf 81' lang='lat' dir='ltr'>DE</span> <span class='ocrx_word' id='word_1_190' title='bbox 1418 2901 1723 2950; x_wconf 64' lang='lat' dir='ltr'>nmmo</span> <span class='ocrx_word' id='word_1_191' title='bbox 1766 2900 1936 2952; x_wconf 69' lang='lat' dir='ltr'>uovl</span> <span class='ocrx_word' id='word_1_192' title='bbox 1979 2900 2420 2949; x_wconf 65' lang='lat' dir='ltr'>commun.</span> <span class='ocrx_word' id='word_1_193' title='bbox 3212 2889 3281 2945; x_wconf 82' lang='lat'>20</span> 
     </span>
    </p>
   </div>
   <div class='ocr_carea' id='block_1_7' title="bbox 361 3012 3200 3305">
    <p class='ocr_par' dir='ltr' id='par_1_7' title="bbox 361 3012 3200 3305">
     <span class='ocr_line' id='line_1_23' title="bbox 517 3012 3198 3104; baseline -0.003 -20"><span class='ocrx_word' id='word_1_194' title='bbox 517 3020 676 3084; x_wconf 89' lang='lat' dir='ltr'>Item</span> <span class='ocrx_word' id='word_1_195' title='bbox 721 3017 1093 3084; x_wconf 88' lang='lat' dir='ltr'>conclusum</span> <span class='ocrx_word' id='word_1_196' title='bbox 1134 3017 1273 3099; x_wconf 83' lang='lat' dir='ltr'>fuit,</span> <span class='ocrx_word' id='word_1_197' title='bbox 1314 3017 1489 3103; x_wconf 86' lang='lat' dir='ltr'>quod</span> <span class='ocrx_word' id='word_1_198' title='bbox 1532 3016 1801 3104; x_wconf 89' lang='lat' dir='ltr'>quilibet</span> <span class='ocrx_word' id='word_1_199' title='bbox 1843 3016 1924 3082; x_wconf 89' lang='lat' dir='ltr'>de</span> <span class='ocrx_word' id='word_1_200' title='bbox 1964 3037 2134 3081; x_wconf 91' lang='lat' dir='ltr'>novo</span> <span class='ocrx_word' id='word_1_201' title='bbox 2175 3018 2426 3082; x_wconf 86' lang='lat' dir='ltr'>intrans</span> <span class='ocrx_word' id='word_1_202' title='bbox 2470 3015 2811 3104; x_wconf 88' lang='lat' dir='ltr'>collegium</span> <span class='ocrx_word' id='word_1_203' title='bbox 2855 3012 3198 3102; x_wconf 88' lang='lat' dir='ltr'>prandium</span> 
     </span>
     <span class='ocr_line' id='line_1_24' title="bbox 363 3113 3200 3206; baseline -0.003 -22"><span class='ocrx_word' id='word_1_204' title='bbox 363 3142 542 3184; x_wconf 88' lang='lat' dir='ltr'>suum</span> <span class='ocrx_word' id='word_1_205' title='bbox 582 3141 704 3206; x_wconf 90' lang='lat' dir='ltr'>pro</span> <span class='ocrx_word' id='word_1_206' title='bbox 746 3116 1019 3203; x_wconf 90' lang='lat' dir='ltr'>collegio</span> <span class='ocrx_word' id='word_1_207' title='bbox 1061 3116 1220 3183; x_wconf 86' lang='lat' dir='ltr'>dare</span> <span class='ocrx_word' id='word_1_208' title='bbox 1267 3115 1461 3183; x_wconf 86' lang='lat' dir='ltr'>debet</span> <span class='ocrx_word' id='word_1_209' title='bbox 1501 3116 1675 3181; x_wconf 81' lang='lat' dir='ltr'>infra</span> <span class='ocrx_word' id='word_1_210' title='bbox 1714 3117 1996 3203; x_wconf 91' lang='lat' dir='ltr'>primum</span> <span class='ocrx_word' id='word_1_211' title='bbox 2037 3135 2320 3182; x_wconf 88' lang='lat' dir='ltr'>mensem</span> <span class='ocrx_word' id='word_1_212' title='bbox 2365 3117 2465 3182; x_wconf 89' lang='lat' dir='ltr'>sui</span> <span class='ocrx_word' id='word_1_213' title='bbox 2509 3116 2812 3183; x_wconf 81' lang='lat' dir='ltr'>introitus</span> <span class='ocrx_word' id='word_1_214' title='bbox 2840 3113 2959 3179; x_wconf 90' lang='lat' dir='ltr'>sub</span> <span class='ocrx_word' id='word_1_215' title='bbox 2989 3134 3200 3201; x_wconf 88' lang='lat' dir='ltr'>poena</span> 
     </span>
     <span class='ocr_line' id='line_1_25' title="bbox 361 3219 1263 3305; baseline -0.003 -21"><span class='ocrx_word' id='word_1_216' title='bbox 361 3222 681 3284; x_wconf 85' lang='lat' dir='ltr'>carentiae</span> <span class='ocrx_word' id='word_1_217' title='bbox 724 3219 1042 3305; x_wconf 89' lang='lat' dir='ltr'>portionis</span> <span class='ocrx_word' id='word_1_218' title='bbox 1086 3238 1263 3282; x_wconf 88' lang='lat' dir='ltr'>suae.</span> 
     </span>
    </p>
   </div>
   <div class='ocr_carea' id='block_1_8' title="bbox 712 3352 2927 3460">
    <p class='ocr_par' dir='ltr' id='par_1_8' title="bbox 712 3352 2927 3460">
     <span class='ocr_line' id='line_1_26' title="bbox 712 3352 2927 3460; baseline -0.002 -10"><span class='ocrx_word' id='word_1_219' title='bbox 712 3352 737 3369; x_wconf 30' lang='lat' dir='ltr'>s</span> <span class='ocrx_word' id='word_1_220' title='bbox 769 3392 870 3452; x_wconf 84' lang='lat'>51.</span> <span class='ocrx_word' id='word_1_221' title='bbox 912 3401 1178 3451; x_wconf 82' lang='lat' dir='ltr'>BUBSAE</span> <span class='ocrx_word' id='word_1_222' title='bbox 1224 3400 1492 3460; x_wconf 80' lang='lat' dir='ltr'><strong>ABSQUE</strong></span> <span class='ocrx_word' id='word_1_223' title='bbox 1535 3399 2106 3449; x_wconf 80' lang='lat' dir='ltr'><strong>FIDEIUSSORIBUS</strong></span> <span class='ocrx_word' id='word_1_224' title='bbox 2147 3400 2292 3448; x_wconf 77' lang='lat' dir='ltr'>NON</span> <span class='ocrx_word' id='word_1_225' title='bbox 2336 3400 2616 3448; x_wconf 73' lang='lat' dir='ltr'><strong>DEBENT</strong></span> <span class='ocrx_word' id='word_1_226' title='bbox 2657 3399 2927 3449; x_wconf 81' lang='lat' dir='ltr'>LOCARI.</span> 
     </span>
    </p>
   </div>
   <div class='ocr_carea' id='block_1_9' title="bbox 361 3511 3277 3706">
    <p class='ocr_par' dir='ltr' id='par_1_9' title="bbox 361 3511 3277 3706">
     <span class='ocr_line' id='line_1_27' title="bbox 518 3511 3277 3602; baseline -0.004 -17"><span class='ocrx_word' id='word_1_227' title='bbox 518 3520 681 3585; x_wconf 82' lang='lat' dir='ltr'>Item</span> <span class='ocrx_word' id='word_1_228' title='bbox 722 3517 949 3583; x_wconf 89' lang='lat' dir='ltr'>eodem</span> <span class='ocrx_word' id='word_1_229' title='bbox 990 3540 1158 3582; x_wconf 88' lang='lat' dir='ltr'>anno</span> <span class='ocrx_word' id='word_1_230' title='bbox 1203 3518 1271 3580; x_wconf 89' lang='lat' dir='ltr'>in</span> <span class='ocrx_word' id='word_1_231' title='bbox 1311 3517 1593 3583; x_wconf 79' lang='lat' dir='ltr'>crastino</span> <span class='ocrx_word' id='word_1_232' title='bbox 1637 3517 1844 3580; x_wconf 89' lang='lat' dir='ltr'>sancti</span> <span class='ocrx_word' id='word_1_233' title='bbox 1886 3514 2154 3580; x_wconf 86' lang='lat' dir='ltr'>Martini</span> <span class='ocrx_word' id='word_1_234' title='bbox 2201 3515 2572 3581; x_wconf 89' lang='lat' dir='ltr'>conclusum</span> <span class='ocrx_word' id='word_1_235' title='bbox 2625 3516 2771 3593; x_wconf 86' lang='lat' dir='ltr'>fuit,</span> <span class='ocrx_word' id='word_1_236' title='bbox 2825 3513 2999 3602; x_wconf 87' lang='lat' dir='ltr'>quod</span> <span class='ocrx_word' id='word_1_237' title='bbox 3041 3511 3191 3577; x_wconf 90' lang='lat' dir='ltr'>bur·</span> <span class='ocrx_word' id='word_1_238' title='bbox 3211 3520 3277 3575; x_wconf 83' lang='lat'>25</span> 
     </span>
     <span class='ocr_line' id='line_1_28' title="bbox 361 3613 2413 3706; baseline -0.003 -21"><span class='ocrx_word' id='word_1_239' title='bbox 361 3642 470 3685; x_wconf 86' lang='lat' dir='ltr'>sae</span> <span class='ocrx_word' id='word_1_240' title='bbox 513 3618 770 3706; x_wconf 84' lang='lat' dir='ltr'>collegii</span> <span class='ocrx_word' id='word_1_241' title='bbox 814 3616 1062 3703; x_wconf 87' lang='lat' dir='ltr'>absque</span> <span class='ocrx_word' id='word_1_242' title='bbox 1099 3613 1590 3681; x_wconf 88' lang='lat' dir='ltr'>fideiussoribus</span> <span class='ocrx_word' id='word_1_243' title='bbox 1634 3613 1796 3680; x_wconf 88' lang='lat' dir='ltr'>nulli</span> <span class='ocrx_word' id='word_1_244' title='bbox 1837 3613 2150 3683; x_wconf 82' lang='lat' dir='ltr'>deberent</span> <span class='ocrx_word' id='word_1_245' title='bbox 2189 3615 2413 3682; x_wconf 86' lang='lat' dir='ltr'>locari.</span> 
     </span>
    </p>
   </div>
   <div class='ocr_carea' id='block_1_10' title="bbox 367 3967 3283 4942">
    <p class='ocr_par' dir='ltr' id='par_1_10' title="bbox 367 3967 3283 4942">
     <span class='ocr_line' id='line_1_29' title="bbox 525 3967 3203 4051; baseline -0.003 -19"><span class='ocrx_word' id='word_1_246' title='bbox 525 3973 838 4033; x_wconf 74' lang='lat' dir='ltr'>Hiernach</span> <span class='ocrx_word' id='word_1_247' title='bbox 893 3972 1181 4051; x_wconf 70' lang='lat' dir='ltr'>sprinqen</span> <span class='ocrx_word' id='word_1_248' title='bbox 1237 3971 1330 4030; x_wconf 79' lang='lat' dir='ltr'>die</span> <span class='ocrx_word' id='word_1_249' title='bbox 1372 3971 1896 4047; x_wconf 60' lang='lat' dir='ltr'>Niedersclzrzjften</span> <span class='ocrx_word' id='word_1_250' title='bbox 1954 3970 2206 4047; x_wconf 73' lang='lat' dir='ltr'>soqleiclz</span> <span class='ocrx_word' id='word_1_251' title='bbox 2260 3976 2382 4046; x_wconf 82' lang='lat' dir='ltr'>auf</span> <span class='ocrx_word' id='word_1_252' title='bbox 2425 3971 2538 4029; x_wconf 78' lang='lat' dir='ltr'>das</span> <span class='ocrx_word' id='word_1_253' title='bbox 2592 3969 2755 4028; x_wconf 72' lang='lat' dir='ltr'>Jahr</span> <span class='ocrx_word' id='word_1_254' title='bbox 2816 3970 2968 4029; x_wconf 86' lang='grc'><strong>1447</strong></span> <span class='ocrx_word' id='word_1_255' title='bbox 3025 3967 3203 4037; x_wconf 60' lang='lat' dir='ltr'>tiber,-</span> 
     </span>
     <span class='ocr_line' id='line_1_30' title="bbox 368 4070 3199 4149; baseline -0.002 -17"><span class='ocrx_word' id='word_1_256' title='bbox 368 4073 664 4132; x_wconf 75' lang='lat' dir='ltr'>natt‘irlz‘ch</span> <span class='ocrx_word' id='word_1_257' title='bbox 708 4072 848 4130; x_wconf 73' lang='lat' dir='ltr'>sind</span> <span class='ocrx_word' id='word_1_258' title='bbox 888 4072 982 4131; x_wconf 76' lang='lat' dir='ltr'>die</span> <span class='ocrx_word' id='word_1_259' title='bbox 1024 4072 1522 4149; x_wconf 71' lang='lat' dir='ltr'>einqezeichneten</span> <span class='ocrx_word' id='word_1_260' title='bbox 1554 4071 1908 4130; x_wconf 72' lang='lat' dir='ltr'>Beschliisse</span> <span class='ocrx_word' id='word_1_261' title='bbox 1935 4076 2164 4145; x_wconf 77' lang='lat' dir='ltr'>fortan</span> <span class='ocrx_word' id='word_1_262' title='bbox 2200 4090 2320 4128; x_wconf 78' lang='lat' dir='ltr'>nur</span> <span class='ocrx_word' id='word_1_263' title='bbox 2359 4089 2473 4128; x_wconf 75' lang='lat' dir='ltr'>von</span> <span class='ocrx_word' id='word_1_264' title='bbox 2516 4070 3064 4145; x_wconf 72' lang='lat' dir='ltr'>voriiberyekender</span> <span class='ocrx_word' id='word_1_265' title='bbox 3085 4070 3199 4126; x_wconf 85' lang='lat' dir='ltr'>Be-</span> 
     </span>
     <span class='ocr_line' id='line_1_31' title="bbox 371 4170 3201 4249; baseline -0.002 -18"><span class='ocrx_word' id='word_1_266' title='bbox 371 4176 638 4249; x_wconf 70' lang='lat' dir='ltr'>deutzmq,</span> <span class='ocrx_word' id='word_1_267' title='bbox 693 4173 775 4230; x_wconf 82' lang='lat' dir='ltr'>da</span> <span class='ocrx_word' id='word_1_268' title='bbox 816 4171 1122 4230; x_wconf 73' lang='lat' dir='ltr'>natiirliclz</span> <span class='ocrx_word' id='word_1_269' title='bbox 1178 4171 1527 4247; x_wconf 70' lang='lat' dir='ltr'>dieJeniqen,</span> <span class='ocrx_word' id='word_1_270' title='bbox 1585 4170 1798 4228; x_wconf 74' lang='lat' dir='ltr'>welche</span> <span class='ocrx_word' id='word_1_271' title='bbox 1852 4170 2280 4229; x_wconf 73' lang='lat' dir='ltr'>statutarische</span> <span class='ocrx_word' id='word_1_272' title='bbox 2319 4172 2669 4245; x_wconf 75' lang='lat' dir='ltr'>Bedeutuny</span> <span class='ocrx_word' id='word_1_273' title='bbox 2711 4170 2933 4239; x_wconf 75' lang='lat' dir='ltr'>hatten,</span> <span class='ocrx_word' id='word_1_274' title='bbox 2977 4172 3201 4245; x_wconf 83' lang='lat' dir='ltr'>fortan</span> 
     </span>
     <span class='ocr_line' id='line_1_32' title="bbox 374 4266 3283 4347; baseline -0.001 -17"><span class='ocrx_word' id='word_1_275' title='bbox 374 4272 430 4330; x_wconf 76' lang='lat' dir='ltr'>in</span> <span class='ocrx_word' id='word_1_276' title='bbox 482 4274 594 4331; x_wconf 72' lang='lat' dir='ltr'>das</span> <span class='ocrx_word' id='word_1_277' title='bbox 639 4271 797 4334; x_wconf 84' lang='lat'>1439</span> <span class='ocrx_word' id='word_1_278' title='bbox 851 4271 1152 4347; x_wconf 72' lang='lat' dir='ltr'>anyekyte</span> <span class='ocrx_word' id='word_1_279' title='bbox 1207 4270 1632 4330; x_wconf 75' lang='lat' dir='ltr'>Statutenbuclz</span> <span class='ocrx_word' id='word_1_280' title='bbox 1687 4270 2069 4346; x_wconf 72' lang='lat' dir='ltr'>einyetraqen</span> <span class='ocrx_word' id='word_1_281' title='bbox 2118 4271 2381 4330; x_wconf 78' lang='lat' dir='ltr'>wurden.</span> <span class='ocrx_word' id='word_1_282' title='bbox 2461 4270 2630 4328; x_wconf 72' lang='lat' dir='ltr'>Dock</span> <span class='ocrx_word' id='word_1_283' title='bbox 2667 4269 2881 4347; x_wconf 77' lang='lat' dir='ltr'>finden</span> <span class='ocrx_word' id='word_1_284' title='bbox 2933 4268 3057 4326; x_wconf 75' lang='lat' dir='ltr'>sich</span> <span class='ocrx_word' id='word_1_285' title='bbox 3112 4266 3283 4326; x_wconf 70' lang='lat' dir='ltr'>beiao</span> 
     </span>
     <span class='ocr_line' id='line_1_33' title="bbox 382 4365 3199 4448; baseline -0.002 -18"><span class='ocrx_word' id='word_1_286' title='bbox 382 4373 553 4448; x_wconf 68' lang='lat' dir='ltr'>Vogel</span> <span class='ocrx_word' id='word_1_287' title='bbox 592 4369 745 4429; x_wconf 71' lang='lat' dir='ltr'>auch</span> <span class='ocrx_word' id='word_1_288' title='bbox 787 4375 997 4446; x_wconf 72' lang='lat' dir='ltr'>spiiter</span> <span class='ocrx_word' id='word_1_289' title='bbox 1032 4372 1180 4429; x_wconf 77' lang='lat' dir='ltr'>noch</span> <span class='ocrx_word' id='word_1_290' title='bbox 1220 4375 1344 4444; x_wconf 84' lang='lat' dir='ltr'>auf</span> <span class='ocrx_word' id='word_1_291' title='bbox 1385 4369 1807 4446; x_wconf 74' lang='lat' dir='ltr'>einyehesteten</span> <span class='ocrx_word' id='word_1_292' title='bbox 1850 4371 2134 4429; x_wconf 76' lang='lat' dir='ltr'>Blc&#39;z&#39;ttern</span> <span class='ocrx_word' id='word_1_293' title='bbox 2176 4371 2320 4427; x_wconf 81' lang='lat' dir='ltr'>oder</span> <span class='ocrx_word' id='word_1_294' title='bbox 2362 4370 2515 4427; x_wconf 75' lang='lat' dir='ltr'>auch</span> <span class='ocrx_word' id='word_1_295' title='bbox 2551 4367 2838 4426; x_wconf 73' lang='lat' dir='ltr'>zwisclzen</span> <span class='ocrx_word' id='word_1_296' title='bbox 2883 4369 2996 4426; x_wconf 82' lang='lat' dir='ltr'>den</span> <span class='ocrx_word' id='word_1_297' title='bbox 3039 4365 3199 4424; x_wconf 67' lang='lat' dir='ltr'>iibri-</span> 
     </span>
     <span class='ocr_line' id='line_1_34' title="bbox 367 4465 3200 4547; baseline -0.003 -18"><span class='ocrx_word' id='word_1_298' title='bbox 367 4490 469 4547; x_wconf 67' lang='grc' dir='ltr'>ραι</span> <span class='ocrx_word' id='word_1_299' title='bbox 512 4469 966 4545; x_wconf 73' lang='lat' dir='ltr'>Mittlzeilunyen</span> <span class='ocrx_word' id='word_1_300' title='bbox 1008 4468 1280 4543; x_wconf 78' lang='lat' dir='ltr'>Notizen,</span> <span class='ocrx_word' id='word_1_301' title='bbox 1333 4469 1427 4528; x_wconf 82' lang='lat' dir='ltr'>die</span> <span class='ocrx_word' id='word_1_302' title='bbox 1468 4470 1532 4528; x_wconf 77' lang='lat' dir='ltr'>in</span> <span class='ocrx_word' id='word_1_303' title='bbox 1572 4469 1665 4528; x_wconf 78' lang='lat' dir='ltr'>die</span> <span class='ocrx_word' id='word_1_304' title='bbox 1708 4469 1842 4527; x_wconf 79' lang='lat' dir='ltr'>Zeit</span> <span class='ocrx_word' id='word_1_305' title='bbox 1878 4488 1989 4527; x_wconf 80' lang='lat' dir='ltr'>vor</span> <span class='ocrx_word' id='word_1_306' title='bbox 2040 4471 2194 4533; x_wconf 82' lang='lat'>1439</span> <span class='ocrx_word' id='word_1_307' title='bbox 2233 4469 2510 4544; x_wconf 63' lang='lat' dir='ltr'>yelzisren.</span> <span class='ocrx_word' id='word_1_308' title='bbox 2590 4467 2698 4525; x_wconf 75' lang='lat' dir='ltr'>Ich</span> <span class='ocrx_word' id='word_1_309' title='bbox 2739 4476 2909 4543; x_wconf 75' lang='lat' dir='ltr'>traqe</span> <span class='ocrx_word' id='word_1_310' title='bbox 2948 4466 3033 4524; x_wconf 78' lang='lat' dir='ltr'>sie</span> <span class='ocrx_word' id='word_1_311' title='bbox 3072 4465 3200 4523; x_wconf 73' lang='lat' dir='ltr'>hier</span> 
     </span>
     <span class='ocr_line' id='line_1_35' title="bbox 368 4566 3198 4645; baseline -0.002 -17"><span class='ocrx_word' id='word_1_312' title='bbox 368 4568 720 4644; x_wconf 54' lang='grc' dir='ltr'>υοῑῑετάῑηὰἰρ</span> <span class='ocrx_word' id='word_1_313' title='bbox 760 4569 934 4640; x_wconf 73' lang='lat' dir='ltr'>nach,</span> <span class='ocrx_word' id='word_1_314' title='bbox 978 4588 1073 4626; x_wconf 83' lang='lat' dir='ltr'>um</span> <span class='ocrx_word' id='word_1_315' title='bbox 1114 4587 1232 4627; x_wconf 80' lang='lat' dir='ltr'>von</span> <span class='ocrx_word' id='word_1_316' title='bbox 1278 4569 1407 4627; x_wconf 84' lang='lat' dir='ltr'>dem</span> <span class='ocrx_word' id='word_1_317' title='bbox 1450 4568 1536 4626; x_wconf 68' lang='lat' dir='ltr'>bis</span> <span class='ocrx_word' id='word_1_318' title='bbox 1576 4588 1707 4629; x_wconf 80' lang='lat' dir='ltr'>zum</span> <span class='ocrx_word' id='word_1_319' title='bbox 1745 4570 1938 4628; x_wconf 70' lang='lat' dir='ltr'>Jahn</span> <span class='ocrx_word' id='word_1_320' title='bbox 1984 4568 2143 4632; x_wconf 80' lang='lat'>1439</span> <span class='ocrx_word' id='word_1_321' title='bbox 2184 4568 2712 4645; x_wconf 71' lang='lat' dir='ltr'>Ausqezeiclmeten</span> <span class='ocrx_word' id='word_1_322' title='bbox 2748 4566 2940 4624; x_wconf 67' lang='lat' dir='ltr'>nicht-3</span> <span class='ocrx_word' id='word_1_323' title='bbox 2986 4585 3198 4624; x_wconf 68' lang='lat' dir='ltr'>austu-</span> 
     </span>
     <span class='ocr_line' id='line_1_36' title="bbox 371 4666 3202 4747; baseline 0 -21"><span class='ocrx_word' id='word_1_324' title='bbox 371 4672 578 4728; x_wconf 72' lang='lat' dir='ltr'>lassen.</span> <span class='ocrx_word' id='word_1_325' title='bbox 664 4667 781 4726; x_wconf 75' lang='lat' dir='ltr'>Die</span> <span class='ocrx_word' id='word_1_326' title='bbox 823 4667 1346 4745; x_wconf 72' lang='lat' dir='ltr'>Auszeichnunqen</span> <span class='ocrx_word' id='word_1_327' title='bbox 1387 4668 1497 4726; x_wconf 79' lang='lat' dir='ltr'>seit</span> <span class='ocrx_word' id='word_1_328' title='bbox 1549 4671 1702 4732; x_wconf 87' lang='grc'><strong>1439</strong></span> <span class='ocrx_word' id='word_1_329' title='bbox 1729 4668 1941 4747; x_wconf 81' lang='lat' dir='ltr'>finden</span> <span class='ocrx_word' id='word_1_330' title='bbox 1986 4688 2084 4726; x_wconf 86' lang='lat' dir='ltr'>am</span> <span class='ocrx_word' id='word_1_331' title='bbox 2115 4669 2514 4744; x_wconf 78' lang='lat' dir='ltr'>passendsten</span> <span class='ocrx_word' id='word_1_332' title='bbox 2555 4667 2726 4725; x_wconf 75' lang='lat' dir='ltr'>ihren</span> <span class='ocrx_word' id='word_1_333' title='bbox 2753 4667 2931 4725; x_wconf 80' lang='lat' dir='ltr'>Platz</span> <span class='ocrx_word' id='word_1_334' title='bbox 2971 4666 3035 4725; x_wconf 81' lang='lat' dir='ltr'>in</span> <span class='ocrx_word' id='word_1_335' title='bbox 3073 4669 3202 4726; x_wconf 79' lang='lat' dir='ltr'>dem</span> 
     </span>
     <span class='ocr_line' id='line_1_37' title="bbox 372 4766 3283 4846; baseline -0 -20"><span class='ocrx_word' id='word_1_336' title='bbox 372 4770 595 4846; x_wconf 73' lang='lat' dir='ltr'>Raude,</span> <span class='ocrx_word' id='word_1_337' title='bbox 651 4768 761 4826; x_wconf 77' lang='lat' dir='ltr'>der</span> <span class='ocrx_word' id='word_1_338' title='bbox 811 4766 905 4827; x_wconf 76' lang='lat' dir='ltr'>die</span> <span class='ocrx_word' id='word_1_339' title='bbox 954 4767 1445 4844; x_wconf 65' lang='lat' dir='ltr'>geschichtlicken</span> <span class='ocrx_word' id='word_1_340' title='bbox 1508 4768 1758 4833; x_wconf 65' lang='lat' dir='ltr'>Qualem</span> <span class='ocrx_word' id='word_1_341' title='bbox 1813 4769 2114 4826; x_wconf 73' lang='lat' dir='ltr'>euthalten</span> <span class='ocrx_word' id='word_1_342' title='bbox 2158 4766 2331 4826; x_wconf 76' lang='lat' dir='ltr'>wird.</span> <span class='ocrx_word' id='word_1_343' title='bbox 2417 4769 2504 4824; x_wconf 78' lang='lat' dir='ltr'>Es</span> <span class='ocrx_word' id='word_1_344' title='bbox 2547 4766 2688 4825; x_wconf 75' lang='lat' dir='ltr'>sind</span> <span class='ocrx_word' id='word_1_345' title='bbox 2731 4766 2796 4824; x_wconf 78' lang='lat' dir='ltr'>in</span> <span class='ocrx_word' id='word_1_346' title='bbox 2837 4767 3043 4843; x_wconf 64' lang='lat' dir='ltr'>Vogel-s</span> <span class='ocrx_word' id='word_1_347' title='bbox 3084 4767 3197 4825; x_wconf 78' lang='lat' dir='ltr'>Ab·</span> <span class='ocrx_word' id='word_1_348' title='bbox 3217 4773 3283 4829; x_wconf 85' lang='lat'>35</span> 
     </span>
     <span class='ocr_line' id='line_1_38' title="bbox 373 4865 1303 4942; baseline 0 -18"><span class='ocrx_word' id='word_1_349' title='bbox 373 4866 577 4942; x_wconf 55' lang='lat' dir='ltr'>schrift</span> <span class='ocrx_word' id='word_1_350' title='bbox 619 4874 771 4925; x_wconf 79' lang='lat' dir='ltr'>etwa</span> <span class='ocrx_word' id='word_1_351' title='bbox 815 4865 855 4928; x_wconf 90' lang='lat'>9</span> <span class='ocrx_word' id='word_1_352' title='bbox 894 4865 1303 4931; x_wconf 69' lang='lat' dir='ltr'>Folioblci‘tter.</span> 
     </span>
    </p>
   </div>
   <div class='ocr_carea' id='block_1_11' title="bbox 528 5025 2951 5353">
    <p class='ocr_par' dir='ltr' id='par_1_11' title="bbox 528 5025 2951 5183">
     <span class='ocr_line' id='line_1_39' title="bbox 533 5025 2951 5099; baseline -0.002 -17"><span class='ocrx_word' id='word_1_353' title='bbox 533 5033 555 5082; x_wconf 89' lang='lat'>1</span> <span class='ocrx_word' id='word_1_354' title='bbox 598 5025 973 5085; x_wconf 81' lang='lat' dir='ltr'>Geschrieben</span> <span class='ocrx_word' id='word_1_355' title='bbox 1006 5027 1157 5083; x_wconf 86' lang='lat' dir='ltr'>steht</span> <span class='ocrx_word' id='word_1_356' title='bbox 1180 5027 1501 5099; x_wconf 75' lang='lat' dir='ltr'>praepositi</span> <span class='ocrx_word' id='word_1_357' title='bbox 1528 5044 1706 5098; x_wconf 71' lang='lat' dir='ltr'>quam.</span> <span class='ocrx_word' id='word_1_358' title='bbox 1772 5026 2069 5083; x_wconf 87' lang='lat' dir='ltr'>Vielleicht</span> <span class='ocrx_word' id='word_1_359' title='bbox 2100 5026 2331 5098; x_wconf 68' lang='lat' dir='ltr'>ipsique,</span> <span class='ocrx_word' id='word_1_360' title='bbox 2367 5026 2479 5097; x_wconf 83' lang='lat' dir='ltr'>vgl.</span> <span class='ocrx_word' id='word_1_361' title='bbox 2513 5030 2687 5081; x_wconf 85' lang='lat' dir='ltr'>unten</span> <span class='ocrx_word' id='word_1_362' title='bbox 2726 5029 2836 5094; x_wconf 87' lang='grc'><strong>191,</strong></span> <span class='ocrx_word' id='word_1_363' title='bbox 2869 5030 2951 5080; x_wconf 85' lang='grc'>35.</span> 
     </span>
     <span class='ocr_line' id='line_1_40' title="bbox 528 5110 2111 5183; baseline -0.001 -16"><span class='ocrx_word' id='word_1_364' title='bbox 528 5117 561 5167; x_wconf 81' lang='grc'><strong>2</strong></span> <span class='ocrx_word' id='word_1_365' title='bbox 596 5110 889 5183; x_wconf 82' lang='lat' dir='ltr'>Richtiger</span> <span class='ocrx_word' id='word_1_366' title='bbox 918 5110 1065 5167; x_wconf 72' lang='lat' dir='ltr'>wohl</span> <span class='ocrx_word' id='word_1_367' title='bbox 1101 5112 1496 5177; x_wconf 50' lang='lat' dir='ltr'>dauco-otiosam,</span> <span class='ocrx_word' id='word_1_368' title='bbox 1529 5111 1643 5183; x_wconf 84' lang='lat' dir='ltr'>vgl.</span> <span class='ocrx_word' id='word_1_369' title='bbox 1682 5116 1851 5166; x_wconf 86' lang='lat' dir='ltr'>unten</span> <span class='ocrx_word' id='word_1_370' title='bbox 1890 5115 1998 5178; x_wconf 79' lang='grc'><strong>191,</strong></span> <span class='ocrx_word' id='word_1_371' title='bbox 2032 5116 2111 5167; x_wconf 86' lang='grc'>35.</span> 
     </span>
    </p>

    <p class='ocr_par' dir='ltr' id='par_1_12' title="bbox 531 5194 1622 5265">
     <span class='ocr_line' id='line_1_41' title="bbox 531 5194 1622 5265; baseline 0 -13"><span class='ocrx_word' id='word_1_372' title='bbox 531 5202 563 5252; x_wconf 91' lang='grc'><strong>3</strong></span> <span class='ocrx_word' id='word_1_373' title='bbox 599 5194 886 5252; x_wconf 73' lang='lat' dir='ltr'>Hiemaoh</span> <span class='ocrx_word' id='word_1_374' title='bbox 918 5196 992 5251; x_wconf 83' lang='lat' dir='ltr'>ist</span> <span class='ocrx_word' id='word_1_375' title='bbox 1008 5196 1257 5265; x_wconf 71' lang='lat' dir='ltr'>fideliter</span> <span class='ocrx_word' id='word_1_376' title='bbox 1288 5194 1622 5252; x_wconf 78' lang='lat' dir='ltr'>wiederholt.</span> 
     </span>
    </p>

    <p class='ocr_par' dir='ltr' id='par_1_13' title="bbox 530 5279 1386 5353">
     <span class='ocr_line' id='line_1_42' title="bbox 530 5279 1386 5353; baseline -0.001 -15"><span class='ocrx_word' id='word_1_377' title='bbox 530 5287 565 5338; x_wconf 83' lang='lat'>4</span> <span class='ocrx_word' id='word_1_378' title='bbox 601 5279 975 5339; x_wconf 79' lang='lat' dir='ltr'>Geschrieben</span> <span class='ocrx_word' id='word_1_379' title='bbox 1008 5280 1159 5336; x_wconf 83' lang='lat' dir='ltr'>steht</span> <span class='ocrx_word' id='word_1_380' title='bbox 1182 5288 1386 5353; x_wconf 69' lang='lat' dir='ltr'>posset.</span> 
     </span>
    </p>
   </div>
  </div>
 </body>
</html>
