4038 6358
731 561 813 625 20
1671 559 1776 610 Die
1811 560 2175 612 Reformation
2209 575 2335 612 vom
2369 559 2535 612 Jahn-e
2572 563 2717 612 1⁴96.

742 741 1290 810 commendabiles
1302 791 1321 826 ,
1364 739 1674 830 pacificos
1717 753 1784 810 et
1825 743 2081 808 sobrios
2127 764 2207 807 ac
2244 740 2647 829 reipublicae
2696 751 2832 807 tam
2886 742 3329 808 universitatis
3394 757 3653 826 quam

733 841 1156 928 collegiorum
1213 841 1408 907 utiles
1462 840 1667 907 libere
1725 852 1790 907 et
1840 843 1978 906 sine
2038 841 2500 928 impedimento
2556 840 2843 908 habeant
2896 850 2960 906 et
3012 839 3305 926 dirigant
3318 888 3337 922 ,
3397 849 3651 926 atque

743 944 1013 1029 antiqua
1053 965 1280 1008 eorum
1323 949 1566 1006 statuta
1605 951 1670 1006 et
1711 939 2208 1006 consuetudines
2246 938 2610 1005 laudabiles
2651 939 2926 1006 firmiter
2968 938 3348 1022 observent,
3392 949 3475 1004 ut
3532 957 3651 1001 ex

734 1041 1284 1107 benemeritarum
1327 1049 1392 1105 et
1437 1039 2049 1108 commendabilium
2090 1061 2515 1128 personarum
2573 1038 2887 1106 electione
2940 1049 3137 1127 atque
3200 1048 3647 1105 statutorum

693 1151 726 1206 5
742 1140 1164 1206 observantia
1217 1139 1424 1204 honor
1485 1139 1921 1227 principibus,
1974 1141 2439 1204 incrementum
2458 1187 2477 1221 ‚
2538 1137 2750 1224 gloria
2806 1149 2872 1205 et
2923 1138 3119 1204 decus
3174 1134 3645 1204 universitati

733 1237 1155 1326 collegiisque
1195 1248 1600 1326 procuretur.

1275 1409 1336 1470 9.
1375 1421 1470 1468 DE
1516 1419 2019 1470 COLLEGIORUM
2061 1421 2152 1469 ΕΤ
2196 1420 2567 1470 BURSARUM
2606 1419 3041 1470 HONESTATE.

901 1532 1300 1599 Ordinamus
1345 1536 1610 1621 insuper
1629 1583 1648 1616 ,
1693 1533 1870 1621 quod
1909 1535 2219 1600 honestas
2260 1535 2329 1597 in
2374 1533 2665 1619 collegiis
2708 1543 2773 1598 et
2811 1532 3029 1598 bursis
3070 1542 3205 1597 tam
3247 1553 3290 1596 a
3328 1531 3639 1596 maiori-

735 1632 858 1698 bus
901 1654 1096 1719 quam
1140 1654 1181 1696 a
1217 1632 1582 1700 minoribus
1625 1633 2025 1716 observetur,
2068 1633 2161 1697 ita
2203 1631 2379 1720 quod
2426 1631 2506 1696 (16
2547 1641 2759 1697 cetero
2784 1631 2997 1696 nullus
3034 1632 3104 1696 in
3146 1629 3447 1716 collegiis
3487 1639 3641 1696 aut

659 1741 724 1798 10
741 1730 960 1797 bursis
1008 1729 1312 1796 habitans
1370 1730 1740 1797 introducat
1795 1731 1902 1796 vel
1953 1729 2282 1796 introduci
2334 1730 2534 1794 faciat
2586 1729 2921 1796 mulierem
2974 1729 3079 1796 vel
3138 1729 3449 1795 mulieres
3498 1751 3639 1793 su-

741 1839 1032 1917 spectam
1071 1829 1178 1894 vel
1221 1839 1590 1916 suspectas,
1646 1850 1765 1894 nec
1810 1852 1950 1894 cum
1995 1829 2123 1894 illis
2168 1828 2547 1896 collationes
2605 1839 2719 1895 aut
2766 1830 3303 1896 conversaciones
3347 1828 3637 1894 ibidem

739 1927 1002 2012 habeat,
1045 1927 1167 1995 sub
1207 1930 1439 2016 poenis
1481 1930 1550 1994 in
1594 1930 1851 1994 statutis
1891 1927 2311 2014 collegiorum
2354 1937 2417 1992 et
2458 1926 2805 1992 bursarum
2830 1929 3180 2015 expressis.
3222 1926 3316 1992 Et
3342 1929 3635 2016 siquis,

740 2027 822 2093 de
865 2029 994 2094 hoc
1036 2028 1370 2092 confessus
1412 2026 1518 2092 vel
1561 2028 1917 2110 convictus,
1961 2049 2241 2115 poenam
2283 2026 2653 2092 huiusmodi
2699 2025 2950 2092 solvere
2973 2029 3399 2110 recusaverit,
3442 2025 3633 2095 talis

741 2149 858 2214 per
901 2128 1346 2214 praepositum
1405 2125 1660 2212 collegii
1717 2137 1828 2190 aut
1881 2137 2339 2194 conventorem
2396 2126 2635 2192 bursae
2689 2127 2930 2192 rectori
2982 2127 3431 2191 universitatis
3488 2125 3632 2190 de-

666 2233 726 2288 15
745 2225 1125 2292 nunccietur
1134 2275 1154 2309 ,
1197 2223 1442 2311 duplici
1478 2247 1690 2312 poena
1731 2247 1850 2314 per
1892 2225 2165 2290 eundem
2206 2224 2604 2312 plectendus.

1333 2397 1429 2456 10.
1479 2408 1574 2455 nn
1614 2409 1938 2457 PRANDus
1977 2405 2495 2456 Pnouo'rmmm
2537 2408 3009 2458 uonsmnms.

904 2518 1302 2585 Ordinamus
1348 2529 1413 2584 et
1451 2518 1748 2586 volumus
1794 2519 2050 2603 deinde,
2095 2517 2268 2606 quod
2310 2521 2589 2606 prandia
2634 2524 3123 2608 promocionum
3164 2522 3233 2585 in
3278 2521 3461 2586 omni
3501 2520 3623 2584 fa-

740 2618 980 2684 cultate
1016 2617 1435 2683 moderentur
1479 2628 1673 2705 atque
1716 2619 1850 2684 alia
1889 2619 2296 2704 gravamina,
2339 2628 2609 2706 propter
2648 2641 2819 2707 quae
2844 2618 3137 2685 nonnulli
3160 2617 3621 2705 promovendi

741 2716 827 2782 ab
872 2716 997 2782 hoc
1043 2715 1255 2781 studio
1294 2715 1723 2802 repelluntur,
1765 2716 2094 2782 tollantur.
2174 2717 2313 2782 Nec
2353 2717 2471 2784 fiat
2508 2718 2813 2806 deinceps
2858 2739 3163 2782 excessus
3214 2718 3285 2783 in
3320 2717 3617 2783 ferculis

657 2823 728 2880 20
745 2824 810 2880 et
851 2817 1136 2901 potagiis
1149 2864 1168 2897 ,
1229 2814 1346 2880 sed
1397 2813 1697 2880 doctores
1751 2824 1818 2880 et
1871 2815 2170 2900 magistri
2230 2819 2515 2881 omnium
2569 2817 2949 2883 facultatum
3002 2818 3181 2884 circa
3237 2816 3405 2883 haec
3464 2818 3619 2883 sint

741 2913 1031 2997 solliciti,
1089 2923 1164 2979 ut
1204 2913 1322 2978 fiat
1363 2913 1754 2996 moderatio,
1807 2912 1959 2978 talis
2014 2911 2348 2996 videlicet,
2404 2915 2579 3003 quod
2634 2918 2704 2982 in
2761 2915 3058 3003 prandiis
3120 2913 3465 2981 doctorum
3530 2925 3613 2980 et

741 3010 1016 3077 aliorum
1058 3012 1648 3099 promovendorum
1683 3011 1858 3076 ultra
1896 3012 2179 3098 quinque
2216 3010 2463 3077 fercula
2503 3037 2634 3080 non
2678 3014 2929 3098 dentur,
2971 3037 3123 3097 nec,
3171 3037 3298 3101 quo
3345 3013 3436 3078 ad
3473 3037 3607 3102 po-

739 3113 950 3197 tagia,
995 3110 1167 3176 ultra
1205 3133 1404 3176 unam
1446 3133 1716 3198 scopam
1759 3110 1898 3174 vini
1943 3110 2225 3197 preciosi
2266 3109 2353 3175 ad
2392 3134 2588 3178 unam
2628 3135 2922 3178 mensam
2963 3115 3386 3197 ministretur,
3430 3113 3603 3181 alia-

742 3232 868 3298 que
907 3213 1064 3277 vina
1105 3221 1169 3276 et
1213 3212 1482 3297 potagia
1523 3208 1873 3275 secundum
1915 3208 2173 3274 libitum
2212 3211 2572 3276 ministrari
2595 3222 2885 3299 possunt.
2964 3212 3055 3277 Et
3076 3212 3433 3277 secundum
3464 3213 3605 3278 hoc

655 3317 722 3373 25
743 3310 941 3374 etiam
981 3310 1264 3396 prandia
1310 3309 1829 3375 baccalariorum
1869 3310 1939 3373 in
1981 3308 2339 3395 theologia,
2379 3311 2519 3375 iure
2559 3320 2625 3375 et
2664 3310 3005 3376 medicinis
3046 3332 3172 3398 quo
3215 3310 3302 3376 ad
3338 3310 3602 3377 fercula

735 3417 801 3472 et
846 3407 980 3473 alia
1022 3410 1308 3496 poterint
1348 3410 1416 3473 in
1457 3409 1745 3473 futurum
1785 3407 2135 3473 moderari.

1510 3579 1606 3638 11.
1651 3589 1946 3638 INSUPEB
1987 3590 2061 3637 m
2102 3589 2511 3639 FACULTATE
2556 3591 2823 3641 AB'rmu

909 3702 1308 3770 Ordinamus
1351 3713 1415 3767 61
1453 3702 1752 3767 volumus
1765 3750 1783 3785 ,
1827 3702 2002 3788 quod
2048 3710 2357 3767 statutum
2406 3702 2735 3769 facultatis
2784 3705 3025 3769 1111111111
3078 3724 3274 3790 super
3330 3704 3595 3769 stancia

741 3802 984 3868 editum
1030 3812 1094 3866 et
1132 3803 1203 3865 in
1241 3799 1407 3867 libro
1453 3811 1837 3866 statutorum
1881 3799 2093 3866 dictae
2136 3799 2466 3865 facultatis
2510 3801 2904 3890 descriptum
2946 3804 3017 3867 in
3058 3824 3230 3868 nono
3275 3810 3341 3867 et
3374 3803 3594 3869 trede-

656 3915 726 3970 30
749 3902 914 3965 cimo
957 3899 1180 3965 foliis¹
1233 3898 1504 3965 firmiter
1569 3899 1950 3965 observetur
1994 3908 2058 3963 et
2096 3921 2214 3985 per
2261 3898 2542 3965 decanos
2591 3902 2662 3964 in
2711 3902 2995 3966 futurum
3048 3900 3324 3987 singulis
3378 3911 3593 3967 muta-

737 3994 1038 4064 cionibus
1083 3996 1267 4062 fideli
1321 3999 1688 4064 executioni
1739 3996 2178 4063 demandetur.
2262 3996 2351 4061 Et
2404 3998 2577 4085 quod
2635 3998 2919 4064 decanus
2975 4000 3046 4064 in
3100 4001 3427 4087 principio
3486 4000 3595 4065 sui

738 4098 1075 4183 regiminis
1117 4096 1448 4162 dominum
1485 4107 1805 4162 rectorem
1848 4103 2031 4181 petat
2072 4103 2135 4158 et
2176 4094 2522 4180 diligenter
2563 4098 2879 4184 requirat,
2916 4108 2992 4163 ut
3032 4106 3342 4163 statutum
3386 4120 3591 4185 super

740 4196 982 4262 stantia
1033 4195 1391 4262 confectum
1451 4195 1740 4280 publicet
1757 4244 1775 4276 ,
1832 4201 2246 4258 manuteneat
2306 4202 2371 4257 et
2430 4198 2794 4263 executioni
2848 4194 3195 4261 demandet
3209 4245 3228 4279 ,
3283 4196 3595 4283 qnodque

739 4291 1072 4359 dominum
1115 4292 1516 4359 ordinarium
1563 4290 1987 4359 consimiliter
2028 4292 2318 4376 requirat
2359 4301 2425 4357 et
2466 4292 2875 4377 adhortetur,
2916 4303 2991 4359 ut
3034 4294 3195 4359 nulli
3236 4293 3591 4362 scolarium

653 4400 719 4456 35
732 4393 1244 4479 recognitionem
1288 4391 1370 4455 (16
1413 4392 1648 4458 stando
1692 4399 1883 4456 extra
1923 4388 2071 4453 loca
2110 4388 2479 4475 approbata
2520 4390 2829 4457 decernat
2868 4394 2998 4457 nisi
3042 4395 3136 4475 ei,
3185 4414 3377 4480 quem
3398 4414 3591 4458 suum

739 4500 806 4555 et
847 4489 1124 4555 aliorum
1167 4489 1506 4555 doctorum
1547 4492 1616 4554 in
1659 4490 1800 4553 iure
1839 4494 1992 4551 actu
2040 4485 2391 4571 legentium
2433 4486 2807 4575 diligentem
2850 4500 2915 4555 et
2973 4493 3345 4558 continuum
3401 4490 3587 4556 audi-

733 4598 941 4655 torem
987 4590 1352 4675 agnoverit.
1419 4586 1510 4651 Et
1569 4586 1854 4651 decanus
1915 4594 2206 4671 tempore
2271 4583 2770 4673 dispensationis
2830 4588 3022 4655 debet
3078 4612 3221 4655 esse
3274 4591 3587 4655 astrictus

734 4686 821 4751 ad
865 4687 1288 4753 scrutandum
1333 4684 1418 4750 ab
1460 4704 1848 4770 unoquoque
1897 4680 2593 4749 baccalauriandorum
2611 4688 2638 4729 ²
2688 4688 3440 4774 magistrandorumque,
3496 4710 3587 4754 an

871 4937 892 4987 1
932 4932 1100 4989 Diese
1155 4930 1524 5003 Verweisung
1561 4906 1706 4985 ‘trifft
1746 4928 1852 4985 auf
1880 4928 1964 4986 v1
1977 4971 1992 4999 ,
2033 4934 2065 4987 8
2099 4931 2215 4986 und
2250 4930 2359 4987 vn
2373 4973 2388 5001 ,
2424 4937 2454 4987 8
2507 4932 2605 4989 der
2638 4930 2896 4990 Statuten
2928 4952 3038 4991 von
3077 4937 3273 5003 14⁶⁷l-12.
3314 4933 3446 5005 vgl.
3480 4934 3589 4991 Ur-

725 5014 915 5071 kundl.
950 5014 1181 5080 Quellen
1219 5015 1273 5073 S.
1311 5020 1410 5071 832
1446 5034 1499 5070 u.
1537 5018 1650 5069 833.

864 5102 896 5151 2
930 5098 1051 5151 Das
1085 5100 1251 5153 Wort
1286 5099 1359 5152 ist
1393 5115 1540 5170 ganz
1580 5096 2071 5169 ausgeschrieben,
2122 5097 2241 5151 also
2289 5096 2380 5152 ein
2432 5098 2656 5155 Zweifel
2696 5098 2853 5153 nicht
2899 5099 3157 5171 moglich.
3232 5098 3403 5155 Sonst
3446 5099 3585 5155 wird

727 5179 987 5236 meistens
1021 5180 1364 5236 baceazarius
1397 5181 1530 5237 oder
1563 5180 1959 5237 baccalaureus
1989 5186 2206 5251 gesagt.
2263 5179 2625 5252 Abgekiirzte
2644 5180 3063 5254 Schreibungen
3092 5182 3389 5253 30an
3424 5182 3587 5241 nicht
