4038 6358
889 626 1014 694 286
1986 703 1991 706 ι
2042 624 2153 676 Das
2184 624 2590 691 Frausncolleg.

892 830 1037 874 rum
1081 805 1438 871 communis
1479 825 1762 886 mensae,
1814 802 2061 872 idcirco
2107 792 2515 872 severissime
2560 804 3000 893 prohibemus,
3053 828 3139 872 ne
3188 808 3659 894 imposterum
3700 803 3793 868 in·

891 905 1119 996 quilini
1179 902 1538 969 concedant
1591 902 1959 976 huiusmodi
2017 906 2528 990 compotationes
2592 906 3038 971 convictorum
3091 904 3365 971 alieuius
3419 924 3722 970 mensae
3759 924 3795 967 e

890 1000 1123 1093 pu[l7]
1139 1001 1308 1068 blico
1361 1003 1777 1067 convictorio.
1861 1001 2117 1083 Quodsi
2165 1004 2310 1088 quis
2366 1014 2593 1069 contra
2649 1002 2932 1069 edictum
2985 1003 3111 1070 hoc
3161 1013 3482 1070 nostrum
3556 1003 3795 1068 feeerit

890 1114 956 1170 et
1010 1102 1140 1168 tale
1196 1099 1353 1188 quid
1408 1102 1476 1165 in
1527 1123 1645 1166 suo
1700 1123 1920 1166 museo
1977 1103 2402 1180 concesserit,
2461 1103 2521 1168 is
2579 1100 2830 1190 absque
2886 1104 3059 1169 omni
3117 1106 3529 1191 exceptione
3589 1102 3794 1166 trium

804 1215 837 1269 5
890 1198 1325 1290 imperialium
1381 1197 1689 1265 mulctam
1753 1199 2092 1265 exsolvito.
2171 1198 2461 1266 Maxime
2506 1222 2659 1266 vero
2714 1210 2987 1284 noctem,
3044 1200 3361 1268 divinitus
3410 1201 3794 1268 clementer

887 1302 973 1367 ad
1030 1301 1244 1388 quiete
1303 1296 1685 1363 reficiendas
1742 1319 2092 1411 corporum
2139 1298 2315 1363 vires
2376 1320 2770 1414 concessam,
2822 1299 3124 1366 volumus
3181 1323 3448 1368 summo
3519 1299 3792 1365 silentio

887 1399 1184 1485 transigi.
1250 1396 1443 1460 Hanc
1481 1396 1678 1481 igitur
1725 1399 1838 1482 qui
1879 1397 1947 1460 in
1991 1397 2278 1462 omnium
2317 1406 2612 1462 nostrum
2655 1400 2960 1464 iniuriam
3002 1398 3516 1487 quibuscunque
3565 1398 3788 1463 modis

889 1501 1022 1565 iam
1080 1497 1268 1562 dictis
1312 1495 1554 1560 furiose
1604 1494 1987 1579 turbaverit,
2045 1494 2318 1561 duorum
2359 1495 2893 1562 ioachimicorum
2948 1497 3255 1563 mulctam
3298 1497 3403 1564 vel
3454 1494 3764 1585 [18]am

890 1596 1062 1684 plius
1111 1617 1233 1682 pro
1283 1592 1501 1657 delicti
1553 1592 1999 1677 magnitudine
2052 1593 2432 1680 dependit03
2495 1595 2607 1682 qui
2663 1594 2969 1679 secundo,
3031 1596 3333 1684 duplum;
3388 1597 3521 1685 qui
3567 1597 3788 1679 tertio,

816 1707 878 1762 10
900 1697 1118 1761 statim
1164 1716 1247 1758 ex
1289 1689 1560 1776 collegio
1607 1690 2010 1773 excludatur,
2069 1695 2435 1780 quicunque
2491 1692 2601 1758 ille
2657 1694 2870 1759 fuerit.
2955 1696 3180 1783 Neque
3225 1695 3637 1762 admittetur
3679 1717 3789 1759 ex·

893 1795 1138 1860 cusatio
1194 1799 1610 1855 externorum
1667 1800 1778 1853 aut
1833 1789 2176 1876 hospitum,
2232 1790 2346 1856 sed
2398 1792 2712 1879 cuiusque
2753 1791 3198 1877 habitationis,
3250 1794 3366 1862 ubi
3406 1793 3785 1882 deliquisse

891 1893 1139 1979 aliquos
1196 1898 1597 1976 compertum
1656 1889 1879 1970 fuerit,
1937 1888 2238 1975 inquilini
2292 1888 2791 1955 mulctabuntur.
2871 1891 3159 1986 Musicos
3217 1881 3449 1958 cantus
3521 1892 3783 1981 quales·

892 2012 1142 2077 cunque
1183 1989 1425 2054 nemini
1479 1986 1946 2078 interdicimus,
2004 1987 2351 2052 dummodo
2396 1990 2625 2053 musici
2669 1989 2764 2053 illi
2809 1992 2952 2084 sint,
2997 1993 3036 2056 i.
3078 2014 3131 2056 e.
3178 1990 3392 2057 studio
3436 1992 3778 2058 bonarum

892 2091 1129 2155 artium
1172 2098 1253 2160 et
1277 2082 1831 2172 humani[19]tatis
1887 2084 2089 2172 digni,
2145 2109 2460 2174 suumque
2507 2098 2570 2152 et
2613 2088 2875 2158 modum
2921 2098 2986 2154 et
3024 2099 3278 2178 tempus
3335 2089 3668 2173 habeant,
3725 2092 3778 2156 si

813 2199 873 2254 15
894 2188 1141 2253 scilicet
1186 2195 1374 2251 extra
1414 2184 1775 2250 studiorum
1823 2194 1887 2249 et
1937 2195 2294 2251 nocturnae
2352 2187 2586 2273 quietis
2645 2186 2841 2253 horas
2898 2189 3062 2255 citra
3118 2211 3302 2254 suum
3361 2199 3427 2258 et
3486 2189 3775 2256 aliorum

887 2284 1414 2374 impedimentum
1453 2281 1631 2348 fiant.

2063 2451 2159 2498 ns
2202 2437 2566 2499 uunm‘cm.

2082 2567 2415 2617 Statutum
2459 2567 2551 2616 VI.

1058 2682 1147 2749 Et
1207 2705 1325 2771 per
1385 2707 1454 2749 se
1508 2679 1857 2771 praeclara
1914 2679 2218 2766 utilisque
2276 2703 2382 2745 res
2448 2690 2544 2746 est
2601 2682 2931 2747 mundicia
2998 2673 3078 2747 et‘
3118 2691 3410 2748 nostrum
3464 2683 3766 2750 ordinem

807 2783 1081 2850 zodecet
1137 2784 1486 2869 imprimis,
1545 2791 1609 2846 et
1665 2781 1930 2942 mininsse
1989 2778 2321 2843 ferendum
2375 2792 2504 2870 est,
2563 2789 2632 2843 ut
2691 2780 3131 2865 ingredientes
3188 2780 3309 2846 has
3370 2782 3574 2847 aedes
3635 2804 3762 2848 non

894 2882 1047 2947 scho
1062 2878 1472 2969 [2011asticos
1523 2881 1590 2944 in
1632 2878 1733 2946 his
1791 2901 1861 2943 se
1950 2899 2098 2941 sues
2145 2876 2496 2941 secundum
2539 2877 2844 2943 Plautum
2899 2878 3198 2945 habitare
3266 2882 3527 2968 possint
3589 2879 3760 2945 arbi·

894 2979 1071 3048 trari.
1134 2979 1423 3044 Primum
1474 2978 1673 3064 igitur
1726 2999 1880 3042 suae
1925 2978 2198 3064 quisque
2240 2975 2629 3041 valetudinis
2675 3000 2872 3042 causa
2914 3000 3045 3043 non
3088 2976 3294 3043 solum
3335 2981 3603 3066 ingrata
3645 2978 3758 3044 sed

896 3082 1091 3144 etiam
1136 3079 1436 3143 nocentia
1479 3075 1761 3164 undique
1804 3076 2125 3140 removeri
2170 3073 2444 3157 studeat,
2491 3074 2802 3163 dabitque
2857 3099 3144 3164 operam,
3187 3088 3256 3143 ut
3299 3080 3387 3144 sit
3426 3079 3755 3166 purgatis·

901 3181 1065 3243 sima
1109 3201 1227 3243 sua
1270 3177 1582 3263 cuiusque
1624 3174 1958 3240 habitatio.
2021 3172 2415 3259 Assignatus
2460 3186 2672 3239 autem
2718 3174 2896 3240 locus
2940 3189 3057 3260 est,
3100 3179 3167 3242 in
3211 3200 3404 3266 quem
3447 3201 3547 3261 ea,
3593 3199 3754 3266 quae

811 3287 877 3343 25
900 3285 1368 3343 converruntur
1422 3272 1872 3369 expurgando,
1926 3271 2165 3337 deferri
2212 3271 2468 3337 debent.
2551 3273 2729 3338 Inter
2782 3273 3198 3341 deferendum
3248 3299 3334 3342 ne
3379 3277 3540 3365 quid
3596 3286 3751 3342 stra·

893 3385 1255 3442 mentorum
1299 3364 1670 3441 sordiumve
1712 3370 1977 3438 excidat
2017 3382 2081 3435 et
2125 3369 2259 3435 ulla
2302 3371 2368 3434 in
2414 3382 2600 3458 parte
2647 3366 2776 3458 [21]
2823 3374 3080 3439 aedium
3122 3373 3544 3463 relinquatur,
3609 3370 3747 3440 dili·

890 3485 1122 3565 genter
1183 3475 1404 3538 caveri
1464 3471 1775 3539 volumus.
1864 3468 2064 3536 Cuius
2122 3470 2246 3535 hac
2306 3471 2375 3534 in
2447 3480 2635 3556 parte
2692 3472 3088 3558 negligentia
3144 3472 3554 3561 deprehensa
3611 3474 3744 3553 erit,
3957 3474 3958 3549 l

891 3573 976 3639 ab
1020 3596 1095 3638 eo
1140 3573 1484 3657 exigentur
1525 3571 1801 3635 mulctae
1857 3568 2000 3634 loco
2058 3571 2275 3654 grossi
2333 3569 2611 3654 angelici
2664 3569 2811 3635 duo.
2895 3570 3078 3637 Idem
3135 3584 3558 3660 praeceptum
3613 3582 3742 3638 esto

891 3671 972 3737 de
1015 3669 1416 3757 segminibus
1457 3669 1803 3755 lignorum,
1845 3679 1918 3733 ut
1956 3668 2130 3735 illico
2172 3672 2525 3756 asportatis
2567 3670 2648 3733 iis
2688 3668 2871 3734 locus
2915 3671 3235 3738 verrendo
3277 3670 3366 3736 ad
3409 3674 3740 3759 pristinam

807 3781 876 3838 30
895 3769 1289 3836 mundiciem
1331 3768 1683 3854 redigatur.
1764 3768 1897 3833 Par
1944 3776 2045 3832 est
2095 3778 2163 3833 et
2209 3768 2465 3833 illorum
2523 3767 2778 3851 levitas,
2834 3770 2946 3856 qui
2987 3792 3023 3834 e
3063 3771 3364 3837 fenestris
3407 3771 3513 3836 vel
3555 3769 3740 3836 unde·

892 3890 1142 3956 cunque
1209 3890 1294 3933 ex
1359 3865 1760 3933 habitatione
1825 3868 2131 3953 quapiam
2192 3867 2452 3932 chartas
2510 3877 2576 3933 et
2631 3889 2956 3955 papyrum
3014 3869 3381 3956 proiiciunt.
3465 3870 3630 3935 Nam
3686 3868 3736 3932 si

895 3966 1220 4053 simplices
1288 3966 1437 4031 illae
1497 3966 1739 4031 fuerint
1792 3962 1921 4053 [22]
1978 3965 2272 4048 chartae,
2337 3966 2576 4032 eiector
2635 3988 2764 4032 uno
2829 3966 3123 4054 angelico
3177 3964 3625 4051 mulctabitur3
3684 3966 3735 4031 si

892 4068 1175 4133 lusoriae
1227 4064 1379 4131 illae
1431 4066 1699 4147 fuerint,
1757 4063 1997 4146 tribus3
2054 4066 2111 4128 si
2163 4063 2394 4129 foedae
2447 4074 2512 4129 et
2565 4063 2937 4130 immundae
2991 4064 3232 4131 fuerint
3253 4106 3262 4117 ι
3284 4065 3553 4132 chartae
3600 4088 3736 4154 pro-

893 4168 1120 4248 iectae,
1178 4166 1477 4251 exigetur
1523 4163 1606 4229 ob
1650 4163 1772 4230 hoc
1828 4161 2092 4229 foedum
2146 4165 2399 4227 facinus
2441 4185 2484 4227 a
2525 4162 3037 4248 designantibus,
3088 4174 3153 4229 et
3202 4188 3414 4252 neque
3469 4167 3591 4232 sibi
3637 4187 3736 4229 ne·

816 4275 883 4331 35
905 4286 1028 4351 que
1085 4263 1230 4329 aliis
1290 4264 1418 4328 imo
1463 4284 1669 4350 neque
1724 4262 2045 4327 honestati
2103 4261 2542 4347 parcentibus,
2601 4263 2882 4350 primum
2937 4262 3243 4331 dimidius
3299 4265 3734 4345 ioachimicus3

897 4366 955 4429 si
996 4365 1249 4445 iterum,
1288 4359 1533 4427 mulcta
1575 4359 1974 4448 duplicetur;
2031 4362 2087 4425 si
2131 4361 2342 4442 tertio,
2398 4359 2761 4447 triplicetur
2803 4374 2888 4444 et,
2943 4370 3018 4427 ut
3058 4383 3093 4426 e
3136 4360 3412 4448 collegio
3461 4366 3732 4450 emigret,

895 4462 1213 4529 iubeatur.
1292 4458 1571 4542 Deinde,
1626 4481 1710 4524 ne
1763 4461 1909 4547 quis
1955 4459 2230 4533 alterum
2283 4457 2588 4525 sordibus
2644 4459 2949 4542 offendat,
3001 4461 3266 4525 minime
3307 4450 3442 4547 [23]
3486 4459 3733 4527 ferenda

894 4572 992 4629 est
1046 4559 1432 4647 angulorum
1489 4557 1747 4644 collegii
1803 4557 2188 4624 defoedatio.
2268 4556 2517 4624 Pueros
2575 4560 2776 4645 igitur
2828 4557 2914 4624 ab
2966 4561 3158 4624 urina
3208 4561 3618 4647 impudenter
3666 4579 3731 4622 eo

892 4658 1228 4727 reddenda
1270 4669 1336 4723 et
1377 4656 1765 4746 spargendis
1808 4655 2203 4722 stercoribus
2260 4655 2526 4742 singuli,
2582 4679 2859 4745 quorum
2909 4656 3003 4722 illi
3061 4667 3238 4740 sunt,
3295 4659 3629 4742 arcebunt,
3670 4664 3732 4722 ut

808 4771 878 4827 40
895 4760 1073 4827 omni
1134 4767 1444 4824 caveatur
1503 4754 1719 4847 studio
1732 4804 1749 4838 ,
1812 4778 1896 4821 ne
1951 4754 2457 4841 ingredientium
2510 4777 2659 4839 ora,
2725 4777 2918 4821 nares
2975 4764 3042 4822 et
3095 4756 3266 4822 oculi
3321 4757 3730 4839 offendantur.

891 4859 1080 4925 Haec
1134 4858 1503 4945 quicunque
1546 4855 1969 4938 commiserit,
2026 4876 2304 4942 poenam
2361 4853 2782 4920 arbitrariam
2838 4876 2878 4919 a
2927 4856 3303 4943 praeposito
3345 4857 3522 4922 ferre
3564 4876 3728 4942 coge-

890 4967 1014 5023 tur.
1096 4957 1304 5021 Nemo
1368 4955 1576 5019 etiam·
1619 4953 1723 5019 vel
1786 4952 2013 5020 sordes
2074 4952 2178 5019 vel
2233 4953 2577 5034 stramina,
2644 4974 2814 5040 quae
2869 4952 2955 5019 ad
3013 4964 3390 5020 consuetum
3448 4968 3514 5020 et
3571 4955 3730 5020 hisce

891 5056 1087 5122 rebus
1140 5054 1519 5142 deputatum
1565 5051 1778 5119 locum
1820 5052 2148 5140 asportari
2192 5050 2448 5134 debent,
2495 5046 2626 5136 [24]
2675 5053 2745 5116 in
2800 5050 3070 5136 angulos
3125 5062 3237 5117 aut
3281 5053 3482 5119 alium
3533 5053 3729 5120 locum

893 5163 1224 5239 congerat,
1284 5150 1389 5218 vel
1431 5173 1551 5238 per
1591 5152 1909 5217 fenestras
1952 5153 2019 5215 in
2060 5149 2392 5238 publicum
2455 5149 2720 5215 deiiciat
2773 5152 2970 5237 inque
3011 5153 3296 5238 spatium
3339 5152 3523 5235 illud,
3577 5150 3729 5242 quod

808 5262 993 5323 &est
1030 5253 1202 5317 intra
1245 5252 1529 5318 civitatis
1572 5273 1823 5319 murum
1875 5258 1941 5315 et
1980 5248 2325 5333 collegium
2369 5257 2680 5333 nostrum,
2735 5249 2908 5335 quod
2949 5249 3168 5317 multis
3212 5249 3294 5317 de
3336 5253 3555 5318 causis
3597 5272 3728 5341 pur·
