4038 6358
1031 648 1136 700 Die
1163 650 1375 701 Placita
1409 652 1641 703 nationis
1675 652 1960 703 Bavaricae
1997 666 2118 704 vom
2156 654 2321 705 Jahn-e
2362 655 2503 708 1498.
3054 660 3169 723 163

1052 902 1102 957 2.
1139 902 1268 953 Dm.
1303 900 1613 957 PLAclTA
1651 902 1992 957 NATIONIS
2027 904 2454 955 BAVARICAE

1535 1018 1662 1056 vom
1695 1005 1861 1057 Jahre
1897 1006 2043 1059 1498.

1064 1132 1376 1189 Redaetion
1411 1134 1510 1189 des
1543 1129 1821 1193 Iohannes
1853 1136 2026 1193 Fabri
2049 1137 2119 1193 de
2137 1136 2420 1193 Werdea.¹

814 1285 1000 1353 Haec
1045 1286 1290 1375 placita
1333 1286 1683 1360 observent
1730 1287 2030 1356 doctores
2076 1300 2267 1378 atque
2310 1291 2628 1375 magistri,

899 1384 1080 1467 Quos
1122 1387 1301 1453 fovet
1337 1387 1404 1452 in
1451 1385 1666 1453 studio
1715 1387 1841 1454 hoc
1879 1392 2058 1456 natio
2098 1390 2444 1472 Bavarica,
3219 1403 3250 1457 5

812 1484 904 1551 Ut
941 1508 1132 1573 mage
1173 1484 1526 1553 concordes
1566 1486 1735 1553 inter
1776 1510 1847 1553 se
1885 1490 2113 1555 vivere
2156 1490 2410 1575 possint

904 1585 993 1650 Et
1031 1596 1221 1673 grato
1261 1594 1528 1652 utantur
1570 1586 1712 1651 iure
1756 1585 2062 1671 sodalitii,

819 1686 912 1753 Ut
952 1708 1208 1775 quoque
1251 1686 1610 1753 communis
1653 1708 1760 1752 res
1803 1696 1998 1775 atque
2038 1687 2302 1773 negotia
2345 1687 2502 1752 dicti

897 1786 1202 1853 Tractari
1239 1787 1497 1873 possint
1536 1784 1908 1852 comodiore
1945 1786 2161 1874 modo,
2674 1825 2681 1831 ·

1401 1884 1587 1951 Haec
1625 1884 1930 1951 Werdea.
2970 1942 2976 1947 .
3189 1899 3253 1955 10

421 2032 624 2100 Cum
673 2035 866 2102 nulla
903 2036 1327 2103 communitas
1373 2036 1618 2125 absque
1671 2034 1946 2121 legibus,
2002 2037 2285 2119 statutis,
2345 2036 2603 2123 placitis
2661 2046 2725 2102 et
2764 2036 3168 2104 rationabili-

249 2131 378 2197 bus
427 2132 1000 2201 ordinationibus
1040 2134 1206 2201 bene
1249 2134 1792 2225 laudabiliterque
1837 2136 2054 2222 dirigi,
2106 2135 2460 2222 gubernari
2500 2157 2579 2202 ac
2620 2138 2689 2200 in
2730 2158 2874 2201 esse
2912 2158 3167 2203 conser-

257 2234 408 2297 vari
467 2242 700 2321 queat
713 2284 733 2319 ,
793 2236 880 2300 ad
932 2232 1242 2301 honorem
1304 2243 1370 2299 et
1421 2234 1692 2321 gloriam
1748 2236 2283 2323 cunctipotentis.
2312 2233 2420 2299 dei
2474 2257 2722 2300 necnon
2782 2257 2905 2323 pro
2964 2237 3169 2301 incre-

261 2342 518 2415 mento,
565 2334 774 2401 fama
815 2344 881 2399 et
917 2333 1092 2400 bona
1130 2332 1574 2421 laudabilique
1597 2334 1955 2401 directione
1997 2336 2281 2401 nationis
2303 2326 2667 2399 Bavaricae
2711 2356 2883 2400 anno
2924 2333 3171 2400 domini

265 2432 642 2499 millesimo
702 2434 1337 2523 quadringentesimo
1393 2435 1814 2521 nonagesimo
1859 2443 2092 2500 octavo
2131 2433 2457 2499 dominica
2496 2432 2763 2499 Exaudi
2820 2437 3013 2511 (1498
3053 2441 3249 2500 den15

265 2538 364 2599 27.
411 2537 602 2613 Mai)
685 2533 914 2599 eadem
955 2534 1133 2600 natio
1173 2532 1503 2601 Bavarica
1543 2532 1915 2620 subscripta
1957 2533 2199 2620 placita
2255 2542 2367 2598 aut
2410 2532 2848 2599 ordinationes
2905 2555 3169 2598 concor-
3358 2538 3363 2545 ’

280 2632 454 2697 diter
515 2642 590 2698 et
649 2632 834 2700 nullo
891 2634 1353 2720 magistrorum
1409 2632 1823 2719 discrepante
1883 2632 2295 2721 approbavit,
2353 2632 2701 2699 ratificavit
2758 2654 2837 2697 ac
2894 2654 3014 2721 per
3066 2655 3170 2698 me

280 2730 671 2797 Iohannem
715 2732 922 2799 Fabri
978 2731 1060 2797 de
1099 2732 1388 2799 Werdea
1437 2742 1556 2799 etc.
1601 2728 1656 2821 [1
1677 2730 1730 2821 ²³]
1775 2734 1843 2798 in
1895 2733 2067 2799 hunc
2116 2730 2405 2798 libellum
2460 2753 2965 2820 pergameneum
3023 2755 3169 2799 con-

283 2830 512 2915 scribi,
559 2832 813 2899 suturis
855 2853 1110 2919 quoque
1151 2831 1554 2921 temporibus
1591 2832 1869 2899 fideliter
1902 2830 2318 2921 exequendas
2362 2855 2441 2898 ac
2482 2830 2990 2899 manutenendas
3031 2832 3171 2898 fore

281 2930 612 2997 decrevit.
3183 2939 3252 2997 m

1283 3086 1338 3147 1.
1395 3099 1490 3149 m:
1531 3098 1862 3161 anQuns
1903 3099 2249 3150 nxmoms.

454 3214 752 3299 Placuit,
791 3214 968 3302 quod
1008 3213 1280 3301 singulis
1323 3215 1510 3280 annis
1551 3213 1858 3304 deinceps
1887 3218 2375 3282 anniversarius
2413 3237 2535 3303 pro
2578 3216 2921 3284 animabus
2962 3217 3166 3304 magi-

299 3323 614 3399 strorum,
676 3314 1029 3397 doctorum,
1087 3313 1581 3398 licentiatorum,
1639 3314 2159 3382 baccalariorum
2213 3325 2278 3380 et
2335 3313 2703 3380 studentum
2761 3338 2847 3381 ex
2905 3319 3168 3382 natione

300 3411 640 3480 Bavarica
684 3413 1134 3478 defunctorum
1179 3413 1356 3480 circa
1414 3413 1651 3480 festum
1707 3413 1846 3480 divi
1887 3413 2155 3501 Aegidii
2211 3413 2549 3480 alternatis
2589 3413 2846 3479 vicibus
2907 3417 3038 3480 iam
3097 3418 3164 3480 in

303 3511 584 3578 ecclesia
630 3513 842 3580 sancti
883 3510 1142 3578 Nicolai
1181 3511 1312 3577 iam
1352 3535 1509 3579 vero
1551 3515 1620 3578 in
1661 3512 1824 3579 aede
1869 3514 2078 3580 sancti
2118 3512 2309 3580 Pauli
2350 3512 2743 3579 sollemniter
2786 3512 3164 3580 celebretur.
3180 3523 3245 3580 2⁵

305 3610 406 3675 Ad
445 3635 647 3700 quem
693 3633 916 3678 omnes
957 3619 1022 3676 et
1063 3611 1303 3698 singuli
1345 3613 1664 3699 magistri,
1721 3612 2025 3680 doctores
2066 3623 2132 3678 et
2170 3611 2485 3678 licentiati
2528 3633 2648 3700 per
2691 3613 3011 3680 seniorem
3052 3635 3164 3678 na-

304 3711 514 3795 tionis,
577 3712 708 3778 hoc
761 3721 860 3777 est
915 3733 1081 3795 eum,
1140 3713 1246 3776 cui
1305 3710 1447 3777 fisci
1501 3712 1799 3778 custodia
1857 3723 2012 3778 tunc
2066 3712 2379 3800 temporis
2434 3714 2779 3778 commissa
2831 3720 2961 3796 est,
3020 3735 3166 3778 cum

313 3809 622 3877 schedula
683 3819 1135 3878 convocentur.
1213 3809 1366 3876 Alia
1419 3833 1571 3878 vero
1627 3813 1910 3879 nationis
1967 3813 2309 3901 supposita
2368 3834 2486 3900 per
2536 3810 2865 3899 publicam
2918 3811 3163 3878 domini

315 3913 580 3976 rectoris
638 3910 1156 3977 exhortationem
1172 3911 1198 3952 ²
1251 3909 1336 3976 ad
1388 3911 1902 3978 interessendum
1955 3910 2327 3978 huiusmodi
2378 3913 2826 3978 anniversario
2887 3934 3163 3978 commo-

327 4019 616 4093 neantur,
675 4032 796 4097 pro
851 4032 978 4098 quo
1033 4010 1251 4076 senior
1308 4010 1591 4077 nationis
1643 4010 1922 4100 plebano
1968 4014 2176 4078 sancti
2220 4011 2474 4078 Nicolai
2529 4020 2642 4078 aut
2695 4012 2900 4099 priori
2958 4013 3165 4078 sancti
3180 4021 3249 4078 30

320 4105 499 4175 Pauli
539 4109 778 4196 viginti
821 4131 1086 4194 grossos
1126 4131 1328 4176 novos
1373 4110 1795 4177 effectualiter
1839 4111 2185 4199 persolvat.

892 4300 951 4362 2.
1013 4311 1108 4360 ms
1154 4311 1472 4361 canuno
1515 4313 1651 4361 raa
1694 4311 2176 4364 emnammos
2218 4311 2625 4364 REDDENDO.

479 4429 645 4496 Item
691 4427 958 4518 placuit,
1014 4427 1190 4515 quod
1232 4425 1588 4494 candelarii
1630 4451 1751 4515 pro
1791 4437 2085 4516 tempore
2128 4429 2483 4496 existentes
2522 4453 2640 4517 per
2684 4451 2754 4495 se
2794 4438 3164 4516 computent

332 4527 585 4612 nationi,
629 4523 694 4616 [2
711 4525 762 4618 ¹¹]
808 4527 1106 4616 quodque
1156 4527 1226 4593 in
1277 4525 1553 4594 solidum
1606 4529 1735 4594 sint
1777 4527 2074 4614 obligati.
2154 4526 2283 4607 Qui
2338 4530 2395 4594 si
2447 4551 2567 4615 per
2622 4551 2691 4593 se
2734 4550 2809 4595 eo
2851 4538 3161 4617 tempore,

330 4647 441 4712 quo
475 4628 656 4694 natio
700 4628 1047 4695 convocari
1091 4627 1444 4712 consuevit,
1493 4628 1742 4694 nationi
1782 4626 2023 4693 bonam
2075 4629 2392 4693 rationem
2432 4649 2565 4694 non
2606 4626 3010 4692 reddiderint
3050 4637 3242 4695 aut35

330 4729 642 4813 pecunias,
693 4750 737 4794 a
793 4728 1150 4816 suppositis
1201 4749 1323 4816 pro
1367 4727 1780 4794 candelarum
1832 4728 2181 4792 refectione
2237 4736 2555 4814 receptas,
2606 4749 2736 4791 non
2791 4736 3159 4813 praesenta-

329 4827 523 4895 verint
563 4829 787 4917 sicque
828 4829 1158 4895 nationem
1209 4825 1597 4898 defraudare
1653 4827 2245 4916 praesumpserint,
2305 4824 2571 4916 deputet
2621 4827 2799 4892 natio
2840 4831 3039 4891 unuin
3078 4849 3162 4892 ex

335 4930 664 5016 magistris,
722 4930 834 5018 qui
891 4926 1151 4996 eosdem
1190 4949 1414 4994 coram
1451 4925 1712 4993 domino
1762 4935 2014 4992 rectore
2058 4926 2401 4991 conveniat
2452 4935 2517 4992 et
2559 4924 2927 4994 huiusmodi
2968 4947 3158 5016 pecu·
3192 4981 3197 4986 .

472 5169 494 5219 1
549 5163 634 5219 Im
691 5161 945 5258 Original
982 5158 1247 5218 erhalten.
1305 5157 1432 5234 vgl.
1471 5156 1742 5216 Urkundl.
1781 5157 2013 5226 Quellen
2063 5157 2120 5212 S.
2156 5161 2273 5214 734.
2338 5155 2447 5213 Die
2479 5157 2830 5231 Bezifferung
2861 5161 2960 5215 der
2995 5157 3162 5216 Para-

341 5245 562 5322 graphen
595 5248 670 5303 ist
695 5264 805 5303 von
833 5265 949 5304 mir.

465 5337 496 5389 2
539 5331 668 5404 Vgl.
699 5335 875 5388 untm
907 5329 1041 5390 Nm.
1079 5333 1148 5386 12
1181 5325 1300 5384 und
1329 5325 1408 5382 im
1441 5323 1697 5382 Libellus
1731 5321 2048 5381 formulas-is
2082 5323 2142 5383 S.
2182 5329 2293 5394 118,
2328 5329 2359 5380 5
2395 5324 2474 5396 fg.

2700 5413 2819 5479 11*
