4038 6358
866 621 943 687 76
1815 627 1917 677 Die
1956 627 2194 679 Statuten
2228 643 2351 680 vom
2385 628 2551 680 Jahre
2592 633 2734 694 1⁵43,

1256 877 1306 928 3.
1375 878 1500 927 DIE
1539 877 1685 929 VON
1726 878 2012 932 HERZOG
2049 879 2319 933 MORITZ
2355 872 2866 934 BESTATIGTEN
2901 880 3284 933 STATUTEN

1976 982 2103 1016 vom
2138 968 2303 1017 Jahre
2341 966 2521 1018 1543.¹

1027 1071 1361 1141 Statuta
1422 1076 2041 1147 Universitatis
2083 1080 2649 1147 Scholasticae
2700 1080 3124 1168 Lipsicae,
3177 1089 3500 1146 renovata
3545 1101 3717 1144 anno

858 1170 1190 1239 MDXLII
1213 1175 1459 1261 88111118,
1497 1177 1916 1245 illustrissimi
1953 1182 2271 1269 principis
2300 1205 2379 1247 ac
2409 1181 2655 1246 domini
2694 1179 3103 1263 Mauritii,
3146 1180 3329 1245 ducis
3356 1178 3716 1261 Saxoniae,

807 1281 840 1337 5
858 1271 1227 1359 landgravii
1271 1275 1671 1364 Thuringiae
1736 1302 1816 1345 ac
1853 1280 2107 1346 Misnae
2160 1281 2582 1366 marchioniS,
2651 1279 2896 1346 domini
2942 1281 3147 1345 nostri
3202 1277 3718 1360 clementissimi,

861 1374 1096 1459 primo,
1121 1384 1371 1441 rectore
1391 1376 1478 1442 M.
1514 1378 1806 1465 Casparo
1834 1380 2126 1446 Bornero
2156 1380 2518 1469 Haynensi,
2556 1379 2919 1466 theologiae
2947 1379 3307 1464 licenciato,
3352 1402 3392 1443 a
3428 1387 3717 1467 quatuor

861 1473 1231 1541 nationibus
1298 1476 1581 1543 eiusdem
1645 1479 1809 1544 XIII
1861 1479 1997 1546 Cal.
2055 1479 2262 1568 April.
2317 1480 2579 1568 publice
2634 1479 2897 1546 decreta
2961 1489 3027 1545 et
3093 1488 3323 1567 postea
3383 1478 3714 1566 principis

863 1572 1152 1637 eiusdem
1220 1576 1614 1644 authoritate
1678 1570 2104 1667 comprobata
2167 1582 2474 1668 iussuque
2526 1580 2861 1668 publicata
2917 1579 2977 1644 d.
3040 1586 3134 1648 16.
3203 1576 3477 1645 Calend.
3549 1575 3710 1664 Maij

860 1669 1326 1758 MDXLIII,
1382 1678 1785 1764 principatus
1825 1679 1908 1745 H.
1965 1679 2215 1746 Horum
2255 1681 2455 1766 igitur
2500 1689 2887 1747 statutorum
2927 1702 3115 1745 usum
3154 1686 3220 1743 et
3264 1677 3713 1743 conservatio-

783 1777 847 1834 10
863 1793 1006 1837 nem
1057 1771 1328 1842 florente
1374 1776 1657 1844 66616818
1698 1778 1943 1846 Christi
2000 1789 2063 1845 et
2124 1778 2481 1873 republica
2519 1779 2893 1845 diuturnam
2944 1788 3008 1845 et
3058 1778 3309 1844 felicem
3366 1800 3517 1843 esse
3557 1775 3715 1842 velit

864 1868 1034 1936 filius
1076 1872 1180 1939 dei
1194 1923 1213 1958 ,
1255 1877 1366 1963 qni
1411 1876 1638 1943 sedens
1684 1878 1769 1944 ad
1809 1878 2109 1944 dextram
2150 1881 2355 1966 patris
2399 1881 2646 1945 aeterni
2689 1879 2804 1945 dat
2845 1878 3017 1945 dona
3057 1877 3357 1945 omnibus
3397 1887 3466 1942 et
3509 1875 3715 1942 eccle-

863 1971 1192 2039 siasticam
1217 1998 1296 2041 ac
1338 1977 1594 2044 civilem
1636 1978 2261 2049 administrationem
2301 1979 2604 2063 custodit,
2647 1989 2842 2067 auget
2881 1988 2945 2044 et
2982 1988 3188 2063 ornat,
3233 1978 3338 2044 cui
3361 1978 3447 2043 sit
3475 1975 3713 2064 gloria,

873 2068 1035 2156 laus,
1077 2072 1298 2161 honor,
1341 2079 1618 2145 victoria
1658 2080 2069 2166 sempiterna.
2138 2079 2366 2144 Amen.

2022 2280 2453 2329 PROOEMIUM.

781 2377 844 2434 15
1026 2372 1220 2439 Nulla
1258 2398 1363 2442 res
1406 2376 1670 2464 publica
1711 2379 2147 2467 cuiuscunque
2189 2380 2483 2467 corporis
2526 2380 2665 2444 sine
2708 2378 2963 2464 legibus
3004 2386 3119 2443 aut
3153 2378 3405 2444 institui
3441 2387 3567 2443 aut
3602 2375 3713 2441 du·

858 2493 1008 2536 rare
1048 2482 1294 2560 potest,
1351 2476 1720 2563 dictumque
1762 2489 1861 2544 681
1892 2479 2263 2566 praeclare,
2321 2478 2548 2544 ordine
2588 2488 2651 2544 et
2691 2478 2834 2564 lege
2871 2501 3089 2544 rerum
3141 2478 3339 2542 etiam
3391 2476 3715 2543 universi-

866 2581 1064 2637 tatem
1103 2572 1473 2659 gubernari.
1555 2577 1701 2642 Non
1758 2589 1973 2643 autem
2028 2578 2176 2644 latis
2236 2577 2425 2645 modo
2481 2578 2734 2665 legibus
2774 2601 3003 2643 verum
3045 2585 3111 2643 et
3153 2575 3481 2642 interdum
3524 2575 3713 2641 abro-

865 2672 1037 2757 gatis
1077 2682 1141 2738 et
1177 2677 1441 2740 mutatis
1483 2699 1648 2763 opus
1691 2686 1819 2761 est,
1861 2701 2007 2744 cum
2049 2703 2156 2746 res
2188 2690 2252 2746 et
2294 2690 2591 2766 tempora
2627 2679 2795 2747 forte
2835 2676 2966 2742 alia
3005 2676 3181 2742 facta
3219 2676 3479 2741 fuerint.
3563 2674 3711 2739 Non

865 2772 1036 2836 enim
1079 2773 1459 2861 simpliciter
1501 2775 1710 2863 leges,
1756 2777 1868 2843 sed
1910 2781 2363 2846 convenientes
2403 2788 2469 2844 et
2508 2788 2703 2866 aptae
2740 2776 3126 2859 laudantur,
3178 2776 3285 2843 vel
3325 2775 3449 2841 hae
3494 2775 3711 2862 potius

781 2870 850 2935 20
871 2869 1044 2936 solae
1085 2895 1205 2960 pro
1248 2875 1502 2962 legibus
1542 2876 1882 2943 habendae
1926 2889 2089 2944 sunt.
2178 2879 2342 2946 Cum
2380 2880 2583 2965 igitur
2639 2877 3114 2943 illustrissimus
3172 2878 3481 2963 princeps
3525 2874 3710 2939 Mau·

858 2970 1079 3055 ritius,
1136 2972 1270 3039 dux
1307 2974 1632 3042 Saxoniae
1671 2987 1788 3043 etc.
1804 3028 1824 3060 ,
1882 2980 2187 3066 princeps
2237 2988 2453 3044 noster
2494 2978 3064 3060 clementissimus,
3118 2974 3709 3054 animadvertisset,

857 3070 1343 3140 universitatem
1366 3074 1818 3142 scholasticam
1844 3101 2051 3163 suam,
2094 3077 2358 3165 Lipsiae
2399 3078 2727 3166 quondam
2768 3100 2811 3141 a
2849 3074 3205 3142 maioribus
3246 3075 3494 3162 ipsius²
3537 3073 3710 3137 divis

862 3170 1271 3260 principibus
1312 3174 1690 3242 collocatam
1733 3188 1797 3244 et
1835 3177 2174 3244 fundatam
2218 3190 2283 3245 et
2323 3179 2528 3245 veteri
2571 3178 2746 3244 fama
2788 3176 3128 3264 dignitatis
3170 3186 3364 3262 atque
3404 3173 3708 3264 splendo-

861 3270 950 3336 ris
992 3271 1308 3339 celebrem
1325 3325 1342 3358 ,
1401 3275 1504 3341 his
1558 3277 1957 3365 temporibus
2006 3279 2486 3346 instauracione
2526 3278 2853 3365 indigere,
2916 3278 3135 3343 statim
3188 3275 3302 3340 ubi
3358 3276 3709 3341 commissa

777 3377 1116 3448 2581118188
1163 3375 1292 3461 ipsi
1348 3397 1564 3441 rerum
1617 3377 1768 3460 fuit,
1818 3377 1980 3443 nihil
2031 3380 2212 3465 prius
2254 3401 2463 3464 neque
2503 3379 2830 3465 antiquius
2874 3376 3063 3441 duxit
3102 3374 3547 3463 pulcherrima
3587 3367 3708 3439 hac

861 3479 925 3534 et
980 3471 1409 3540 saluberrima
1479 3498 1635 3540 cura
1698 3479 2186 3544 universitatem
2246 3477 2695 3544 scholasticam
2753 3500 2939 3542 suam
2991 3498 3121 3541 non
3180 3474 3388 3541 solum
3449 3495 3707 3540 conser-

860 3570 1059 3635 vandi
1115 3572 1231 3639 sed
1284 3576 1480 3639 etiam
1536 3575 1977 3691 amplificandi
2022 3588 2085 3644 et
2125 3580 2194 3644 in
2232 3577 2557 3645 meliorem
2603 3575 3239 3664 splendidioremque
3281 3574 3565 3640 formam
3609 3596 3702 3637 re-

864 3669 1149 3755 digendi,
1193 3685 1449 3741 secutus
1492 3684 1557 3740 et
1599 3678 1666 3741 in
1706 3676 1828 3742 hoc
1870 3680 2153 3765 optimus
2195 3688 2259 3744 et
2297 3679 2899 3765 praestantissimus
2938 3676 3246 3764 princeps
3291 3672 3696 3740 voluntatem

864 3791 943 3832 ac
1000 3771 1285 3837 studium
1333 3774 1559 3840 divae³
1613 3778 1961 3842 memoriae
2017 3779 2224 3864 patris
2278 3778 2406 3862 sui,
2462 3777 2801 3842 fortissimi
2856 3785 2920 3841 et
2975 3773 3319 3840 clarissimi
3390 3772 3706 3864 principis

779 3875 849 3934 30
866 3857 1180 3952 Heinrici,
1224 3873 1334 3957 qui
1377 3876 1725 3961 statuisset,
1770 3875 2108 3942 doctrinae
2153 3889 2217 3942 et
2262 3877 2571 3943 bonarum
2614 3878 2855 3942 artium
2891 3897 2971 3942 ac
3011 3874 3372 3940 studiorum
3412 3871 3704 3939 humani-

862 3968 1014 4033 tatis
1072 3969 1372 4037 cultum
1353 3997 1421 4038 111
1472 3977 1827 4063 praecipua
1879 3976 2279 4064 reipublicae
2319 3988 2508 4064 parte
2550 3975 2920 4064 ponendum
2962 3996 3122 4039 esse.
3200 3973 3429 4061 Itaque
3468 3974 3559 4037 ad
3599 3993 3704 4036 ne-

861 4071 1179 4136 cessarias
1234 4074 1561 4160 impensas
1613 4074 2004 4163 locupletata
2064 4077 2485 4141 universitate
2541 4076 2943 4158 scholastica,
3010 4072 3465 4140 liberalissime
3518 4069 3707 4138 iussit

865 4167 1337 4238 iHustrissimus
1378 4175 1681 4264 princeps
1720 4183 1938 4241 noster
1963 4175 2330 4258 Mauritius,
2373 4187 2445 4242 ut
2486 4175 2567 4240 de
2609 4176 2850 4262 optimo
2893 4173 3177 4261 quodam
3221 4172 3335 4238 illa
3378 4179 3555 4237 statu
3596 4192 3704 4236 suo

869 4267 1258 4337 deliberaret
1299 4274 1444 4359 ipsa
1483 4285 1547 4340 61
1586 4274 1933 4340 laudabilis
1974 4275 2554 4341 administrationis
2598 4275 2891 4341 ordinem
2936 4285 3000 4340 et
3039 4274 3362 4339 rationem
3404 4273 3607 4336 iniret
3644 4279 3707 4334 et

779 4378 845 4435 35
865 4367 1223 4437 deliberata
1243 4394 1322 4437 ac
1345 4374 1690 4440 constituta
1728 4374 2076 4462 principali
2116 4375 2466 4461 cognitioni
2505 4375 2783 4440 offerret.
2846 4373 3039 4456 Quod
3081 4381 3429 4461 postquam
3464 4372 3703 4437 factum

861 4470 1003 4553 fuit,
1045 4493 1192 4536 cum
1232 4481 1405 4537 recte
1461 4483 1524 4540 et
1576 4476 1644 4540 in
1697 4477 2070 4561 praesentia
2125 4476 2341 4539 omnia
2380 4473 2623 4540 utiliter
2669 4474 2961 4539 consulta
2998 4482 3063 4539 et
3100 4482 3343 4538 statuta
3382 4494 3524 4537 esse
3563 4491 3704 4559 per-

867 4572 1194 4657 spexisset
1208 4620 1227 4656 ,
1287 4573 1538 4638 remisit
1586 4575 1994 4640 universitati
2033 4573 2147 4640 illa
2194 4574 2616 4640 scholasticae
2659 4574 3038 4639 confirmata
3080 4575 3429 4638 autoritate
3469 4569 3703 4659 princi-

1002 4810 1025 4860 1
1065 4805 1187 4860 Das
1222 4805 1472 4877 Original
1517 4806 1592 4861 ist
1631 4806 2007 4878 gegenwartig
2053 4806 2211 4861 nicht
2256 4805 2413 4861 mehr
2458 4805 2793 4864 vorhanden.
2865 4806 2989 4878 Vgl.
3039 4801 3423 4862 Urkundliche
3475 4801 3704 4868 Quellen

864 4888 918 4944 S.
956 4894 1069 4945 609.
1142 4890 1220 4944 Es
1251 4889 1325 4944 ist
1357 4890 1489 4945 aber
1524 4889 1904 4944 abschriftlicb
1940 4890 2188 4946 erhalten
2225 4890 2283 4944 in
2316 4890 2369 4946 J.
2407 4890 2460 4946 J.
2496 4892 2703 4963 Vogels
2734 4890 3123 4947 collectaneen
3156 4889 3259 4943 Bd.
3291 4888 3358 4945 V.
3395 4887 3454 4943 S.
3493 4893 3593 4942 578
3628 4884 3701 4955 fg.

864 4972 969 5027 auf
997 4973 1097 5028 der
1129 4973 1423 5045 Leipziger
1459 4974 1943 5030 Rathsbibliothek
1988 4975 2125 5045 Rep.
2162 4975 2243 5030 VI
2293 4975 2411 5030 Fol.
2452 4981 2528 5030 16.
2611 4976 2716 5030 Ι)16
2753 4974 3042 5030 Abschrift
3085 4973 3327 5029 erweckt
3374 4969 3588 5026 freilich
3636 4985 3703 5022 an

866 5056 1086 5128 einigen
1125 5056 1330 5126 Stellcn
1367 5058 1713 5128 Misstrauen,
1748 5055 1819 5113 im
1847 5059 2229 5131 Allgemeinen
2267 5059 2401 5114 aber
2432 5060 2566 5114 darf
2594 5077 2723 5114 man
2759 5060 2838 5115 sie
2878 5059 2969 5113 fiir
3002 5074 3185 5129 genau
3218 5057 3421 5111 halten.
3488 5056 3703 5124 Angen-

869 5140 1199 5196 scheinliche
1245 5141 1522 5198 Vei-seben
1554 5142 1699 5198 habe
1736 5142 1825 5198 ich
1860 5143 1964 5198 mir
1996 5143 2217 5200 erlaubt
2252 5142 2710 5215 stillschweigend
2754 5162 2825 5198 zu
2886 5143 3233 5211 verbessern3
3286 5158 3368 5196 wo
3417 5139 3506 5194 ich
3556 5136 3704 5192 nicht

866 5242 1013 5296 ganz
1052 5226 1230 5281 sicher
1264 5243 1401 5293 war,
1438 5225 1581 5282 habe
1616 5226 1705 5282 ich
1737 5228 1991 5299 dagegen
2039 5228 2129 5283 (116
2163 5227 2547 5283 abweichende
2586 5228 2786 5281 Lesart
2832 5227 2888 5281 in
2932 5228 3041 5282 den
3075 5226 3510 5295 Anmerkungen
3543 5237 3701 5292 ange·

864 5307 1059 5378 geben.
1368 5316 1397 5365 2
1435 5311 1574 5381 ipsis
1609 5311 1696 5368 bei
1733 5312 1929 5383 Vogel.
2235 5316 2268 5367 3
2305 5313 2532 5367 divinae
2565 5311 2761 5382 Vogel.
