4038 6358
61 6085 63 6090 .
61 5871 83 6030 ''--'÷ff'

842 598 965 669 442
1816 600 1919 652 Die
1954 600 2394 665 philosophi-ohe
2427 600 2680 655 raaenlflt

898 820 959 883 4.
998 832 1093 881 ΒΕ
1136 832 1475 883 ‘ruamus
1518 832 1654 883 PRO
1698 834 1981 885 nouom:
2025 832 2452 887 monzuns
2495 836 2630 889 1³8⁸
2667 836 3078 887 nncnwros
3117 826 3698 885 onsssnvmls.

1002 949 1255 1021 Decani
1293 960 1445 1045 post
1486 948 1837 1021 decanatus
1880 952 2174 1039 ipsorum
2217 950 2501 1017 officium
2541 950 2854 1023 tabardos
2897 961 2962 1018 et
3000 951 3284 1018 habitus
3351 946 3752 1013 decanatus
3850 1018 3862 1029 ,

838 1069 959 1136 pro
1018 1047 1261 1115 honore
1317 1050 1641 1118 facultatis
1697 1051 2044 1117 observent
2095 1074 2216 1117 nec
2229 1101 2248 1136 ,
2307 1061 2654 1141 antequam
2709 1052 3044 1119 licenciam
3087 1050 3156 1115 in
3197 1046 3370 1115 alia
3417 1042 3756 1111 facultate

841 1148 1194 1234 attingant,
1253 1150 1569 1237 vendant,
1627 1150 1747 1217 sub
1804 1172 2019 1241 poena
2071 1150 2262 1217 unius
2327 1173 2723 1239 sexagenas,
2780 1174 2972 1241 quam
3043 1172 3354 1240 poenam
3447 1144 3755 1210 decanus

756 1254 789 1313 5
845 1269 888 1312 a
939 1250 1332 1316 contrarium
1390 1250 1664 1317 faciente
1718 1249 1839 1317 sub
1899 1272 2015 1317 suo
2070 1251 2478 1316 iuramento¹
2533 1272 2682 1317 cum
2737 1248 2984 1317 auxilio
3041 1248 3416 1316 facultatis
3483 1252 3754 1311 tenetur

836 1355 1241 1437 extorquere.
1324 1348 1413 1415 Et
1466 1350 1917 1417 nichilominus
1974 1360 2200 1415 contra
2248 1350 2372 1417 hoc
2425 1356 2734 1415 statutum
2787 1350 3098 1415 facientes
3159 1348 3506 1415 decanus
3555 1344 3758 1409 debet

836 1446 1171 1535 requirere
1189 1498 1209 1533 ,
1264 1460 1337 1515 ut
1375 1450 1546 1517 infra
1588 1449 1871 1517 medium
1912 1471 2150 1517 annum
2204 1447 2288 1521 de
2340 1448 2635 1517 tabardis
2685 1450 2784 1515 eis
2821 1448 3210 1539 provideant
3229 1498 3255 1533 ,
3325 1466 3582 1537 poena
3629 1442 3752 1510 sub

838 1568 1217 1638 praemlssa.
3476 1568 3483 1575 ·

1134 1722 1193 1784 5.
1250 1734 1345 1782 ns
1386 1732 1709 1784 nom-:su
1750 1732 2326 1785 comassnorm·
2367 1733 2866 1784 melentosum
2909 1732 3432 1783 osssnvmna.

762 1856 825 1914 10
1004 1848 1249 1935 Placet,
1282 1847 1475 1941 quod,
1520 1852 1577 1915 si
1620 1850 1703 1917 de
1742 1851 1959 1939 aliquo
2000 1852 2464 1939 magistrorum
2507 1860 2910 1939 compertum
2950 1850 3164 1935 fuerit,
3207 1847 3414 1937 quod
3449 1848 3534 1913 in
3565 1870 3740 1915 com-

838 1948 1031 2015 modo
1076 1973 1191 2016 suo
1232 1949 1561 2039 publicam
1600 1953 2003 2017 meretricem
2046 1951 2375 2035 habuerit,
2429 1949 2533 2017 vel
2590 1952 2659 2016 in
2710 1947 2914 2016 bursa
2953 1949 3061 2017 vel
3118 1950 3253 2016 alia
3301 1948 3536 2016 domo
3551 1996 3574 2031 ,
3623 1944 3736 2011 do-

840 2048 1145 2116 muncula
1180 2072 1293 2117 seu
1330 2048 1601 2117 comodo
1636 2052 1960 2117 meretrici
1994 2051 2294 2139 publicae
2327 2050 2432 2117 vel
2455 2048 2902 2119 meretricibus
2935 2048 3215 2138 publicis
3257 2056 3734 2118 conversatus

840 2148 1067 2233 fuerit,
1108 2149 1213 2217 vel
1254 2150 1325 2217 in
1367 2150 1713 2235 conviviis,
1762 2150 2057 2243 prandiis
2099 2159 2214 2217 aut
2255 2149 2712 2219 collacionibus
2727 2198 2746 2233 ,
2788 2149 2904 2216 ubi
2943 2149 3141 2216 talem
3180 2148 3286 2217 vel
3337 2146 3540 2215 tales
3585 2167 3734 2215 esse

843 2247 1106 2318 sciverit
1120 2298 1140 2333 ,
1192 2249 1388 2316 fuerit
1400 2299 1420 2334 ,
1475 2250 1580 2316 vel
1620 2252 1689 2315 in
1732 2250 2142 2319 habitacione
2203 2273 2322 2317 sua
2383 2249 2812 2317 concubinam
2875 2250 3138 2339 publice
3199 2249 3519 2315 tenuerit
3533 2295 3556 2330 ,
3623 2245 3730 2313 vel

763 2356 823 2413 15
840 2347 1054 2415 locum
1096 2360 1496 2438 suspectum,
1538 2349 1843 2417 videlicet
1886 2349 2338 2437 prostibulum,
2376 2350 2756 2433 visitaverit,
2801 2358 2913 2415 aut
2955 2350 3012 2413 si
3055 2348 3134 2414 de
3175 2348 3300 2417 hoc
3353 2354 3725 2437 suspectus

838 2467 908 2512 se
951 2470 1322 2537 expurgare
1357 2452 1719 2536 nequiverit
1734 2500 1752 2533 ,
1796 2449 1902 2515 vel
1958 2450 2040 2515 de
2091 2450 2216 2516 hoc
2271 2452 2606 2517 convictus
2622 2498 2641 2531 ,
2691 2448 2843 2515 talis
2899 2448 2984 2513 sit
3031 2446 3293 2514 inabilis
3363 2446 3474 2514 ad
3533 2454 3722 2511 actus

838 2547 1212 2614 scolasticos
1254 2548 1685 2622 exercendum
1740 2559 1805 2615 et
1857 2548 1943 2615 ad
2000 2548 2282 2639 aliquem
2329 2548 2434 2615 vel
2489 2549 2740 2637 aliquos
2793 2546 3308 2659 promovendum
3353 2546 3464 2614 ad
3509 2566 3714 2612 unum

840 2670 1082 2713 annum
1098 2697 1119 2730 ,
1182 2670 1303 2714 nec
1364 2647 1451 2714 ad
1509 2648 1847 2715 consilium
1907 2648 2238 2715 facultatis
2255 2698 2275 2733 ,
2341 2650 2397 2715 si
2461 2648 2542 2714 de
2603 2648 2775 2713 facto
2835 2648 2904 2711 in
2959 2670 3034 2715 eo
3089 2669 3220 2714 non
3275 2648 3500 2713 fuerit
3519 2694 3542 2729 ,
3587 2645 3716 2709 nisi

839 2768 911 2813 se
954 2750 1313 2814 eorrexerit
1366 2758 1433 2815 et
1482 2747 1775 2815 facultati
1834 2750 2082 2817 arcium
2129 2770 2322 2836 super
2379 2748 2502 2815 hoc
2557 2746 2980 2815 sufficientem
3037 2746 3389 2817 emendam
3453 2746 3710 2827 fecerit,

752 2854 823 2912 20
841 2854 1227 2915 assumatur.

1391 3019 1447 3082 6.
1502 3010 1621 3103 [Bl.
1654 3010 1759 3102 6¹²]
1817 3032 1913 3082 ns
1954 3032 2262 3082 Dscsu'n
2302 3032 2562 3081 marm
2602 3027 3124 3080 mms'raoauu.

1003 3147 1249 3234 Placet,
1292 3148 1467 3240 quod
1507 3148 1747 3237 singuli
1776 3148 2076 3236 magistri
2111 3149 2360 3214 arcium
2389 3146 2691 3218 decenter
2734 3146 3054 3216 habituati
3091 3146 3404 3218 incedant
3451 3143 3699 3217 calceis

838 3271 971 3316 non
994 3251 1311 3334 rostratis,
1352 3248 1581 3338 palleis
1609 3259 1673 3315 et
1697 3251 1935 3316 tunicis
1976 3272 2106 3319 non
2147 3249 2414 3314 nimium
2457 3249 2808 3316 accurtatis
2849 3258 2914 3314 et
2955 3247 3186 3334 caligis
3229 3246 3592 3328 florisatis3
3637 3251 3700 3308 et

838 3357 1052 3416 vestes
1093 3351 1353 3419 omnino
1386 3349 1759 3415 indecentes
1788 3347 2048 3438 publice
2089 3370 2220 3414 non
2262 3347 2576 3431 deferant,
2619 3347 2854 3433 quibus
2899 3347 3300 3436 magistralis
3339 3369 3482 3414 non
3525 3365 3694 3412 com·

756 3457 823 3516 2⁵
838 3447 1179 3516 mandatur
1220 3448 1525 3536 dignitas,
1566 3458 1633 3514 et
1670 3451 1727 3514 si
1769 3450 1879 3537 qui
1924 3471 2110 3514 secus
2152 3447 2426 3516 fecerint
2465 3457 2548 3530 et,
2591 3469 2786 3536 super
2831 3446 2958 3515 hoc
2993 3470 3035 3516 a
3073 3447 3321 3520 decano
3364 3442 3694 3534 requisiti,

838 3571 909 3616 se
954 3548 1301 3616 emendare
1338 3571 1468 3616 non
1510 3549 1885 3614 curaverint
1898 3597 1917 3631 ,
1962 3547 2046 3614 ab
2091 3547 2391 3614 omnibus
2431 3545 2684 3614 actibus
2743 3545 3102 3614 scolasticis
3147 3555 3211 3612 et
3253 3543 3689 3618 emolimentis

838 3648 1165 3717 facultatis
1206 3649 1335 3714 sint
1377 3648 1696 3735 suspensi,
1739 3646 1947 3716 donec
1984 3647 2278 3714 facultati
2321 3645 2724 3712 reconciliati
2761 3646 3002 3714 filerint
3037 3655 3101 3712 et
3141 3667 3290 3714 cum
3331 3645 3576 3715 effectu
3611 3640 3690 3710 de

840 3748 957 3816 tali
996 3745 1449 3816 inobediencia
1490 3756 1555 3812 et
1600 3746 2123 3834 transgressione
2165 3748 2388 3813 statuti
2435 3745 2766 3813 facultatis
2811 3745 3266 3818 satisfecerint.

922 3938 981 3999 7.
1022 3937 1395 4002 sna-urum
1422 3947 1874 4002 concnmus
1903 3943 2264 4000 ascroms
2293 3945 2740 4012 ranseoen,
2783 3944 2974 4008 quon
3009 3946 3118 3998 ms
3159 3945 3328 4000 asos
3365 3941 3604 3998 amr

758 4039 827 4099 30
1420 4048 1748 4098 TEMPORE
1791 4045 2310 4097 Assmiu'noms
2352 4045 2746 4094 assam-ur.
2787 4045 3110 4095 Emsmffl.

1009 4163 1283 4248 Placuit,
1326 4173 1397 4229 ut
1427 4165 1611 4250 rigor
1647 4163 2024 4230 scolasticus
2062 4163 2320 4228 omnino
2360 4169 2654 4226 servetur
2682 4161 2753 4226 in
2787 4160 3216 4248 paedagogio,
3260 4161 3435 4251 quo'd
3479 4165 3677 4226 recto·

845 4289 950 4332 res
988 4287 1103 4330 seu
1131 4273 1549 4330 conventores
1584 4261 1872 4328 eiusdem
1910 4285 2056 4328 cum
2095 4259 2432 4348 diligentia
2467 4269 2651 4326 actus
2689 4260 2938 4328 ibidem
2977 4262 3340 4348 respitiant,
3379 4262 3474 4326 ita
3511 4253 3676 4348 quod

846 4365 1083 4452 aliquis
1124 4385 1347 4430 eorum
1387 4365 1457 4427 in
1507 4384 1788 4449 persona
1830 4362 2103 4450 propria
2157 4359 2396 4426 habeat
2451 4383 2652 4426 unum
2707 4371 2924 4428 actum
2977 4361 3468 4448 resumptionis,
3521 4358 3676 4423 hora

846 4475 1065 4532 tamen
1118 4485 1238 4552 per
1276 4462 1652 4530 facultatem
1696 4461 2039 4550 deputata,
2099 4461 2229 4525 nisi
2283 4456 2590 4525 absencia
2639 4459 2767 4526 loci
2821 4469 2935 4525 aut
2989 4460 3332 4526 infirmitas
3386 4459 3671 4525 obstaret.

763 4576 831 4634 35
846 4565 1065 4635 Debet
1102 4572 1323 4630 tamen
1359 4563 1487 4630 hoc
1531 4584 1687 4628 casu
1731 4560 1975 4628 habere
2027 4582 2226 4626 unum
2277 4557 2606 4646 ydoneum
2661 4561 3078 4650 magistrum,
3143 4561 3254 4649 qui
3313 4561 3452 4626 eius
3507 4557 3671 4622 vices

848 4664 1152 4753 suppleat
1170 4713 1189 4748 ,
1252 4685 1335 4732 ne
1376 4661 1537 4732 fiant
1576 4661 2013 4748 negligentiae
2053 4659 2318 4728 ibidem.
2417 4658 2585 4726 Item
2633 4657 2872 4726 debent
2929 4657 3206 4748 praefati
3264 4665 3670 4728 conventores

850 4764 1196 4852 diligenter
1236 4763 1567 4850 respicere
1596 4771 1602 4776 '
1628 4761 1993 4828 clausuram
2043 4759 2270 4826 domus
2313 4757 2706 4847 paedagogii
2722 4806 2741 4841 ‚
2787 4759 2883 4826 sic
2923 4758 3100 4850 quod
3140 4757 3358 4830 debito
3397 4769 3671 4845 tempore

847 4875 983 4937 tam
1023 4865 1094 4931 in
1136 4871 1383 4930 aestate
1424 4883 1621 4946 quam
1674 4861 1743 4929 in
1794 4858 2028 4948 hyeme
2082 4856 2422 4926 claudatur
2465 4868 2528 4923 et
2582 4857 2933 4946 aperiatur.
3019 4858 3110 4931 Et
3150 4857 3454 4930 clausura
3491 4857 3666 4932 facts,

850 4967 990 5032 sine
1034 4962 1303 5053 speciali
1342 4959 1605 5026 licentia
1649 4961 2058 5028 conventoris
2078 5007 2096 5042 ,
2138 4957 2461 5044 legittima
2501 4979 2734 5024 caussa
2777 4967 3100 5042 cessante,
3139 4959 3339 5028 ianua
3375 4977 3505 5028 non
3539 4974 3666 5022 rea-

764 5075 835 5134 40
856 5066 1166 5152 periatur.
1246 5063 1411 5128 Item
1454 5057 1841 5147 provideant
1883 5081 2001 5145 per
2046 5065 2224 5125 certa
2266 5065 2506 5126 statuta
2545 5055 2882 5148 poenalia,
2923 5079 3006 5126 ne
3049 5053 3130 5126 de
3185 5057 3292 5126 die
3331 5057 3494 5128 fiant
3531 5053 3666 5123 effu·

940 5287 962 5339 1
1004 5280 1113 5338 Am
1146 5278 1370 5338 Raude:
1404 5277 1708 5336 Iun-amona·
1741 5275 2018 5347 obliqacio
2053 5275 2272 5332 sublata
2304 5283 2383 5332 eet
2413 5277 2628 5332 dccv-m
2647 5275 2952 5346 facultatis
2991 5277 3132 5342 1520.
