4038 6358
896 567 1015 639 228
2027 567 2137 618 Das
2174 568 2349 618 kleine
2388 567 2596 633 colleg.

885 763 1057 818 stare
1101 753 1432 817 dictamini
1482 753 1746 818 maioris
1792 762 1857 816 et
1911 751 2186 816 sanioris
2230 751 2436 837 partis
2492 748 2767 836 collegii,
2827 749 2945 815 sub
2991 772 3202 836 poena
3243 750 3436 814 unius
3476 749 3692 836 floreni,

886 856 941 917 si
985 875 1183 918 causa
1225 853 1405 939 prius
1451 874 1568 939 per
1612 852 2052 939 praepositum
2098 847 2318 914 decisa
2358 858 2422 913 et
2462 849 2855 915 concordata
2898 872 3026 915 non
3068 850 3279 915 fuerit.

2161 1033 2410 1046 —u-——v——d—

1043 1169 1143 1232 28.
1189 1164 1309 1253 [Bl.
1355 1164 1458 1254 4⁸]
1511 1166 1701 1232 Anno
1745 1165 1989 1231 domini
2031 1165 2371 1231 millesimo
2416 1164 3051 1250 quadringentesimo
3097 1169 3175 1231 38
3217 1161 3578 1228 conclusum
3613 1175 3696 1229 est

883 1264 1301 1351 collegialiter
1341 1289 1458 1352 per
1500 1288 1719 1331 omnes
1763 1268 2112 1352 magistros
2156 1264 2498 1352 collegium
2552 1263 2981 1350 personaliter
3038 1270 3589 1350 repraesentantes
3623 1300 3696 1310 —

800 1373 832 1426 ὃ
886 1385 971 1427 ex
998 1386 1122 1450 quo
1152 1366 1336 1430 iuxta
1369 1364 1849 1430 ordinacionem
1893 1366 2259 1452 principum
2305 1364 2555 1429 duobus
2598 1364 2947 1451 magistris,
2990 1362 3215 1429 ultimo
3259 1384 3340 1427 ac
3380 1364 3698 1428 novissime

883 1462 1272 1529 intrantibus
1316 1446 1672 1550 collegium,
1730 1466 1799 1528 in
1855 1465 1988 1529 suis
2034 1487 2162 1529 non
2219 1474 2316 1527 est
2372 1462 2734 1528 redditibus
2795 1465 3130 1550 provisum
3149 1465 3183 1546 ¹,
3243 1461 3331 1527 ad
3387 1461 3696 1526 utilitatem

885 1583 1126 1646 eorum,
1171 1565 1555 1649 praesertim
1596 1565 1887 1650 ipsorum
1928 1585 2052 1628 nec
2093 1585 2225 1628 non
2264 1560 2519 1648 collegii
2557 1562 2836 1628 honores
2874 1600 2957 1608 ——
3000 1561 3172 1649 quod
3214 1561 3387 1626 idem
3429 1563 3696 1647 magistri

884 1659 1148 1726 bursam
1192 1661 1443 1748 collegii
1499 1661 1785 1727 eiusdem
1836 1672 2070 1747 regant
2110 1661 2378 1726 honeste
2422 1671 2484 1726 et
2525 1660 2846 1745 decenter,
2909 1660 3028 1726 sub
3086 1660 3268 1727 lucro
3326 1670 3390 1725 et
3443 1659 3697 1748 dampno

883 1760 1267 1826 eorundem²
1340 1770 1404 1826 et
1469 1761 1872 1847 singulorum
1946 1762 2406 1847 magistrorum
2470 1760 2809 1848 collegium
2872 1762 3510 1848 repraesentancium
3577 1763 3700 1825 sine

804 1869 869 1924 10
884 1860 1114 1926 fraude
1156 1869 1220 1926 et
1262 1860 1409 1928 dolo
1446 1860 1807 1943 locandam,
1854 1860 2060 1927 donec
2103 1860 2441 1947 collegium
2488 1859 2675 1926 aliter
2717 1859 3106 1949 providebit.

1045 2183 1144 2245 29.
1182 2175 1376 2242 Anno
1409 2176 1651 2243 domini
1690 2177 2028 2243 millesimo
2058 2177 2694 2266 quadringentesimo
2723 2175 3245 2263 quadragesimo,
3288 2178 3454 2243 feria
3497 2200 3698 2242 secun·

880 2277 966 2342 da
1019 2286 1168 2341 ante
1210 2278 1347 2341 Viti
1400 2282 1592 2356 (1440
1637 2283 1694 2340 d.
1743 2284 1836 2345 13.
1878 2281 2079 2359 Juni),
2136 2275 2557 2362 collegialiter
2595 2275 2968 2341 conclusum
3009 2288 3139 2341 est:
3218 2299 3300 2342 ex
3359 2299 3483 2365 quo
3535 2297 3704 2363 pecu·

879 2376 1008 2458 nia,
1049 2398 1171 2462 pro
1217 2375 1486 2463 collegio
1532 2399 1651 2463 pro
1688 2367 1814 2442 uno
1860 2375 2200 2461 collegiato
2242 2385 2395 2439 tunc
2439 2375 2766 2463 deputata,
2810 2399 2928 2464 pro
2972 2398 3099 2441 uno
3139 2371 3390 2441 medico
3434 2398 3475 2440 a
3516 2375 3701 2440 domi-

881 2476 983 2539 nis
1025 2485 1379 2558 reservata,
1435 2478 1547 2562 qui
1601 2498 1721 2562 pro
1767 2474 1991 2541 eodem
2036 2477 2131 2540 et³
2183 2476 2364 2561 prius
2406 2497 2536 2540 non
2591 2489 2731 2540 erat
2788 2474 3046 2557 electus,
3099 2474 3184 2539 ad
3239 2497 3471 2539 manus
3522 2476 3708 2560 magi·

803 2584 864 2640 15
889 2585 1168 2640 strorum
1234 2575 1559 2660 pervenit,
1622 2573 1866 2661 placet,
1926 2574 2100 2662 quod
2166 2573 2392 2640 eadem
2454 2576 2728 2661 pecunia
2791 2574 2877 2639 ad
2939 2574 3414 2662 prohibendum
3475 2575 3710 2638 ruinam

884 2674 1139 2760 collegii
1202 2684 1265 2739 et
1322 2676 1391 2739 in
1451 2696 1592 2739 esse
1650 2674 2167 2740 conservandum
2225 2697 2343 2761 pro
2402 2672 2851 2761 praesentibus
2908 2684 2974 2738 et
3025 2675 3256 2739 futuris
3314 2676 3385 2738 in
3441 2672 3711 2738 eiusdem

890 2773 1234 2838 utilitatem
1279 2773 1713 2856 convertatur,
1758 2783 1822 2838 et
1865 2775 1920 2838 si
1966 2773 2194 2839 eadem
2236 2774 2515 2861 repetita
2566 2796 2607 2838 a
2649 2772 2918 2859 collegio
2961 2774 3171 2857 fuerit,
3217 2773 3393 2861 quod
3432 2774 3710 2860 magistri

885 2895 1003 2959 pro
1046 2882 1359 2959 tempore,
1405 2896 1529 2961 quo
1574 2874 1853 2960 repetita
1893 2875 2107 2956 fuerit,
2153 2872 2490 2959 collegium
2534 2881 3093 2960 repraesentantes
3135 2872 3630 2960 respondebunt.

1053 2977 1148 3040 30.
1189 2973 1354 3038 Item
1382 2971 1651 3059 quilibet
1690 2975 2172 3059 magistrorum,
2220 2973 2356 3037 sive
2397 2994 2707 3058 praesens
2751 2974 2887 3038 sive
2927 2971 3183 3056 absens,
3227 2973 3501 3058 singulis
3544 2975 3710 3038 annis

801 3072 1072 3137 20dabit
1112 3073 1484 3160 praeposito
1524 3072 1667 3159 ipso
1712 3071 1817 3137 die
1863 3073 2073 3158 sancti
2118 3069 2292 3136 Galli
2350 3078 2433 3146 (d.
2483 3077 2571 3138 ¹6.
2618 3075 2895 3148 October)
2946 3077 3021 3138 12
3064 3095 3328 3158 grossos
3371 3094 3492 3158 pro
3535 3071 3712 3157 lignis

888 3171 1342 3260 comparandis
1401 3170 1487 3236 ad
1542 3169 2045 3254 calefactionem,
2102 3194 2372 3257 quorum
2429 3170 2555 3237 duo
2613 3173 2828 3257 grossi
2889 3171 3125 3239 cedant
3181 3171 3556 3239 calefactori
3604 3193 3709 3259 pro

883 3271 1127 3355 labore,
1167 3272 1414 3338 residui
1455 3295 1574 3359 pro
1617 3272 1830 3358 lignis.
2979 3258 2988 3269 “

1049 3427 1361 3486 Hier-nach
1421 3446 1628 3485 waren
1684 3427 1779 3486 ΒΖ.
1826 3424 1906 3487 4¹>
1953 3427 2080 3483 und
2131 3426 2226 3483 ΒΖ.
2281 3428 2317 3487 5
2377 3427 2497 3483 Ieer
2545 3424 2864 3500 qeblieben,
2923 3428 3090 3484 darm
3148 3427 3454 3502 beyannen
3507 3427 3599 3485 ΒΖ.
3640 3428 3716 3489 6⁸

883 3522 1307 3588 Memoranda
1351 3521 1669 3610 quaedam
1713 3530 1971 3586 vetusta
2014 3518 2270 3606 collegii
2311 3519 2393 3583 ab
2441 3541 2609 3583 anno
2660 3526 2835 3603 1440,
2890 3525 2984 3583 die
3035 3526 3199 3584 nicht
3252 3525 3317 3583 in
3373 3528 3486 3584 das
3529 3525 3714 3585 Statu·

808 3633 874 3689 25
896 3627 1157 3699 tenbuck,
1214 3627 1475 3685 sondern
1518 3625 1582 3683 in
1626 3627 1739 3684 den
1783 3625 1877 3683 die
1920 3623 2228 3701 eiqentliclz
2263 3621 2751 3700 yeschichtlichen
2801 3623 3051 3690 Quellen
3096 3626 3514 3684 euchaltenden
3551 3624 3718 3684 Band

877 3727 1153 3803 yehb‘ren.

955 4257 1003 4308 2.
1043 4256 1167 4307 DIE
1206 4255 1589 4307 STATUTEN
1627 4255 1783 4306 VOM
1819 4254 2053 4306 JAHRE
2094 4255 2286 4321 1497l8.
2322 4256 2456 4306 ΜῘΤ
2489 4245 2863 4307 ΖΗὸᾸΤΖΕΝ
2899 4254 3013 4306 BIS
3049 4255 3196 4307 ZUM
3230 4255 3465 4307 JAHRE:
3506 4257 3642 4308 1537.

1648 4369 1957 4425 Redaction
1991 4370 2091 4424 des
2123 4368 2342 4425 Iohann
2374 4368 2546 4424 Fabri
2580 4370 2650 4424 de
2685 4369 2971 4425 Werdea.⁴

1047 4503 1291 4571 Liber
1348 4512 1855 4570 statutorum
1912 4504 2248 4592 collegii
2304 4507 2748 4593 principis,
2805 4527 2889 4570 ex
2947 4506 3397 4570 commissione
3440 4505 3708 4571 domino·

801 4617 1027 4673 30rum
1079 4605 1537 4691 magistrorum
1590 4603 2080 4691 collegiatorum
2133 4605 2420 4671 eiusdem
2477 4604 2731 4691 collegii
2790 4627 2910 4693 per
2967 4604 3115 4670 Ioh
3135 4627 3417 4671 annem
3475 4606 3713 4672 Fabri

1041 4846 1063 4897 1
1101 4840 1233 4913 vgl.
1269 4839 1413 4896 oben
1448 4845 1495 4909 7,
1530 4844 1594 4896 25
1616 4837 1693 4910 fg.
1729 4842 1793 4894 29
1816 4836 1894 4909 fg.
2029 4842 2059 4894 2
2095 4839 2366 4893 omnium.²

1034 4932 1065 4982 3
1099 4925 1316 5022 autom?
1350 4923 1463 5045 unt}
1497 4923 1657 4980 sollte
1693 4921 1786 4979 fiir
1814 4941 1928 4994 pro
1953 4923 2140 4978 eodem
2174 4928 2316 4979 etwa
2348 4939 2419 4978 zu
2452 4922 2601 4978 lesen
2637 4922 2755 4978 sein
2783 4939 2898 4994 pro
2934 4922 3120 4977 eadem
3153 4920 3430 4996 [pecunia]
3470 4923 3601 4980 oder
3626 4941 3714 4994 per

884 5010 1488 5164 ωθᾱῖηΙξιιἭὲιεέαΙ
1535 5089 1799 5159 erhalten,
1838 5108 1947 5147 von
1987 5090 2108 5146 Ioh.
2146 5089 2317 5147 Fabri
2364 5089 2537 5146 selbst
2580 5087 2971 5163 geschrieben3
3021 5090 3134 5162 vgl.
3173 5089 3452 5149 Urkundl.
3492 5090 3705 5158 Quellen

888 5175 943 5232 S.
977 5180 1076 5230 755
1109 5173 1205 5247 fg„
1250 5193 1335 5231 wo
1374 5175 1519 5231 auch
1556 5175 1657 5229 das
1688 5174 2195 5248 Entstehungsjahr
2229 5174 2409 5231 dieser
2442 5173 2704 5233 Statuten
2741 5173 3157 5246 nachgewiesen
3202 5174 3294 5232 ist.
3353 5174 3465 5232 Die
3495 5173 3703 5232 Beziffe-

890 5277 1031 5331 rung
1062 5258 1221 5315 rtihrt
1252 5277 1363 5315 von
1395 5258 1500 5313 mir
1532 5257 1644 5315 her.
