4038 6358
809 599 889 666 56
1764 601 1866 651 Die
1902 600 2142 652 Statuten
2174 616 2299 653 vom
2330 603 2495 653 Jahn-e
2539 608 2666 654 1410

973 789 1030 849 5.
1080 781 1243 845 Item
1296 781 1366 845 in
1418 781 1609 848 domo
1653 786 1974 849 communi
2012 786 2393 871 percuciens
2436 786 2540 850 vel
2584 785 2712 851 alio
2754 784 2944 852 modo
2983 786 3291 853 iniuriose
3338 805 3703 872 corpora-

805 884 952 949 liter
1006 881 1367 963 offendens,
1427 882 1592 946 citra
1643 893 1860 948 tamen
1917 885 2252 971 sanguinis
2302 885 2677 951 effusionem
2729 883 2831 950 vel
2877 886 3188 951 offensam
3234 882 3343 973 [12
3363 881 3430 972 b]
3483 905 3704 951 enor-

804 1005 971 1048 mem
984 1031 1004 1065 ,
1061 980 1341 1069 aliquem
1401 981 1847 1048 circulatorem
1903 983 2010 1050 vel
2049 984 2360 1050 famulum
2403 986 2689 1050 civitatis
2731 985 2798 1049 in
2838 986 3110 1071 negocio
3154 986 3467 1051 civitatis
3483 1033 3508 1067 ,
3581 992 3711 1049 aut

803 1080 1115 1148 famulum
1154 1082 1592 1147 universitatis
1636 1084 1706 1147 in
1746 1086 2007 1170 negotio
2040 1085 2506 1169 universitatis,
2552 1084 2764 1151 solvat
2799 1084 2961 1151 duos
2984 1084 3261 1151 florenos
3285 1108 3424 1173 pro
3459 1105 3708 1173 poena

756 1193 791 1248 5
814 1181 921 1248 vel
959 1179 1182 1246 sedeat
1222 1181 1290 1244 in
1330 1183 1496 1246 turri
1537 1205 1654 1268 per
1695 1183 2107 1270 quindenam.

971 1286 1031 1348 6.
1086 1279 1158 1344 Si
1212 1301 1367 1345 vero
1425 1281 1493 1344 in
1533 1279 1675 1346 loco
1719 1285 2126 1371 praescripto
2170 1283 2450 1370 aliquem
2493 1281 2575 1349 de
2615 1282 2970 1369 praedictis
3012 1285 3323 1350 iniuriose
3365 1280 3700 1349 offende-

808 1383 896 1448 rit
949 1379 1035 1445 ad
1087 1380 1423 1466 sanguinis
1479 1379 1852 1446 effusionem
1895 1383 1999 1448 vel
2045 1382 2357 1448 offensam
2402 1404 2765 1464 enormem,
2824 1384 2987 1448 citra
3029 1393 3248 1449 tamen
3289 1382 3701 1450 mutilacio·

805 1504 953 1547 nem
969 1530 987 1563 ‚
1043 1480 1112 1543 in
1161 1488 1436 1566 quatuor
1491 1478 1752 1545 florenis
1804 1484 2112 1569 puniatur
2153 1481 2258 1547 vel
2300 1481 2523 1547 sedeat
2563 1483 2631 1546 in
2673 1483 2843 1546 turri
2882 1505 3002 1569 per
3044 1505 3351 1548 mensem.
3449 1481 3700 1547 Extra

805 1603 962 1649 vero
1005 1578 1214 1644 locum
1252 1578 1654 1666 praedictum
1697 1578 1975 1665 aliquem
2019 1583 2101 1647 de
2141 1580 2636 1646 circulatoribus
2683 1579 2784 1645 vel
2827 1582 3086 1647 famulis
3128 1583 3425 1648 civitatis
3461 1583 3546 1646 in
3580 1604 3698 1645 ne-

729 1693 794 1749 10
813 1681 1004 1769 gocio
1061 1679 1343 1743 civitatis
1397 1678 1704 1745 iniuriose
1761 1680 2181 1767 corporaliter
2221 1680 2551 1746 offendens
2595 1681 2702 1746 vel
2749 1683 3162 1770 percuciens,
3217 1683 3386 1747 citra
3449 1689 3700 1745 tamen

809 1779 1148 1866 sanguinis
1217 1777 1590 1842 effusionem
1645 1777 1748 1843 vel
1807 1780 2117 1845 offensam
2168 1802 2527 1864 enormem,
2600 1779 2813 1846 solvat
2880 1804 3074 1847 unum
3137 1781 3471 1848 florenum
3563 1802 3695 1867 pro

812 1902 1027 1969 poena
1068 1876 1175 1943 vel
1219 1876 1441 1943 sedeat
1478 1878 1545 1942 in
1588 1879 1752 1942 turri
1796 1901 1913 1965 per
1957 1879 2095 1945 dies
2138 1889 2304 1945 octo.

979 1983 1036 2044 7.
1092 1976 1165 2043 Si
1202 1998 1358 2042 vero
1403 1976 1489 2041 ad
1528 1981 1862 2066 sanguinis
1906 1980 2282 2046 effusionem
2323 1980 2429 2045 vel
2473 1980 2784 2046 offensam
2827 2004 3183 2064 enormem,
3224 1983 3393 2047 citra
3443 1990 3692 2046 tamen

808 2078 1287 2145 mutilacionem
1300 2126 1318 2159 ‚
1377 2085 1565 2145 extra
1618 2078 1833 2145 locum
1878 2079 2285 2165 praedictum
2330 2079 2609 2167 aliquem
2652 2080 2735 2146 de
2781 2082 3208 2169 praescriptis
3251 2080 3690 2147 circulatori-

727 2189 791 2246 15
811 2180 934 2246 bus
990 2176 1095 2242 vel
1147 2176 1406 2243 famulis
1459 2178 1740 2244 civitatis
1791 2181 1861 2243 in
1916 2181 2187 2265 negocio
2232 2179 2518 2245 civitatis
2558 2179 2928 2263 offenderit,
2982 2181 3052 2245 in
3090 2180 3341 2247 duobus
3385 2180 3687 2247 florenis

809 2281 1116 2368 puniatur
1161 2277 1265 2344 vel
1308 2276 1589 2343 sedeat
1572 2302 1639 2343 m
1678 2280 1845 2345 turri
1886 2301 2004 2365 per
2048 2278 2460 2367 quindenam.

1013 2377 1247 2445 ‚Item
1301 2380 1357 2443 si
1402 2379 1557 2465 quis
1613 2376 1891 2466 aliquem
1936 2377 2017 2443 de
2060 2376 2551 2445 circulatoribus
2595 2378 2700 2445 vel
2740 2324 2999 2446 famulis
3044 2403 3104 2445 ci
3084 2376 3222 2468 [13
3235 2377 3548 2469 ⁸]vitatis
3593 2379 3672 2443 in

803 2479 1073 2567 negocio
1132 2480 1416 2543 civitatis
1471 2487 1584 2543 aut
1636 2476 1948 2545 famulum
1996 2479 2435 2545 universitatis
2477 2480 2544 2544 in
2588 2481 2882 2565 negocio
2898 2480 3341 2547 universitatis
3389 2477 3676 2545 mutila-

806 2581 1006 2662 verit,
1064 2580 1130 2643 in
1176 2588 1321 2647 octo
1363 2577 1626 2643 florenis
1668 2578 1974 2665 puniatur
2016 2578 2118 2644 vel
2165 2578 2447 2644 sedeat*
2428 2603 2496 2644 ιιι
2537 2581 2700 2644 turri
2742 2602 2859 2665 per
2900 2578 3065 2646 duos
3108 2601 3382 2645 menses.

724 2689 793 2745 20
977 2682 1037 2744 9.
1089 2676 1253 2743 Item
1292 2675 1605 2743 violenter
1644 2676 1912 2742 trudens
1954 2678 2060 2743 vel
2099 2679 2419 2765 proiciens
2461 2678 2546 2744 ad
2589 2679 2888 2762 hostium,
2931 2680 3278 2744 fenestram
3307 2678 3412 2743 vel
3456 2677 3677 2743 aliam

809 2787 1066 2867 partem
1124 2776 1354 2842 domus
1396 2778 1463 2841 in
1504 2776 1646 2843 loco
1689 2789 1989 2864 suspecto
2032 2776 2137 2843 vel
2182 2788 2369 2843 extra
2406 2780 2479 2844 in
2521 2800 2903 2867 quocunque
2942 2777 3070 2844 alio
3112 2778 3252 2844 loco
3267 2828 3286 2862 ,
3344 2780 3526 2844 citra
3573 2786 3676 2842 ta-

808 2901 956 2944 men
1006 2885 1412 2963 rumpturam
1430 2927 1448 2959 ,
1508 2876 1718 2943 solvat
1776 2875 2122 2944 dimidium
2180 2876 2495 2944 florenum
2552 2901 2673 2965 pro
2714 2900 2925 2965 poena
2966 2877 3070 2947 vel
3113 2878 3337 2944 sedeat
3375 2879 3448 2943 in
3490 2877 3672 2942 turri

807 3002 925 3067 per
964 2978 1103 3043 dies
1145 2986 1442 3065 quatuor.
1529 2976 1601 3041 Si
1652 2998 1807 3041 vero
1865 2976 2127 3067 aliquod
2181 2976 2404 3042 talium
2459 2976 2773 3043 violenter
2814 2979 3066 3065 ruperit
3105 2978 3211 3043 vel
3251 2977 3670 3065 deposuerit,

805 3080 873 3144 in
917 3099 1033 3143 sex
1074 3077 1335 3142 florenis
1379 3077 1684 3162 puniatur
1724 3075 1830 3141 vel
1876 3100 1993 3164 per
2035 3101 2330 3167 mensem=
2355 3080 2811 3143 incarceretur.

725 3189 791 3244 25
980 3184 1071 3244 10.
1127 3176 1290 3243 Item
1344 3176 1591 3242 faciens
1626 3175 1960 3246 ‚clamores
2015 3177 2360 3245 horribiles
2422 3175 2525 3243 vel
2586 3177 2894 3265 strepitus
2949 3175 3271 3246 indebitos
3332 3185 3668 3244 nocturno

803 3290 1114 3367 tempore,
1158 3277 1263 3343 vel
1304 3286 1582 3361 vertens,
1625 3280 1935 3364 frangens
1977 3289 2090 3344 aut
2132 3287 2475 3365 asportans
2517 3276 2779 3364 aliquod
2822 3299 2940 3342 vas
2972 3299 3181 3365 aquae
3209 3286 3359 3342 ante
3386 3277 3666 3342 domum

805 3380 1121 3468 positum,
1179 3386 1291 3443 aut
1344 3377 1550 3442 eciam
1603 3390 1945 3466 asportans
1990 3402 2218 3444 currus
2262 3387 2374 3443 aut
2413 3376 2781 3443 consimiles
2825 3399 2960 3458 res,
3019 3378 3186 3441 citra
3241 3387 3462 3443 tamen
3519 3377 3658 3441 fur-

805 3488 939 3544 tum
957 3528 976 3561 ,
1022 3477 1232 3544 solvat
1271 3501 1469 3543 unum
1511 3476 1824 3543 florenum
1868 3501 1988 3565 pro
2031 3501 2244 3566 poena
2286 3477 2388 3542 vel
2430 3476 2655 3542 sedeat
2695 3477 2761 3540 in
2803 3478 2968 3543 turri
3007 3499 3127 3565 per
3169 3476 3307 3542 dies
3354 3491 3528 3543 octo·

973 3583 1068 3643 11.
1128 3578 1294 3643 Item
1339 3599 1584 3642 vocans
1627 3577 1907 3665 aliquem
1948 3579 2261 3643 iniuriose
2304 3599 2659 3665 „nequam,
2702 3574 3062 3659 ribaldum,
3109 3577 3430 3663 spurium,
3473 3598 3660 3641 men-

722 3677 1079 3744 30dacem“
1130 3677 1235 3743 vel
1290 3677 1607 3742 consimili
1650 3679 1911 3742 nomine
1952 3677 2166 3742 solvat
2209 3698 2327 3764 pro
2372 3698 2585 3764 poena
2627 3685 2901 3762 quatuor
2944 3697 3228 3763 grossos.
3315 3675 3448 3757 Qui
3490 3699 3658 3741 vero

808 3775 1069 3863 aliquod
1111 3775 1334 3842 talium
1375 3776 1443 3840 in
1484 3776 1934 3864 circulatorem
1975 3776 2078 3842 vel
2119 3775 2430 3841 famulum
2472 3778 2754 3841 civitatis
2799 3773 2970 3864 [13'2]
2988 3826 3005 3858 ‚
3053 3777 3122 3840 in
3163 3778 3434 3862 negocio
3477 3778 3646 3841 civi-

804 3877 959 3941 tatis
1001 3878 1416 3942 constitutum
1435 3925 1453 3957 ,
1502 3874 1769 3958 dixerit,
1813 3878 1881 3941 in
1921 3886 2065 3942 octo
2109 3877 2356 3963 grossis
2397 3878 2721 3964 puniatur.

982 3981 1078 4041 12.
1134 3975 1222 4040 Et
1275 3975 1662 4058 notandum,
1738 3976 1910 4062 quod
1981 3978 2049 4040 in
2110 3974 2408 4041 omnibus
2464 3984 2528 4040 et
2584 3974 2853 4060 singulis
2907 3978 3326 4063 praescriptis
3383 3975 3654 4042 casibus

812 4074 985 4140 ultra
1024 4097 1267 4160 poenas
1309 4083 1567 4138 taxatas
1612 4074 1931 4139 tenebitur
1976 4074 2307 4140 offendens
2352 4075 2727 4140 satisfacere
2769 4076 2940 4161 parti
2982 4073 3199 4140 laesae
3229 4077 3412 4141 iuxta
3444 4075 3653 4141 dicta-

725 4184 792 4240 35
814 4197 962 4239 men
1004 4176 1273 4238 rectoris
1321 4183 1384 4238 et
1422 4196 1681 4246 suorum
1728 4196 2126 4239 assessorum
2169 4172 2276 4238 vel
2321 4174 2630 4238 maiorem
2672 4183 2926 4261 partem
2969 4176 3296 4262 ipsorum,
3352 4176 3409 4241 si
3453 4175 3654 4241 offen-

814 4273 973 4339 dens
1019 4282 1084 4338 et
1120 4273 1331 4338 laesus
1372 4296 1502 4339 non
1542 4275 1827 4364 poterint
1868 4271 2058 4339 aliter
2104 4273 2504 4339 concordari.

982 4380 1075 4442 13.
1126 4372 1287 4438 Item
1328 4372 1574 4438 nullum
1617 4374 2026 4461 suppositum
2068 4373 2511 4437 universitatis
2552 4370 2811 4458 publice
2854 4382 3072 4438 teneat
3113 4395 3331 4438 secum
3357 4374 3423 4437 in
3456 4372 3650 4438 domo

810 4474 1097 4562 aliquam
1153 4473 1481 4538 mulierem
1541 4484 1935 4561 suspectam,
2004 4494 2213 4559 neque
2286 4493 2427 4535 cum
2488 4471 2603 4535 tali
2665 4470 2943 4555 habitet,
3012 4472 3130 4538 sub
3193 4494 3407 4560 poena
3457 4473 3649 4537 unius

812 4595 1186 4659 sexagenae
1228 4595 1437 4638 novae
1479 4572 1581 4637 vel
1624 4572 2169 4637 incarceracionis
2212 4593 2330 4657 per
2373 4592 2676 4636 mensem.

726 4686 794 4742 40
985 4679 1076 4738 14.
1126 4672 1287 4736 Item
1342 4673 1743 4758 suppositum
1800 4670 2273 4752 universitatis,
2335 4668 2594 4756 publice
2662 4668 2955 4737 deferens
3009 4671 3273 4759 pilleum
3326 4670 3648 4760 laycalem

810 4783 921 4841 aut
965 4772 1163 4839 alium
1200 4770 1494 4836 habitum
1532 4770 1934 4836 indecentem
1973 4768 2079 4834 vel
2120 4769 2329 4835 eciam
2367 4777 2680 4834 nocturno
2720 4780 3011 4858 tempore
3048 4772 3118 4837 in
3159 4771 3392 4859 plateis
3419 4769 3644 4836 velans

814 4874 1066 4956 faciem,
1108 4872 1178 4936 in
1221 4879 1497 4960 quatuor
1537 4871 1783 4957 grossis
1826 4870 2148 4956 puniatur.

930 4987 933 4990 ’
985 4979 1079 5038 15.
1106 4973 1127 5014 ¹
1181 4970 1344 5038 Item
1401 4970 1458 5034 si
1509 4971 1686 5036 circa
1739 4968 2074 5057 praedicta
2113 4967 2219 5034 vel
2261 4967 2525 5054 aliquod
2566 4971 2859 5056 ipsorum
2905 4970 3165 5059 aliquod
3211 4970 3479 5037 dubium
3520 4972 3644 5037 ori·

954 5292 979 5343 1
1019 5285 1129 5342 Am
1164 5286 1359 5343 Rande
1390 5304 1501 5341 non
1532 5286 1751 5358 aqam.
