4038 6358
941 665 1120 717 Vierte
1155 664 1676 733 Statutenredactiom
1715 681 1836 720 vom
1869 667 2037 719 Jahn-e
2073 668 2417 722 1499—1522.
3036 670 3156 734 433

238 863 398 906 sese
448 840 860 930 diligenter
904 857 1204 912 exerceat
1243 860 1308 914 et
1351 849 1648 915 adminus
1692 850 1885 915 semel
1930 851 2102 915 infra
2142 871 2425 914 mensem
2468 847 2554 912 ad
2595 847 2877 912 medium
2916 871 3157 914 annum

239 940 696 1008 immediate
749 955 900 1009 ante
942 944 1312 1012 electionem
1355 947 1583 1013 decani
1624 948 2122 1038 disputationem
2165 946 2566 1034 ingrediatur
2603 944 3029 1014 ordinariam:
3074 957 3156 1030 et,

239 1040 584 1127 legitimo
665 1054 978 1109 cessante
1035 1046 1524 1134 impedimento,
1578 1048 1746 1114 hanc
1800 1072 1927 1115 non
1985 1048 2305 1136 negligat,
2352 1047 2473 1112 sub
2516 1069 2726 1134 poena
2764 1046 3145 1113 inabilitatis

255 1150 608 1228 tempore
659 1165 794 1210 suo
837 1142 924 1209 ad
967 1143 1366 1212 decanatum.

920 1337 974 1397 4.
1034 1347 1154 1409 qm
1195 1349 1270 1396 m
1311 1348 1705 1398 annonem:
1744 1349 2001 1397 onem
2043 1348 2281 1397 vocnu
2322 1347 2575 1396 ΗΑΒΕΤ.
3206 1338 3240 1394 5

446 1492 732 1558 Nullus
757 1495 823 1560 in
847 1495 1154 1562 electione
1183 1496 1412 1562 decani
1454 1521 1680 1566 vocem
1719 1498 1978 1584 habeat,
2025 1498 2151 1563 nisi
2194 1498 2277 1562 sit
2316 1495 2397 1562 de
2436 1496 2703 1562 consilio
2734 1495 3062 1562 facultatis
3102 1511 3167 1560 et

270 1600 722 1678 actm-egens
762 1595 830 1659 in
873 1594 1118 1680 eadem,
1162 1608 1226 1662 et
1260 1597 1486 1664 habitu
1522 1597 1885 1685 magistrali
1918 1597 2199 1666 indutus.

1157 1787 1215 1847 5.
1257 1799 1352 1847 DE
1395 1799 1593 1850 MODO
1637 1799 1972 1848 Euenum
2013 1797 2363 1847 DEcAmm.

465 1942 767 2011 Electio
805 1945 1038 2012 decani
1079 1947 1148 2012 in
1190 1948 1360 2013 hunc
1396 1947 1656 2014 modum
1699 1948 1892 2015 debet
1931 1947 2264 2014 celebrari.
2316 1946 2535 2014 Primo
2572 1947 2689 2013 fiat
2725 1946 3013 2014 inductio
3056 1969 3174 2035 per

288 2064 502 2107 voces
553 2043 1010 2130 singulorum,
1065 2057 1131 2112 et
1170 2049 1227 2112 si
1287 2048 1495 2112 maior
1549 2070 1708 2135 pars
1761 2051 1830 2114 in
1887 2047 2162 2133 aliquem
2216 2048 2311 2112 sic
2362 2048 2785 2130 consenserit,
2851 2045 3001 2112 talis
3054 2055 3256 2134 proto

295 2140 572 2208 decano
623 2143 970 2212 habeatur.
1055 2145 1127 2213 Si
1168 2169 1326 2212 vero
1364 2148 1572 2213 maior
1615 2170 1771 2234 pars
1813 2149 1882 2212 in
1921 2146 2202 2235 aliquem
2242 2170 2373 2214 non
2412 2148 2827 2229 consenserit,
2869 2156 3025 2212 tunc
3088 2145 3175 2210 ad

299 2244 725 2309 scrutinium
768 2245 1188 2332 procedatur,
1271 2249 1339 2311 in
1381 2269 1507 2333 quo
1566 2249 1622 2312 si
1674 2246 1890 2312 nullus
1949 2248 2107 2330 erit,
2160 2247 2272 2312 fiet
2313 2250 2866 2334 compromissum.
2947 2246 3037 2311 Et
3081 2247 3177 2310 sic

304 2340 568 2408 electus
619 2345 698 2408 in
742 2342 1054 2410 decanum
1096 2348 1315 2412 statim
1349 2355 1600 2412 tenetur
1646 2346 1996 2412 decanatus
2052 2345 2330 2411 officium
2382 2368 2739 2429 assumere,
2791 2345 2909 2411 sub
2964 2367 3177 2433 poena

306 2443 512 2506 unius
582 2464 983 2530 sexagenae.
1067 2444 1156 2511 Et
1198 2445 1427 2512 decani
1473 2443 1594 2534 [Bl.
1647 2454 1675 2512 1
1694 2443 1748 2533 b]
1791 2447 2038 2532 antiqui
2084 2445 2364 2512 officium
2405 2467 2533 2510 non
2576 2444 2931 2532 expirabit,
2972 2443 3177 2510 donec

313 2541 387 2604 in
433 2540 782 2608 decanum
828 2544 923 2608 sic
961 2543 1201 2611 electus
1245 2545 1628 2632 acceptabit.
1714 2545 1787 2612 Si
1844 2567 1999 2611 vero
2060 2547 2155 2611 sic
2206 2545 2443 2611 electus
2500 2545 2849 2610 decanatus
2893 2542 3173 2608 officium
3194 2553 3255 2607 15

314 2661 677 2706 assumere
700 2651 1049 2726 recusaret,
1094 2646 1331 2710 totiens
1375 2645 1680 2732 quociens
1720 2643 1959 2709 electus
2003 2645 2215 2728 fuerit,
2258 2667 2455 2709 unam
2500 2665 2895 2729 sexagenam
2935 2642 3179 2730 persol-

319 2750 440 2804 vat
479 2740 819 2806 facultati.
901 2741 991 2808 Et
1032 2755 1376 2833 postquam
1417 2745 1671 2809 functus
1699 2743 1891 2808 fuerit
1919 2743 2132 2808 officio
2176 2742 2553 2826 decanatus,
2595 2753 2751 2809 tunc
2778 2741 3181 2830 peramplius

323 2839 411 2904 ad
456 2839 751 2906 eundem
794 2842 1247 2908 assumendum
1293 2842 1484 2909 debet
1522 2865 1663 2909 esse
1703 2842 1994 2926 inabilis,
2058 2843 2409 2908 dummodo
2464 2853 2681 2908 tamen
2724 2841 2837 2907 alii
2881 2843 3179 2928 magistri

327 2938 408 3004 de
447 2939 698 3006 eadem
747 2943 1008 3008 natione
1057 2944 1127 3008 in
1179 2941 1446 3009 consilio
1495 2942 1820 3008 facultatis
1876 2941 2082 3011 abiles
2140 2951 2204 3007 et
2262 2941 2501 3029 ydonei
2537 2945 2822 3030 poterint
2869 2941 3180 3029 reperiri3

325 3040 456 3104 nisi
512 3037 734 3108 eciam
786 3039 1020 3127 aliquis
1060 3044 1516 3128 magistrorum
1558 3054 1709 3130 post
1747 3041 2133 3108 decanatum
2187 3040 2270 3107 de
2314 3041 2605 3128 quolibet
2646 3043 2715 3106 in
2758 3039 3007 3106 artibus
3051 3039 3180 3105 dis·
3198 3046 3267 3104 20

333 3137 670 3226 putasset3
745 3140 894 3207 talis
965 3143 1134 3207 enim
1215 3143 1477 3210 racione
1557 3140 1923 3209 huiusmodi
2003 3141 2475 3231 disputacionis
2524 3140 2889 3209 laboriosae
2938 3150 3002 3207 et
3054 3140 3183 3205 fru-

335 3248 608 3307 ctuosae
654 3240 958 3327 eligibilis
1002 3241 1365 3309 censebitur
1406 3242 1494 3308 ad
1535 3241 1935 3308 decanatum.

505 3432 565 3493 6.
610 3444 708 3491 nn
756 3442 1159 3491 lumnam-o
1202 3443 1370 3492 novi
1413 3441 1688 3509 neom,
1735 3442 1926 3504 quon
1971 3441 2495 3491 ransomm'rna
2538 3426 3023 3491 PRAESTABIT.¹

511 3592 707 3680 „Ego
756 3591 850 3657 .N.
889 3594 1033 3657 iuro
1051 3641 1068 3670 ,
1131 3591 1304 3677 quod
1359 3600 1599 3658 statuta
1652 3600 1717 3656 et
1769 3589 2112 3656 statuenda
2168 3613 2288 3679 pro
2341 3590 2512 3658 bono
2568 3592 2895 3659 facultatis
2937 3592 3184 3658 arcium

350 3689 626 3757 firmiter
667 3690 863 3757 velim
905 3690 1254 3757 observare
1296 3701 1378 3775 et,
1403 3700 1729 3779 quantum
1771 3692 1839 3755 in
1880 3711 1983 3755 me
2023 3699 2141 3775 est,
2186 3692 2325 3756 sine
2362 3689 2511 3757 dolo
2552 3701 2617 3757 et
2655 3692 2884 3757 fraude
2928 3691 3012 3756 ab
3053 3713 3179 3756 om·
3200 3698 3265 3755 25

355 3788 548 3857 nibus
592 3790 810 3857 facere
851 3790 1252 3857 observari.“

518 3980 576 4040 7.
620 3990 869 4041 amnon
904 3962 1337 4040 'FAGULTATIS
1379 3980 1932 4040 mFRAs'CRIP'rUM
1970 3989 2343 4039 STATUTUM
2382 3991 2611 4040 LEGAT
2653 3992 2844 4041 NOVO
2887 3990 3187 4041 DECANO.

521 4140 687 4206 Item
731 4140 940 4229 quivis
984 4138 1268 4205 decanus
1313 4139 1392 4205 de
1433 4163 1602 4206 novo
1648 4148 2017 4227 assumptus
2066 4160 2226 4228 pure
2269 4148 2332 4205 et
2373 4140 2768 4228 simpliciter,
2809 4164 2938 4208 non
2975 4144 3044 4207 vi
3072 4151 3185 4207 aut

366 4258 577 4324 prece,
619 4240 1046 4327 promissione
1074 4247 1187 4306 aut
1228 4242 1468 4327 preci0,
1508 4262 1715 4327 neque
1757 4238 1884 4304 alio
1928 4238 2211 4327 impulsu
2239 4248 2301 4303 et
2339 4238 2868 4307 subordinatione
2891 4240 3185 4328 eligatur,

375 4338 668 4429 quodque
723 4340 865 4427 ipse
920 4342 989 4403 in
1043 4360 1160 4404 sua
1211 4340 1650 4426 assumptione
1701 4342 1871 4403 inter
1924 4338 2053 4404 alia
2110 4339 2211 4403 sui
2260 4339 2604 4403 iuramenti
2660 4340 2942 4427 capitula
2993 4342 3271 4406 etiam30

371 4436 582 4503 iurare
643 4447 972 4523 teneatur,
1028 4436 1202 4527 quod
1260 4460 1468 4523 neque
1506 4460 1626 4526 pro
1670 4439 1808 4502 eius
1853 4435 2196 4524 adeptione
2238 4461 2358 4526 per
2403 4459 2502 4521 se,
2562 4460 2768 4524 neque
2809 4462 2928 4527 per
2970 4439 3188 4522 alium,

372 4534 609 4603 directe
648 4560 762 4603 seu
811 4538 1158 4621 indirecte,
1240 4535 1499 4624 publice
1560 4537 1663 4602 vel
1716 4536 1998 4621 occulte,
2076 4539 2313 4603 institit
2361 4546 2474 4603 aut
2513 4560 2633 4625 per
2675 4538 2872 4604 alium
2917 4561 3030 4604 seu
3071 4562 3188 4626 per

378 4633 529 4702 alios
572 4639 816 4702 instare
856 4637 1028 4702 fecit.
1113 4634 1184 4701 Si
1255 4636 1399 4721 quis
1463 4644 1679 4702 autem
1728 4635 1852 4703 hoc
1904 4639 2330 4702 iuramentum
2382 4647 2719 4724 praestare
2772 4639 3187 4720 recusaverit,

376 4744 604 4803 extunc
644 4736 731 4803 ad
770 4736 1151 4803 decanatum
1193 4734 1372 4802 illum
1414 4733 1607 4800 debet
1642 4756 1784 4801 esse
1826 4734 2246 4802 inabilitatus.
2306 4735 2397 4801 Et
2437 4736 2697 4803 dicatis:
2739 4736 2925 4827 „Ego
2948 4738 3189 4804 iuro“.²

539 5006 564 5057 1
596 5001 713 5058 Die
744 5002 942 5058 Worte
971 5004 1134 5073 quod.
1161 5020 1224 5073 p.
1253 5020 1348 5073 pr.
1383 4999 1506 5055 sind
1543 5000 1974 5073 nachgetragen,
2008 5002 2153 5059 doch
2186 5000 2329 5057 wohl
2360 5001 2729 5074 gleichzeitig.

529 5091 562 5142 2
608 5086 714 5143 Die
746 5086 944 5143 Worte
981 5087 1064 5140 Et
1097 5086 1329 5143 dicatae.
1320 5106 1335 5119 ·
1367 5087 1442 5142 E.
1484 5087 1522 5141 ι’.
1560 5085 1682 5141 sind
1716 5102 1826 5141 von
1859 5086 2146 5143 del-selben
2178 5086 2349 5141 Hand
2390 5085 2804 5158 nachgetragen
2820 5123 2836 5156 ‚
2878 5088 2969 5143 die
3000 5088 3060 5143 in
3092 5084 3191 5145 der

387 5164 754 5227 Uebersehrist
807 5187 917 5225 von
977 5170 1076 5227 Nr.
1123 5176 1155 5227 6
1187 5170 1479 5241 nachtrug.
1547 5168 1659 5225 Am
1691 5170 1885 5227 Raude
1918 5170 2067 5226 steht
2101 5188 2210 5227 von
2242 5170 2473 5227 anderer
2507 5170 2706 5226 Hand:
2760 5172 2992 5241 Iurabit,
3041 5176 3193 5243 quod

393 5270 544 5325 neque
567 5274 680 5327 pro
718 5256 834 5311 eim
871 5255 1163 5325 adopaom
1187 5272 1295 5327 por
1324 5274 1382 5310 ae
1416 5256 1616 5309 institit
1646 5272 1814 5325 neque
1843 5273 1954 5326 per
1997 5256 2171 5309 alium
2214 5272 2308 5311 σαι
2340 5255 2489 5309 alios
2519 5256 2725 5310 instare
2743 5256 2909 5327 fecit
2948 5254 3190 5326 Reliqua

387 5340 688 5395 ominamur
723 5357 788 5394 σω
821 5340 1075 5395 emano
1114 5344 1241 5395 1522
1274 5341 1373 5395 mh
1407 5341 1676 5394 ἀει-απαήι
1707 5340 1938 5396 Ioannis
1969 5340 2128 5396 Mate
2167 5342 2399 5410 (152112).

500 5442 937 5481 antummum
966 5442 1084 5481 nn
1115 5442 1262 5483 nstv.
1294 5442 1533 5481 maxe.
2773 5416 2851 5479 28
