4038 6358
773 605 893 671 504
1742 605 1844 656 Die
1886 602 2327 669 philosophische
2368 603 2626 656 Facultsst.

775 787 1042 853 discant.
1126 788 1216 853 Et
1273 798 1344 853 ut
1397 787 1653 875 singula
1721 788 2088 875 praemissa
2147 787 2364 853 debite
2422 786 2880 868 observentur,
2940 783 3225 850 decanus
3289 806 3437 849 cum
3491 785 3610 850 suis

773 888 1227 954 executoribus
1270 886 1546 974 diligens
1591 886 1784 953 debet
1826 887 2107 975 desuper
2149 886 2461 953 adhibere
2518 886 2903 950 scrutinium
2960 895 3022 950 et
3076 884 3608 950 contrafacientes

775 1009 888 1052 seu
947 987 1332 1053 excedentes
1385 989 1648 1075 punire,
1696 985 1815 1051 sub
1871 1009 2087 1074 poena
2149 987 2475 1051 carentiae
2533 983 2854 1049 mercedis
2912 1007 3027 1050 suo
3080 995 3376 1071 tempore
3438 1006 3610 1071 prae·

772 1086 1042 1151 standae
1085 1097 1148 1152 et
1193 1089 1520 1151 carentiae
1562 1087 2042 1172 acturegentiae
2085 1109 2205 1173 per
2246 1084 2527 1151 medium
2586 1106 2864 1166 annum3
2925 1106 3157 1170 parum
3212 1085 3393 1149 enim
3454 1095 3612 1149 esset

680 1194 713 1250 5
770 1194 1013 1252 statuta
1058 1186 1355 1267 condere,
1399 1186 1524 1249 nisi
1566 1186 1717 1271 ipsa
1757 1186 2127 1250 executioni
2167 1183 2425 1250 debitae
2469 1182 3034 1249 demandarentur.

1137 1376 1229 1436 16.
1273 1387 1366 1433 DE
1413 1385 1805 1434 SOLUTIONE
1849 1386 2114 1434 PASTUS
2156 1384 2659 1433 EXERCENTIUM
2699 1383 2792 1431 ΕΤ
2834 1383 3262 1431 LEGENTIUM.

936 1493 1208 1581 Placet,
1241 1499 1411 1588 quod
1457 1499 1726 1583 quilibet
1766 1501 2052 1565 decanus
2111 1523 2229 1587 pro
2284 1509 2580 1585 tempore
2624 1500 2907 1564 existens
2953 1521 3082 1563 non
3124 1496 3323 1564 debet
3367 1497 3617 1563 solvere

776 1609 1034 1687 pastum
1082 1598 1272 1664 alicui
1329 1597 1634 1663 lectorum
1680 1598 1785 1664 vel
1836 1600 2272 1664 exercentium
2326 1601 2394 1662 in
2433 1600 2779 1686 ‘principio
2835 1599 3208 1664 mutationis
3251 1596 3358 1662 vel
3402 1597 3618 1683 incep-

773 1699 967 1763 tionis
1012 1720 1270 1763 suorum
1317 1707 1578 1762 actuum
1598 1747 1616 1780 ,
1672 1697 1784 1762 sed
1851 1698 2134 1763 medium
2202 1707 2458 1784 pastum
2516 1699 2584 1763 in
2651 1695 2865 1762 medio
2929 1698 3306 1763 mutationis
3370 1695 3617 1762 solvere

694 1809 755 1863 10
777 1797 970 1862 debet
1013 1819 1156 1862 esse
1197 1798 1553 1878 asstrictus,
1599 1798 1655 1862 si
1696 1797 1898 1863 lector
1942 1797 2221 1883 diligens
2264 1798 2461 1862 fuerit
2503 1807 2567 1863 et
2608 1799 2822 1886 ipsum
2866 1796 3315 1882 postulaverit,
3358 1796 3485 1862 hoc
3525 1805 3619 1860 est

769 1899 835 1962 in
877 1898 1085 1962 hieme
1127 1899 1301 1961 circa
1341 1897 1575 1961 festum
1618 1897 1827 1961 sancti
1863 1896 2087 1978 Pauli,
2132 1899 2199 1962 in
2243 1906 2490 1962 aestate
2536 1899 2711 1962 circa
2765 1897 2996 1960 festum
3055 1908 3321 1961 sanctae
3360 1895 3614 1982 Marga-

769 1996 1024 2077 retbae3
1070 1995 1397 2060 residuam
1430 2005 1704 2081 partem,
1740 1996 2009 2061 lectione
2040 1997 2241 2062 finita.
2328 1995 2462 2061 Sed
2502 1998 2835 2082 magistris
2872 1995 3331 2061 exercentibus
3361 2005 3616 2082 pastum

771 2094 1023 2160 solvere
1064 2117 1194 2159 non
1240 2094 1462 2176 debet,
1506 2096 1633 2158 nisi
1682 2096 2002 2161 exercicio
2047 2096 2244 2162 finito.
2333 2094 2552 2160 Debet
2606 2096 2802 2159 etiam
2846 2095 3115 2180 quilibet
3156 2096 3613 2181 magistrorum

780 2194 1217 2259 exercentium
1260 2202 1408 2257 ante
1452 2193 1738 2259 debitum
1783 2203 2038 2281 tempus
2080 2194 2367 2276 finiendi,
2413 2218 2454 2260 a
2491 2194 2798 2260 facultate
2842 2203 3160 2277 taxatum,
3204 2217 3395 2259 suum
3439 2216 3615 2259 exer·

686 2304 747 2358 15
774 2295 1005 2358 cicium
1059 2316 1189 2358 non
1246 2294 1629 2374 terminare,
1688 2292 1806 2357 sub
1864 2316 2076 2379 poena
2143 2293 2469 2359 carentiae
2526 2303 2754 2381 pastus
2814 2304 2878 2358 et
2932 2315 3064 2357 non
3119 2293 3616 2380 computationis

765 2393 1072 2457 exercicii
1128 2413 1249 2480 pro
1307 2394 1763 2477 acturegentia.
1851 2392 1975 2458 Est
2031 2401 2243 2457 autem
2299 2403 2557 2479 tempus
2609 2394 2745 2458 fere
2799 2393 3084 2458 omnium
3142 2392 3611 2456 exerciciormn

768 2501 1069 2580 quattuor
1126 2492 1439 2556 mensium
1458 2540 1477 2574 ,
1534 2490 1930 2576 phisicorum
1994 2502 2207 2556 autem
2276 2492 2559 2579 quinque
2580 2540 2598 2574 ,
2659 2499 2730 2556 ut
2793 2501 3036 2557 statuta
3097 2490 3380 2577 desuper
3446 2488 3619 2555 edita

765 2590 1010 2678 liquido
1053 2589 1416 2656 ostendunt.

775 2781 868 2840 17.
915 2769 1184 2860 [Bl.41⁸]
1230 2789 1597 2854 ΜΑαιεΤΕΒ,
1645 2790 2000 2838 RECIPIENS
2046 2789 2359 2850 Amouon
2405 2789 2854 2854 ammomum,
2895 2787 3175 2835 Dscmo
3208 2785 3617 2835 Pnom‘rn’r

682 2882 750 2938 20
1601 2890 1693 2936 m:
1735 2889 2145 2938 DILIGENTIA
2188 2890 2407 2937 mxu
2450 2890 2792 2938 surum.

941 3005 1032 3070 Ut
1076 3005 1336 3086 sciatur,
1390 3004 1498 3091 qui
1545 3005 1840 3089 magistri
1883 3012 1947 3069 et
1989 3006 2100 3091 qui
2153 3027 2284 3070 non
2341 3027 2461 3091 pro
2515 3013 2809 3092 tempore
2868 3003 3206 3090 disputant
3257 3024 3379 3070 sua
3431 3023 3615 3066 exer-

772 3105 939 3169 cicia
983 3113 1045 3168 et
1091 3104 1218 3167 sint
1260 3113 1736 3190 acturegentes,
1781 3104 2029 3191 placet,
2068 3103 2240 3189 quod
2287 3103 2558 3191 quilibet
2596 3105 3087 3190 magistrorum,
3130 3102 3458 3188 recipiens
3504 3100 3619 3165 ali·

779 3203 950 3291 quod
994 3205 1382 3267 exercicium
1427 3225 1547 3289 pro
1590 3205 2035 3289 acturegentia
2076 3215 2187 3269 aut
2230 3205 2428 3269 etiam
2475 3203 2900 3290 completione
2958 3203 3057 3266 sui
3119 3201 3384 3283 biennii,
3428 3199 3626 3265 debet

782 3301 902 3367 sub
944 3301 1119 3368 bona
1161 3302 1288 3366 fide
1332 3301 1577 3366 decano
1623 3303 2038 3389 promittere,
2084 3303 2257 3391 quod
2315 3304 2491 3368 omni
2542 3302 2646 3368 die
2699 3301 3081 3391 disputabili
3136 3303 3324 3365 iuxta
3381 3309 3626 3365 statuta

688 3412 754 3468 25
772 3401 1102 3466 facultatis
1156 3403 1392 3466 artium
1443 3401 1789 3487 diligenter
1844 3402 2004 3466 velit
2066 3424 2385 3467 exercere.
2482 3402 2570 3467 Et
2628 3402 2996 3467 huiusmodi
3057 3401 3453 3488 promissum
3513 3398 3623 3465 de·

781 3524 981 3566 canus
1029 3500 1112 3565 ab
1157 3523 1538 3588 unoquoque
1583 3502 2036 3587 magistrorum
2091 3504 2527 3567 exercentium
2587 3511 2971 3587 extorquere
3032 3511 3097 3565 et
3151 3501 3461 3585 recipere·
3502 3497 3624 3562 sub

784 3599 1001 3666 debito
1048 3600 1148 3664 sui
1190 3601 1486 3686 praestiti
1524 3601 1866 3665 iuramenti
1909 3599 2103 3664 debet
2158 3623 2299 3664 esse
2354 3600 2678 3686 obligatus
2698 3649 2715 3682 ,
2764 3623 2888 3687 quo
2942 3601 3115 3666 facto
3171 3599 3434 3664 eosdem
3486 3620 3624 3661 ma-

778 3699 1014 3785 gistros
1033 3748 1051 3782 ,
1119 3699 1212 3765 sic
1274 3721 1579 3764 exercere
1640 3722 1754 3765 seu
1811 3699 2142 3766 biennium
2207 3723 2389 3765 suum
2454 3698 2779 3787 complere
2837 3698 3127 3764 volentes
3146 3748 3163 3782 ,
3220 3697 3307 3763 ad
3367 3706 3625 3761 certum

777 3799 1120 3884 registrum
1140 3848 1158 3881 ,
1202 3796 1287 3862 ad
1327 3798 1448 3863 hoc
1492 3798 1862 3885 specialiter
1909 3798 2317 3887 deputatum,
2358 3798 2637 3864 fideliter
2690 3800 3108 3884 consignare,
3151 3808 3215 3862 et
3270 3796 3624 3883 diligenter

693 3908 761 3963 30
781 3899 1151 3984 respicere¹
1206 3921 1352 3963 cum
1414 3900 1548 3963 suis
1610 3897 2062 3963 executoribus
2100 3899 2186 3965 'et
2247 3898 2665 3981 electoribuS,
2725 3896 2900 3985 quod
2955 3897 3175 3963 omnia
3240 3906 3304 3962 et
3362 3894 3623 3981 singula

782 3997 1124 4080 exercicia,
1170 3996 1255 4062 ad
1293 3996 1572 4085 aliquem
1604 3997 1878 4084 gradum
1918 4000 2297 4084 spectantia,
2335 4000 2511 4063 omni
2546 3999 2900 4063 mutatione
2934 3996 3151 4062 debite
3187 3995 3620 4082 disputentur,

777 4107 841 4161 et
879 4095 1122 4161 nullum
1169 4099 1736 4182 praetermittatur,
1793 4108 1861 4162 ut
1918 4099 2013 4161 sic
2067 4121 2251 4162 nemo
2306 4097 2636 4184 querulari
2679 4096 2919 4162 habeat
2971 4106 3201 4161 contra
3240 4093 3623 4159 facultatem

780 4197 1036 4279 artium,
1083 4195 1256 4282 quod
1288 4198 1611 4261 exercicia
1657 4199 1725 4260 in
1767 4218 1844 4260 ea
1886 4219 1999 4261 seu
2040 4196 2259 4284 aliqua
2302 4219 2384 4261 ex
2428 4198 2523 4261 eis
2563 4219 2690 4261 non
2739 4195 3167 4282 disputentur,
3206 4193 3378 4282 quod
3413 4203 3625 4258 trans-

781 4298 944 4361 actis
985 4295 1171 4360 annis
1212 4317 1408 4381 saepe
1449 4295 1690 4360 factum
1733 4318 1874 4360 esse
1919 4306 2191 4362 constat.

696 4472 762 4529 35
1205 4463 1292 4526 18.
1348 4478 1636 4538 QUANDO
1683 4476 2050 4525 Exsncmm
2093 4477 2425 4526 mCHOAm
2467 4478 2558 4526 ΕΤ
2603 4478 2818 4525 rmtm
2861 4478 3208 4525 DEBEANT.

943 4593 1197 4675 Placet,
1241 4594 1415 4681 quod
1470 4596 1765 4681 magistri
1808 4603 2183 4658 exercentes
2225 4602 2374 4658 ante
2416 4602 2669 4681 tempus
2714 4616 2755 4657 a
2796 4593 3103 4658 facultate
3146 4592 3392 4690 artium
3436 4611 3623 4678 prae·

773 4696 977 4761 fixum
999 4694 1321 4758 exercicia
1349 4717 1465 4758 sua
1486 4695 1746 4759 minime
1765 4692 2026 4776 finiant3
2071 4703 2154 4774 et,
2196 4716 2279 4757 ne
2324 4695 2468 4779 quis
2512 4702 2859 4779 praetextu
2897 4693 3309 4778 ignorantiae
3352 4712 3422 4756 se
3470 4711 3625 4777 quo·

781 4792 1131 4860 modolibet
1173 4814 1488 4858 excusare
1530 4792 1776 4875 valeat,
1819 4785 2094 4857 facultas
2154 4794 2389 4856 artium
2447 4792 2811 4858 huiusmodi
2881 4801 3137 4878 tempus
3196 4786 3626 4878 exprimendo

780 4897 964 4959 iuxta
1002 4893 1268 4978 antiqua
1312 4902 1553 4957 statuta
1593 4892 1871 4978 desuper
1910 4891 2086 4956 edita
2129 4890 2433 4956 declarat.
2526 4892 2692 4956 Nam
2728 4893 3120 4957 exercicium
3162 4890 3399 4955 veteris
3442 4887 3625 4970 artis,

702 5004 1144 5081 wparvorum
1187 4990 1564 5077 loycalium,
1616 4992 1697 5056 de
1740 4992 1955 5056 anima
1997 5014 2118 5078 pro
2163 4989 2634 5074 baccalariatu,
2677 5013 2886 5056 novae
2926 4990 3185 5077 logicae
3227 5011 3348 5077 pro
3389 4987 3624 5052 bacca·

785 5093 1023 5157 lariatu
1068 5099 1132 5155 et
1172 5092 1576 5177 magisterio,
1627 5114 1704 5156 ac
1759 5090 2147 5157 exercicium
2209 5113 2563 5177 parvorum
2620 5089 3010 5155 naturalium
3068 5112 3190 5178 pro
3248 5086 3624 5174 magisterio

961 5297 977 5343 l
1022 5290 1106 5344 Zu
1144 5293 1416 5361 ergfinzen
1450 5289 1522 5343 ist
1556 5306 1655 5344 aus
1693 5290 1823 5345 dem
1857 5287 2388 5359 Voraufgehenden:
2420 5288 2573 5342 debet
2604 5305 2715 5342 esee
2750 5287 3040 5357 obliquius.
