4038 6358
768 626 893 692 224
1911 625 2024 677 Das
2057 624 2235 675 kleine
2270 623 2481 688 colleg.

766 990 848 1055 11.
911 987 1089 1053 DAs
1134 987 1468 1053 mma
1513 957 2907 1154 fflsssrgffiLssffiblqssfflemM'
2936 984 3241 1069 MINUS,
3298 980 3668 1052 COLLE-

929 1276 968 1326 l.
1005 1271 1426 1324 AELTESTES
1465 1272 2063 1333 STATUTENBUCH,
2098 1273 2231 1323 MIT
2268 1264 2640 1325 ZUSATZEN
2675 1273 2790 1325 BIS
2823 1244 2984 1326 zUM‘
3008 1272 3241 1328 JAHRE
3280 1272 3464 1323 1440.ι

1675 1433 1796 1524 [Bl.
1848 1434 1944 1525 1⁸]
1990 1454 2308 1504 surum
2354 1455 2703 1505 cosmon.

680 1583 713 1639 5
934 1579 989 1638 1.
1034 1569 1359 1636 Statutum
1397 1570 1681 1657 primum
1723 1578 1823 1634 est
1862 1569 2069 1635 istud:

940 1667 1229 1751 Quilibet
1270 1668 1350 1734 de
1392 1690 1562 1734 novo
1607 1670 2090 1753 assumptus‘in
2133 1668 2450 1756 collegam
2489 1669 2746 1757 collegii
2785 1678 3041 1735 tenetur
3066 1670 3286 1733 iurare
3326 1667 3397 1730 in
3438 1682 3653 1751 prae-

768 1772 975 1836 sentia
1040 1767 1297 1854 collegii
1354 1766 1473 1832 sub
1532 1765 1657 1831 hac
1713 1767 1954 1831 forma:
2027 1766 2217 1854 „Ego
2280 1770 2380 1833 .N.
2434 1771 2596 1851 iuro,
2655 1768 2833 1854 quod
2898 1766 2983 1834 ab
3038 1767 3164 1833 hac
3216 1766 3387 1832 hora
3440 1773 3512 1828 et
3573 1761 3652 1825 in

767 1878 1123 1958 posterum,
1172 1865 1486 1954 quamdiu
1539 1864 1902 1930 membrum
1960 1865 2217 1953 collegii
2276 1868 2479 1951 fuero,
2534 1866 2732 1932 velim
2778 1892 2923 1935 esse
2976 1866 3187 1933 fidelis
3240 1863 3522 1949 collegio
3577 1870 3650 1924 et

766 1989 1031 2035 servare
1075 1973 1317 2031 statuta
1357 1973 1420 2029 et
1460 1962 1823 2046 statuenda,
1880 1985 2048 2050 quae
2092 1977 2239 2030 sunt
2279 1976 2344 2031 et
2384 1977 2574 2032 erunt
2616 1967 2971 2034 secundum
3012 1968 3325 2032 maiorem
3369 1970 3644 2050 partem

683 2081 747 2135 10
766 2067 1021 2153 collegii
1068 2064 1455 2152 approbata.
1538 2062 1628 2127 Et
1684 2063 1989 2149 promitto
2034 2062 2208 2129 bona
2249 2065 2396 2148 fide,
2456 2066 2628 2152 quod
2673 2057 2871 2131 selim
2913 2066 3137 2131 venire
3180 2063 3268 2130 ad
3308 2081 3640 2128 convoca·

762 2170 1003 2234 tionem
1047 2163 1406 2251 praepositi
1446 2164 1516 2227 in
1556 2162 1746 2226 factis
1792 2161 2069 2248 collegii,
2113 2165 2679 2252 quocienscunque
2722 2166 2904 2231 fuero
2944 2187 3064 2252 per
3094 2161 3374 2229 eundem
3413 2159 3636 2246 requi-

763 2267 954 2348 situs,
1012 2274 1077 2329 et
1138 2261 1312 2350 quod
1372 2269 1624 2326 secreta
1687 2259 1974 2347 collegii,
2038 2283 2157 2349 per
2213 2265 2656 2350 praepositum
2709 2264 2908 2329 michi
2967 2261 3246 2345 indicta,
3302 2258 3500 2325 velim
3558 2259 3636 2321 in

765 2373 1014 2431 secreto
1078 2383 1343 2428 servare
1401 2371 1465 2426 et
1520 2360 1646 2425 sibi
1704 2361 1773 2424 in
1824 2361 2014 2425 factis
2074 2361 2329 2448 collegii
2389 2361 2674 2428 consiliis
2727 2373 2792 2428 e't
2849 2361 3110 2427 auxiliis
3171 2360 3453 2426 fideliter
3504 2379 3631 2445 pro

766 2484 960 2550 posse
1019 2470 1268 2543 astare,
1329 2468 1393 2524 et
1449 2462 1503 2525 si
1565 2458 1849 2546 aliquam
1906 2460 2393 2525 contencionem
2450 2460 2782 2527 verbalem
2839 2463 3165 2546 continget
3219 2480 3325 2524 me
3382 2457 3631 2524 habere

685 2574 746 2628 15
773 2585 921 2628 cum
978 2558 1194 2646 aliquo
1251 2560 1713 2644 magistrorum
1771 2557 1853 2622 de
1910 2556 2183 2643 collegio
2241 2558 2344 2623 vel
2400 2561 2753 2646 magistris,
2803 2559 3001 2625 velim
3058 2567 3232 2628 stare
3287 2556 3626 2623 dictamini

761 2661 1020 2752 collegii
1061 2658 1272 2745 partis
1316 2656 1625 2722 maioris!
2841 2651 2850 2656 ’

929 2765 985 2825 2.
1027 2757 1192 2822 Item
1234 2754 1510 2841 quilibet
1551 2757 1884 2841 magister,
1930 2755 2275 2842 collegium
2306 2759 2530 2823 exiens
2572 2780 2691 2848 per
2730 2767 3001 2823 mortem
3029 2756 3134 2822 vel
3178 2778 3298 2843 per
3332 2755 3618 2841 resigna-

766 2861 1018 2925 cionem
1076 2854 1178 2920 vel
1245 2853 1411 2920 alias
1472 2852 1903 2941 qualicunque
1954 2855 2170 2937 modo,
2237 2855 2505 2920 habebit
2565 2868 2929 2943 proventus
2971 2853 3371 2970 principales
3427 2851 3620 2918 medii

764 2958 939 3038 anni,
994 2952 1232 3040 quibus
1283 2951 1709 3039 proventibus
1765 2954 2079 3038 magister
2136 2953 2261 3019 sibi
2316 2955 2672 3021 succedens
2728 2976 2849 3042 pro
2904 2956 3119 3041 primo
3176 2952 3393 3018 medio
3455 2973 3615 3016 anno

680 3066 749 3123 20
768 3054 1038 3135 carebit,
1085 3060 1149 3117 et
1189 3053 1257 3117 in
1301 3053 1480 3115 exitu
1523 3073 1638 3116 suo
1686 3049 1832 3116 illos
1874 3062 2226 3138 proventus
2268 3053 2630 3119 rehabebit.

930 3158 984 3221 3.
1029 3147 1150 3239 [BL
1194 3146 1281 3236 1¹³]
1338 3150 1500 3215 Item
1546 3148 1819 3237 quilibet
1856 3152 2209 3217 novissime
2252 3151 2597 3239 collegium
2639 3154 2893 3219 intrans
2938 3153 3007 3218 in
3050 3151 3280 3218 ordine
3322 3148 3615 3237 collegia·

759 3264 969 3320 torum
1009 3250 1272 3316 ultimus
1317 3251 1572 3314 existat.

934 3358 993 3417 4.
1050 3348 1216 3413 Item
1269 3346 1542 3435 quilibet
1595 3346 1676 3412 de
1738 3369 1909 3413 novo
1967 3351 2218 3415 intrans
2279 3349 2617 3436 collegium
2679 3347 2866 3416 dabit
2922 3349 3009 3415 ad
3051 3350 3279 3416 fiscum
3332 3346 3619 3415 eiusdem

760 3470 959 3516 unum
1001 3446 1338 3512 florenum.

678 3559 745 3616 25
930 3554 985 3613 5.
1045 3545 1209 3611 Item
1252 3542 1539 3629 quilibet,
1598 3546 1707 3631 qui
1750 3567 1869 3632 per
1911 3568 2151 3612 annum
2207 3548 2275 3610 in
2332 3546 2606 3633 collegio
2659 3547 2854 3613 fuerit
2908 3556 2972 3612 et
3026 3569 3156 3612 non
3210 3546 3616 3633 praeposita·

760 3647 946 3728 verit,
992 3666 1192 3732 quum
1236 3664 1354 3729 per
1396 3641 1672 3707 liberam
1713 3646 2229 3730 resignacionem
2272 3646 2375 3710 vel
2418 3668 2537 3733 per
2580 3655 2855 3711 mortem
2892 3644 2999 3710 vel
3043 3644 3130 3710 ad
3171 3644 3452 3710 alterum
3496 3644 3618 3709 col-

769 3744 1014 3831 legium
1056 3764 1177 3829 per
1219 3739 1595 3805 electionem
1639 3741 1742 3806 vel
1798 3742 1961 3808 alias
2017 3743 2450 3831 qualicunque
2492 3744 2682 3811 modo
2726 3746 2906 3809 exire
2954 3745 3326 3831 contigerit,
3381 3744 3453 3808 in
3496 3766 3620 3809 una

766 3862 1098 3929 sexagena
1138 3861 1454 3904 novorum
1499 3861 1876 3924 grossorum
1917 3841 2190 3929 collegio
2238 3866 2306 3908 se
2349 3852 2577 3908 noscat
2617 3842 2990 3928 obligatum.

929 3947 989 4009 6.
1034 3940 1197 4005 Item
1244 3936 1514 4023 quilibet
1555 3939 1887 4024 magister,
1930 3940 2011 4005 de
2054 3964 2224 4007 novo
2257 3940 2633 4006 subintrans
2665 3941 3028 4028 collegium,
3072 3952 3421 4031 antequam
3464 3962 3616 4029 gau·

677 4039 942 4109 audebit
984 4038 1066 4104 de
1105 4035 1423 4102 fructibus
1455 4034 1711 4122 collegii
1754 4048 1818 4102 et
1849 4038 2224 4122 commodis,
2270 4040 2478 4105 solvet
2515 4062 2750 4105 novem
2790 4040 3074 4107 florenos
3114 4063 3422 4107 renenses
3465 4041 3613 4107 boni

763 4137 1070 4227 ponderis
1134 4144 1198 4200 et
1262 4145 1394 4200 tres
1460 4134 1742 4201 florenos
1814 4136 2190 4224 praedictae
2252 4148 2549 4203 monetae
2613 4160 2734 4225 pro
2798 4150 3155 4223 structura,
3219 4161 3381 4225 quos
3445 4139 3615 4204 idem

764 4239 986 4304 exiens
1049 4236 1115 4299 in
1176 4255 1291 4299 suo
1347 4234 1529 4299 exitu
1583 4234 1959 4320 rehabebit,
2016 4238 2224 4324 priori
2284 4246 2528 4303 statuto
2587 4260 2717 4304 non
2775 4237 3103 4323 obstante,
3158 4237 3334 4327 quod
3384 4237 3614 4304 futuris

767 4332 1173 4425 temporibus
1226 4340 1461 4420 posset
1494 4333 1725 4400 cedere
1768 4336 2103 4421 magistris
2149 4336 2602 4422 praesentibus
2655 4338 2724 4403 in
2775 4339 3134 4423 graciam23
3192 4348 3256 4403 et
3312 4358 3612 4425 praesen-

917 4604 942 4655 1
985 4598 1108 4655 Nur
1145 4594 1526 4654 abschxiftlich
1564 4598 1625 4653 in
1661 4598 1904 4657 Miiller's
1940 4601 2254 4657 Delineatio
2301 4603 2356 4659 S.
2400 4606 2423 4657 1
2464 4601 2543 4673 fg.
2585 4600 2850 4659 erhalten.
2887 4602 3018 4675 vgl.
3057 4602 3332 4661 Urkundl.
3368 4604 3615 4673 Quenem,

762 4684 821 4743 S.
849 4689 948 4740 754
971 4682 1050 4755 fg.
1084 4682 1178 4737 Da
1199 4680 1402 4738 Miiller
1431 4682 1522 4738 die
1544 4681 1879 4740 Blattseiten
1903 4683 2001 4740 des
2025 4683 2308 4757 Originals
2334 4684 2636 4756 angefiihrt
2660 4684 2776 4755 hat,
2808 4704 2869 4743 so
2893 4687 3140 4744 konnten
3165 4687 3448 4743 disselben
3473 4687 3614 4744 auch

770 4769 847 4824 im
881 4765 1187 4823 Abdrueke
1232 4763 1559 4837 angegeben
1599 4766 1832 4822 werden.
1891 4766 2093 4823 Miiller
2125 4766 2226 4823 hat
2259 4767 2576 4841 {ibex-haupt
2607 4768 2715 4825 viel
2749 4768 3107 4842 sorgfflltiger
3138 4770 3503 4842 gesehrieben
3535 4772 3617 4827 als

769 4851 964 4922 Vogel,
1007 4849 1142 4905 aber
1179 4848 1271 4903 die
1302 4848 1691 4923 Entzifferung
1723 4851 1823 4906 der
1866 4850 2019 4906 alten
2054 4851 2475 4924 Abkiirzungen
2520 4852 2736 4909 scheint
2781 4853 2896 4908 ihm
2942 4853 3089 4911 noch
3129 4854 3288 4910 melu·
3322 4854 3494 4911 Muhe
3525 4870 3614 4927 ge·

764 4933 953 4989 macht
984 4951 1057 4988 zu
1088 4931 1270 4988 haben
1304 4932 1387 4987 als
1421 4934 1641 4990 diesem.
1713 4933 2040 4990 Auffallend
2074 4936 2160 5000 ist,
2204 4936 2335 4991 dass
2369 4936 2622 4994 offenbar
2655 4938 2755 4994 der
2785 4938 3045 5036 Eingang
3077 4937 3235 4997 fehlt.
3300 4939 3479 4995 Sollte
3509 4944 3618 4996 ent

763 5017 964 5073 Manet
996 5015 1293 5072 denselben
1330 5014 1699 5089 fortgelassen
1730 5017 1953 5075 haben?
2019 5020 2131 5075 Die
2163 5019 2520 5094 Bezifferung
2556 5023 2632 5077 ist
2664 5038 2774 5078 von
2805 5023 2926 5079 mir.

920 5104 951 5155 2
988 5097 1190 5155 Miiller
1221 5101 1433 5155 konnte
1473 5100 1575 5155 das
1608 5101 1728 5157 hier
1763 5102 2030 5160 stehende
2064 5104 2230 5161 Wort
2266 5103 2424 5160 nicht
2469 5104 2650 5178 lesen·
2699 5123 2761 5161 er
2791 5105 2894 5162 hat
2924 5105 3090 5161 dafiir
3122 5107 3245 5163 eine
3277 5106 3331 5163 N
3333 5106 3613 5162 achaeich

762 5200 924 5323 lquing
957 5182 1552 5322 ‹llesselbekgngegebem
1586 5202 1687 5242 aus
1723 5186 1822 5243 der
1857 5186 1951 5243 ich
2000 5205 2107 5243 nur
2137 5187 2228 5244 die
2274 5188 2331 5243 in
2377 5188 2482 5245 deu
2517 5189 2661 5246 Text
2705 5196 2989 5263 gesetzten
3025 5190 3222 5247 Worte
3266 5193 3327 5246 in
3366 5195 3615 5263 graciam

802 5283 962 5324 ersus
983 5283 1111 5322 esen
1718 5316 1729 5327 .
