4038 6358
1333 570 1435 622 Die
1471 569 1709 623 Stantem
1746 584 1871 622 vom
1905 569 2072 624 Jahn-0
2109 568 2259 624 1558.
3108 575 3232 641 279

309 743 725 833 eludentur,
792 773 871 818 ac
923 750 1418 820 eonsuetudines
1473 759 1654 818 certa
1694 753 1949 820 ratione
2001 750 2408 820 introductas
2464 752 2835 837 observare,
2895 753 3229 821 mandatis

308 853 723 963 praepositi
792 851 1166 919 decentibus
1232 850 1541 918 oboedire
1605 861 1670 918 et
1730 852 1817 918 ad
1882 852 2412 920 convocationem
2479 852 2563 919 ab
2629 856 2774 940 ipso
2835 854 3077 920 factam
3135 851 3224 942 [6]

306 949 589 1016 venire
627 949 733 1016 vel
776 951 1002 1038 poenis
1038 951 1111 1016 in
1153 959 1375 1020 tenore
1418 952 1902 1020 convocationis
1946 951 2280 1038 expressis
2316 973 2422 1016 me
2464 950 2858 1034 submittere,
2889 960 2953 1017 et
2984 974 3229 1019 arcana

309 1047 622 1136 collegii
661 1073 797 1116 non
839 1048 1033 1115 velim
1078 1050 1329 1116 effutire
1366 1059 1478 1115 aut
1523 1050 1835 1134 revelare,
1893 1051 2149 1115 etiamsi
2192 1072 2296 1115 me
2342 1049 2679 1137 resignare
2720 1052 3099 1138 contigerit3
3166 1062 3231 1118 et

312 1147 535 1231 quod
581 1171 724 1216 meo
768 1148 998 1218 ordine
1041 1159 1105 1215 et
1154 1147 1297 1216 loeo
1342 1151 1788 1237 praepositum
1828 1172 2027 1236 agere
2065 1160 2130 1216 et
2169 1149 2333 1216 alias
2389 1149 2750 1216 functiones
2794 1150 2977 1216 obire
3027 1149 3225 1216 velim
3275 1160 3309 1216 5

311 1245 640 1314 fideliter
678 1258 745 1314 et
783 1247 1149 1335 diligenter.
1212 1247 1322 1314 Sic
1364 1271 1467 1314 me
1508 1248 1668 1315 deus
1708 1248 1974 1315 adiuvet
2014 1270 2135 1336 per
2179 1247 2254 1336 [s.
2286 1248 2698 1335 evangelium
2739 1245 2949 1336 suum]
2969 1250 2990 1292 ¹
3031 1248 3222 1317 Chri-

318 1353 535 1412 stum
572 1349 813 1431 Iesum,
855 1347 1332 1435 redemptorem
1372 1349 1722 1416 noenum.“

531 1445 641 1511 VI.
700 1446 992 1528 Quilibet
1052 1446 1324 1529 electus,
1382 1450 1521 1512 sive
1574 1445 1843 1514 Silesius
1898 1447 2096 1514 fuerit
2149 1449 2287 1512 sive
2339 1446 2679 1528 Prutenus,
2738 1447 2949 1534 primo
3008 1469 3229 1515 mense

322 1542 696 1610 electionis
743 1569 898 1612 suae
940 1548 1235 1613 instituat
1288 1547 1637 1635 prandium
1692 1545 2048 1632 collegiale,
2106 1557 2178 1612 ιιι
2235 1546 2546 1611 hactenus
2600 1548 2672 1612 in
2724 1568 2904 1611 more
2955 1547 3106 1629 fuit,
3165 1557 3228 1612 et

321 1664 514 1708 mox
569 1648 885 1731 praestito
933 1647 1293 1711 iuramento
1339 1645 1670 1733 persolvat
1723 1645 1881 1711 fisco
1942 1644 2199 1731 collegii
2241 1644 2381 1711 flor.
2437 1643 2827 1733 quindecim.
2910 1644 3022 1712 Ad
3061 1655 3310 1712 stru-10

322 1751 609 1809 etur-am
651 1767 809 1810 vero
854 1745 1071 1814 Silesii
1111 1744 1381 1811 totidem
1422 1744 1582 1827 flor„
1627 1744 1948 1810 Prutenus
1992 1743 2280 1836 duplum,
2324 1754 2437 1809 aut
2480 1744 2536 1809 si
2580 1766 2663 1808 ex
2708 1743 3024 1830 singulari
3063 1743 3224 1809 libe·

326 1839 619 1908 ralitate
665 1844 823 1929 quid
864 1842 1189 1910 voluerint
1228 1843 1527 1932 amplius,
1559 1841 1645 1932 [7]
1676 1854 2035 1927 numerent,
2083 1866 2232 1909 cum
2275 1865 2392 1930 per
2432 1843 2776 1909 facultates
2817 1843 3090 1928 licuerit,
3128 1845 3224 1910 ita

328 1948 578 2007 tamen
621 1953 713 2025 ut,
758 1944 873 2028 qui
916 1965 985 2012 se
1027 1942 1156 2009 alio
1196 1945 1492 2030 recipiat,
1536 1944 1717 2029 prius
1759 1942 2030 2029 collegio
2071 1942 2453 2024 satisfaciat,
2494 1964 2688 2029 quam
2731 1941 2979 2009 abeat.²

526 2040 677 2106 VII.
745 2041 912 2108 Cum
950 2052 1141 2129 turpe
1186 2043 1271 2107 sit
1311 2043 1615 2128 ignorare
1667 2043 1790 2125 ius,
1835 2044 1903 2107 in
1947 2064 2073 2130 quo
2127 2042 2446 2108 versaris:
2503 2042 2650 2108 ideo
2703 2063 2931 2107 recens
2984 2038 3223 2108 electus

337 2138 615 2227 collega
656 2143 867 2228 primo
907 2163 1127 2207 mense
1171 2163 1328 2207 suae
1368 2140 1697 2208 electionis
1741 2141 2039 2228 perlegat
2080 2142 2336 2228 collegii
2391 2149 2651 2224 statuta,
2703 2150 2775 2206 ut
2831 2143 3016 2223 sciat,
3063 2137 3221 2226 quid
3243 2147 3307 2206 15

336 2260 557 2325 agere
603 2250 672 2305 et
712 2240 1032 2327 quomodo
1077 2262 1147 2306 se
1186 2261 1417 2327 gerere
1458 2238 1710 2306 debeat.

526 2339 708 2405 vm.
754 2340 1008 2406 Nemini
1053 2339 1286 2406 coelibi
1331 2348 1519 2405 extra
1557 2338 1901 2426 collegium
1937 2337 2239 2406 habitare
2269 2359 2645 2404 concessum
2679 2347 2818 2404 esto
2854 2339 2993 2404 sine
3032 2338 3223 2424 gravi

346 2436 589 2527 aliqua
629 2441 857 2522 causa,
900 2441 1085 2506 cuius
1129 2440 1410 2525 cognitio
1450 2460 1650 2525 penes
1692 2438 2035 2525 collegium
2081 2439 2219 2504 erit.

525 2535 843 2602 Uxoratis
888 2548 1103 2604 autem
1143 2537 1214 2602 id
1264 2547 1532 2625 propter
1583 2532 1725 2603 loci'
1750 2536 2346 2603 incommoditatem
2389 2546 2455 2604 et
2495 2538 2931 2604 reverentiam
2972 2536 3221 2603 ordinis

346 2655 441 2699 ae
481 2636 770 2721 coniugii
812 2637 1194 2723 dignitatem
1236 2659 1368 2702 non
1418 2638 1749 2722 gravatim
1792 2637 2080 2724 permitti
2124 2634 2346 2701 debet:
2405 2637 2499 2712 ita
2542 2645 2762 2702 tamen
2802 2646 2874 2700 ut
2924 2636 3306 2722 frequen-m

347 2743 457 2798 ter
514 2735 787 2800 visitent
849 2734 1043 2801 aedes
1106 2733 1363 2820 collegii
1428 2745 1491 2800 et
1556 2734 1779 2801 sedulo
1843 2756 1974 2800 una
2047 2733 2425 2816 observent,
2491 2758 2574 2801 ne
2631 2734 2791 2820 quid
2853 2734 3222 2800 detrimenti

350 2832 628 2947 capiant
669 2844 733 2898 et
776 2835 993 2902 omnia
1035 2831 1121 2922 [8]
1167 2836 1291 2900 rite
1332 2843 1399 2899 et
1439 2834 1765 2900 honeste
1746 2857 1816 2898 ιιι
1853 2835 1934 2899 iis
1976 2843 2397 2920 peragantur.
2479 2832 2552 2898 Si
2598 2835 2792 2900 etiam
2833 2832 3065 2899 horum
3107 2833 3221 2899 ali-

353 2931 502 3017 quis
561 2935 983 3020 praepositus
1033 2934 1256 3017 fuerit,
1314 2956 1460 2998 cum
1515 2955 1643 3000 uno
1698 2932 2089 3020 reliquorum
2148 2931 2542 3019 collegarum
2599 2940 2784 3019 agat,
2846 2933 2960 3019 qui
3010 2934 3222 2998 vicem

350 3030 565 3116 ipsius
623 3041 811 3116 gerat
861 3044 926 3097 et
976 3032 1336 3117 collegium,
1393 3029 1653 3118 quando
1703 3054 1867 3119 opus
1922 3032 2027 3114 sit,
2085 3041 2428 3097 convocet.
2487 3032 2597 3119 qui
2651 3033 2848 3097 etiam
2900 3030 3225 3097 custodiat

355 3128 668 3215 sigillum,
722 3140 963 3201 statuta
1005 3141 1068 3199 et
1110 3130 1241 3197 alia
1281 3131 1368 3197 ad
1414 3130 1754 3219 collegium
1801 3130 2210 3219 pertinentia,
2254 3153 2335 3196 ne
2375 3152 2521 3196 cum
2564 3129 2854 3220 periculo
2909 3153 3075 3217 quae
3116 3127 3217 3197 vel
3238 3139 3303 3197 25

356 3230 578 3295 efferri
624 3229 729 3295 vel
772 3242 962 3309 extra
1003 3234 1238 3297 tentari
1282 3253 1548 3319 necesse
1594 3233 1713 3314 sit3
1758 3230 1994 3318 detque
2037 3252 2322 3317 operam,
2364 3240 2436 3295 ut
2478 3230 2823 3317 collegium
2859 3231 3029 3298 iusto
3059 3240 3216 3296 tem·

356 3349 519 3414 pore
553 3324 893 3395 claudatur
935 3340 1000 3396 et
1039 3331 1404 3418 aperiatur3
1448 3328 1865 3415 eiusdemque
1902 3330 2374 3416 inspectionem
2416 3350 2580 3417 prae
2617 3331 2849 3395 ceteris
2882 3330 3009 3395 sibi
3052 3352 3221 3396 com·

354 3426 733 3493 mendatam
773 3427 1028 3494 habeat.

523 3526 645 3592 IX.
702 3527 850 3609 Quo
893 3529 1164 3616 quisque
1203 3528 1430 3595 ordine
1474 3528 1714 3595 electus
1756 3527 1896 3610 fuit,
1938 3548 2084 3593 eum
2129 3550 2387 3615 semper
2430 3526 2730 3595 observet
2773 3550 2922 3593 cum
2959 3528 3030 3593 in
3071 3549 3218 3592 con·

358 3625 661 3691 ventibus
718 3635 855 3691 tum
908 3629 977 3692 in
1034 3649 1260 3692 mensa
1317 3637 1380 3692 et
1439 3627 1586 3693 aliis
1646 3626 1922 3712 negotiis
1983 3626 2272 3712 collegii3
2328 3649 2450 3692 nec
2507 3628 2848 3714 quisquam
2904 3625 3302 3692 detrectet30

359 3745 626 3811 operam
669 3748 851 3791 suam
894 3726 1161 3812 collegio
1202 3727 1430 3814 quavis
1474 3728 1543 3791 in
1582 3748 1674 3809 re,
1719 3724 1910 3790 modo
1956 3725 2312 3812 aequalitas
2352 3736 2682 3791 servetur.

523 3840 609 3905 X.
658 3842 821 3909 Cum
862 3842 1337 3909 incommodum
1375 3843 1458 3907 sit
1500 3843 1778 3924 omnin0,
1818 3852 1892 3906 ut
1920 3838 2007 3928 [9]
2040 3840 2310 3927 singulis
2353 3839 2775 3907 semestribus
2807 3842 3218 3928 praepositus

357 3949 658 4023 mutetur,
717 3940 1011 4009 volumus
1064 3943 1133 4007 in
1177 3952 1533 4030 posterum,
1596 3963 1877 4006 annuam
1934 3939 2111 4005 illius
2169 3960 2313 4005 esse
2371 3939 3016 4007 administrationem.
3087 3941 3217 4007 De-

357 4040 642 4129 signatio
680 4062 835 4108 vero
874 4042 986 4107 fiet
1022 4042 1169 4129 ipso
1213 4039 1391 4107 Galli
1432 4041 1540 4106 die
1587 4051 1700 4106 aut
1742 4041 2031 4106 circiter:
2085 4061 2167 4104 ne
2208 4049 2426 4105 tamen
2467 4040 2639 4106 ultra
2682 4040 3032 4123 octiduum,
3089 4042 3218 4109 nisi

355 4161 599 4225 magna
670 4138 891 4225 aliqua
951 4142 1335 4207 necessitate
1402 4150 1702 4227 urgente,
1736 4214 1743 4220 ¹
1774 4138 2216 4227 protrahatur,
2286 4137 2405 4203 sub
2477 4161 2689 4226 poena
2752 4140 2943 4206 unius
3006 4150 3301 4209 novaess

356 4258 744 4324 sexagenae.

1318 4373 1780 4423 IURAMENTUM
1821 4370 2253 4421 PRAEPOSITI.

521 4485 711 4573 „Ego
756 4487 852 4552 .N.
891 4488 1054 4569 iuro,
1098 4485 1272 4575 quod
1308 4485 1649 4575 pecuniam
1692 4487 1967 4574 collegii,
2014 4508 2182 4576 quae
2217 4489 2286 4552 in
2332 4509 2561 4553 manus
2604 4509 2783 4553 meas
2827 4489 3215 4575 pervenerit,

353 4585 549 4651 velim
608 4584 953 4673 diligenter
1007 4586 1332 4652 custodire
1386 4597 1451 4653 et
1506 4587 1824 4654 fideliter³
1879 4586 2288 4670 distribuere,
2350 4585 2703 4655 secundum
2727 4586 3220 4653 ‘indicationem

526 4824 550 4874 1
592 4818 702 4874 Die
737 4819 796 4872 in
830 4818 1157 4874 Klammem
1192 4818 1614 4890 geschlossenen
1648 4820 1847 4875 Worte
1891 4820 2015 4875 sind
2063 4818 2241 4875 durch
2282 4823 2691 4890 untergesetzte
2741 4817 2966 4872 Punkte
3017 4818 3222 4891 getilgt

351 4904 465 4959 und
496 4908 647 4958 statt
670 4902 958 4959 del-selben
994 4920 1103 4958 von
1139 4902 1428 4959 dei-selben
1463 4903 1632 4958 Hand
1665 4904 1756 4958 die
1785 4905 1977 4958 Worte
2012 4904 2291 4957 Olm’sttm
2328 4902 2382 4960 ιι.
2421 4920 2464 4957 s.
2502 4920 2567 4956 w.
2603 4902 2868 4956 darunter
2900 4906 3128 4972 gesetzt.

524 4993 556 5044 2
594 4987 706 5043 Am
754 4987 976 5043 Raude:
1038 4986 1312 5040 Stawtum
1358 4987 1461 5041 hoc
1506 4989 1759 5041 unanimi
1804 4988 2151 5041 dominorum
2193 4987 2529 5057 colleyarum
2575 5003 2837 5040 consensu
2883 5004 3030 5040 anno
3091 4990 3217 5042 1613

350 5089 525 5128 mense
560 5071 763 5142 Aprili
786 5073 876 5126 ita
911 5078 1306 5142 permutatum:
1353 5071 1581 5138 Electus
1614 5072 1674 5126 in
1713 5072 1979 5140 colleyam
2014 5071 2291 5141 praestito
2328 5071 2633 5125 iuramento
2661 5071 2948 5139 persolvat
2976 5087 3220 5141 praepo-

351 5150 2108 5225 dmmhmfhrmoeinbbnamonetmffltmuuduphsm.

396 5298 401 5303 ,
518 5246 552 5298 3
592 5239 799 5295 Hinter
832 5238 1037 5295 diesem
1072 5238 1270 5295 Worte
1303 5237 1404 5294 hat
1438 5237 1639 5295 Christ.
1671 5237 1988 5308 Preibisius,
2025 5240 2124 5295 der
2163 5243 2293 5294 1630
2329 5237 2536 5293 Probet
2569 5254 2699 5306 war,
2734 5253 2827 5291 am
2861 5238 3060 5295 Raude
3097 5236 3217 5292 hin·
