<?xml version="1.0" encoding="UTF-8"?>
<!DOCTYPE html PUBLIC "-//W3C//DTD XHTML 1.0 Transitional//EN"
    "http://www.w3.org/TR/xhtml1/DTD/xhtml1-transitional.dtd">
<html xmlns="http://www.w3.org/1999/xhtml" xml:lang="en" lang="en">
 <head>
  <title>
</title>
<meta http-equiv="Content-Type" content="text/html;charset=utf-8" />
  <meta name='ocr-system' content='tesseract 3.04.00' />
  <meta name='ocr-capabilities' content='ocr_page ocr_carea ocr_par ocr_line ocrx_word'/>
</head>
<body>
  <div class='ocr_page' id='page_1' title='image "./diestatutenbche02leipgoog_0564.png"; bbox 0 0 4038 6358; ppageno 0'>
   <div class='ocr_carea' id='block_1_1' title="bbox 734 660 2552 731">
    <p class='ocr_par' dir='ltr' id='par_1_1' title="bbox 734 660 2552 731">
     <span class='ocr_line' id='line_1_1' title="bbox 734 660 2552 731; baseline 0 -19"><span class='ocrx_word' id='word_1_1' title='bbox 734 666 854 731; x_wconf 79' lang='lat'>548</span> <span class='ocrx_word' id='word_1_2' title='bbox 1754 660 1854 712; x_wconf 79' lang='lat' dir='ltr'>Die</span> <span class='ocrx_word' id='word_1_3' title='bbox 1891 660 2261 725; x_wconf 82' lang='lat' dir='ltr'>theologische</span> <span class='ocrx_word' id='word_1_4' title='bbox 2296 660 2552 712; x_wconf 64' lang='lat' dir='ltr'>Facultat.</span> 
     </span>
    </p>
   </div>
   <div class='ocr_carea' id='block_1_2' title="bbox 650 841 3601 2615">
    <p class='ocr_par' dir='ltr' id='par_1_2' title="bbox 650 841 3601 2615">
     <span class='ocr_line' id='line_1_2' title="bbox 730 841 3597 931; baseline 0.001 -23"><span class='ocrx_word' id='word_1_5' title='bbox 730 843 1046 929; x_wconf 79' lang='lat' dir='ltr'>Magister</span> <span class='ocrx_word' id='word_1_6' title='bbox 1085 867 1239 910; x_wconf 86' lang='lat' dir='ltr'>vero</span> <span class='ocrx_word' id='word_1_7' title='bbox 1282 844 1350 908; x_wconf 92' lang='lat' dir='ltr'>in</span> <span class='ocrx_word' id='word_1_8' title='bbox 1394 844 1662 927; x_wconf 85' lang='lat' dir='ltr'>artibus,</span> <span class='ocrx_word' id='word_1_9' title='bbox 1718 845 1828 931; x_wconf 89' lang='lat' dir='ltr'>qui</span> <span class='ocrx_word' id='word_1_10' title='bbox 1885 845 2088 930; x_wconf 87' lang='lat' dir='ltr'>prius,</span> <span class='ocrx_word' id='word_1_11' title='bbox 2151 865 2269 930; x_wconf 91' lang='lat' dir='ltr'>per</span> <span class='ocrx_word' id='word_1_12' title='bbox 2320 844 2604 931; x_wconf 88' lang='lat' dir='ltr'>quinque</span> <span class='ocrx_word' id='word_1_13' title='bbox 2661 865 2868 909; x_wconf 88' lang='lat' dir='ltr'>annos</span> <span class='ocrx_word' id='word_1_14' title='bbox 2924 841 3136 909; x_wconf 89' lang='lat' dir='ltr'>scolas</span> <span class='ocrx_word' id='word_1_15' title='bbox 3187 843 3597 931; x_wconf 85' lang='lat' dir='ltr'>theologicas</span> 
     </span>
     <span class='ocr_line' id='line_1_3' title="bbox 733 942 3597 1029; baseline 0.001 -22"><span class='ocrx_word' id='word_1_16' title='bbox 733 966 879 1007; x_wconf 89' lang='lat' dir='ltr'>cum</span> <span class='ocrx_word' id='word_1_17' title='bbox 924 953 1106 1008; x_wconf 85' lang='lat' dir='ltr'>textu</span> <span class='ocrx_word' id='word_1_18' title='bbox 1148 942 1492 1025; x_wconf 87' lang='lat' dir='ltr'>visitand0,</span> <span class='ocrx_word' id='word_1_19' title='bbox 1547 943 1798 1009; x_wconf 84' lang='lat' dir='ltr'>audivit</span> <span class='ocrx_word' id='word_1_20' title='bbox 1839 965 2189 1024; x_wconf 79' lang='lat' dir='ltr'>cursorem,</span> <span class='ocrx_word' id='word_1_21' title='bbox 2235 943 2767 1007; x_wconf 88' lang='lat' dir='ltr'>sentenciarium¹</span> <span class='ocrx_word' id='word_1_22' title='bbox 2813 951 2878 1008; x_wconf 90' lang='lat' dir='ltr'>et</span> <span class='ocrx_word' id='word_1_23' title='bbox 2918 943 3303 1029; x_wconf 86' lang='lat' dir='ltr'>magistrum</span> <span class='ocrx_word' id='word_1_24' title='bbox 3358 943 3597 1009; x_wconf 85' lang='lat' dir='ltr'>diebus</span> 
     </span>
     <span class='ocr_line' id='line_1_4' title="bbox 731 1040 3599 1129; baseline 0.001 -24"><span class='ocrx_word' id='word_1_25' title='bbox 731 1040 1119 1128; x_wconf 89' lang='lat' dir='ltr'>legibilibus,</span> <span class='ocrx_word' id='word_1_26' title='bbox 1175 1042 1261 1108; x_wconf 89' lang='lat' dir='ltr'>ad</span> <span class='ocrx_word' id='word_1_27' title='bbox 1320 1043 1664 1129; x_wconf 90' lang='lat' dir='ltr'>legendum</span> <span class='ocrx_word' id='word_1_28' title='bbox 1719 1066 1979 1108; x_wconf 89' lang='lat' dir='ltr'>cursum</span> <span class='ocrx_word' id='word_1_29' title='bbox 2041 1041 2451 1124; x_wconf 82' lang='lat' dir='ltr'>admittatur3</span> <span class='ocrx_word' id='word_1_30' title='bbox 2515 1040 2632 1106; x_wconf 93' lang='lat' dir='ltr'>sed</span> <span class='ocrx_word' id='word_1_31' title='bbox 2686 1042 2742 1106; x_wconf 92' lang='lat' dir='ltr'>si</span> <span class='ocrx_word' id='word_1_32' title='bbox 2799 1044 2981 1129; x_wconf 89' lang='lat' dir='ltr'>prius</span> <span class='ocrx_word' id='word_1_33' title='bbox 3032 1040 3230 1107; x_wconf 84' lang='lat' dir='ltr'>nichil</span> <span class='ocrx_word' id='word_1_34' title='bbox 3287 1043 3355 1107; x_wconf 90' lang='lat' dir='ltr'>in</span> <span class='ocrx_word' id='word_1_35' title='bbox 3410 1042 3599 1107; x_wconf 87' lang='lat' dir='ltr'>theo·</span> 
     </span>
     <span class='ocr_line' id='line_1_5' title="bbox 732 1140 3599 1230; baseline 0 -25"><span class='ocrx_word' id='word_1_36' title='bbox 732 1141 909 1227; x_wconf 87' lang='lat' dir='ltr'>logia</span> <span class='ocrx_word' id='word_1_37' title='bbox 952 1140 1223 1224; x_wconf 85' lang='lat' dir='ltr'>audivit,</span> <span class='ocrx_word' id='word_1_38' title='bbox 1275 1152 1428 1207; x_wconf 91' lang='lat' dir='ltr'>tunc</span> <span class='ocrx_word' id='word_1_39' title='bbox 1469 1152 1721 1208; x_wconf 87' lang='lat' dir='ltr'>tenetur</span> <span class='ocrx_word' id='word_1_40' title='bbox 1776 1165 1892 1230; x_wconf 90' lang='lat' dir='ltr'>per</span> <span class='ocrx_word' id='word_1_41' title='bbox 1941 1142 2221 1228; x_wconf 85' lang='lat' dir='ltr'>quinque</span> <span class='ocrx_word' id='word_1_42' title='bbox 2272 1162 2478 1207; x_wconf 88' lang='lat' dir='ltr'>annos</span> <span class='ocrx_word' id='word_1_43' title='bbox 2532 1140 2758 1205; x_wconf 90' lang='lat' dir='ltr'>audire</span> <span class='ocrx_word' id='word_1_44' title='bbox 2815 1164 3167 1224; x_wconf 78' lang='lat' dir='ltr'>cursorem,</span> <span class='ocrx_word' id='word_1_45' title='bbox 3228 1142 3599 1206; x_wconf 87' lang='lat' dir='ltr'>sentencia·</span> 
     </span>
     <span class='ocr_line' id='line_1_6' title="bbox 650 1238 3599 1327; baseline 0.001 -23"><span class='ocrx_word' id='word_1_46' title='bbox 650 1250 682 1304; x_wconf 86' lang='lat'>5</span> <span class='ocrx_word' id='word_1_47' title='bbox 735 1242 902 1304; x_wconf 89' lang='lat' dir='ltr'>rium</span> <span class='ocrx_word' id='word_1_48' title='bbox 964 1251 1026 1305; x_wconf 92' lang='lat' dir='ltr'>et</span> <span class='ocrx_word' id='word_1_49' title='bbox 1083 1242 1462 1327; x_wconf 86' lang='lat' dir='ltr'>magistrum</span> <span class='ocrx_word' id='word_1_50' title='bbox 1529 1240 1723 1306; x_wconf 92' lang='lat' dir='ltr'>modo</span> <span class='ocrx_word' id='word_1_51' title='bbox 1783 1240 2174 1326; x_wconf 86' lang='lat' dir='ltr'>supradicto.</span> <span class='ocrx_word' id='word_1_52' title='bbox 2252 1238 2613 1304; x_wconf 90' lang='lat' dir='ltr'>Licenciati</span> <span class='ocrx_word' id='word_1_53' title='bbox 2677 1250 2890 1305; x_wconf 88' lang='lat' dir='ltr'>autem</span> <span class='ocrx_word' id='word_1_54' title='bbox 2950 1241 3018 1305; x_wconf 91' lang='lat' dir='ltr'>in</span> <span class='ocrx_word' id='word_1_55' title='bbox 3074 1242 3216 1305; x_wconf 89' lang='lat' dir='ltr'>iure</span> <span class='ocrx_word' id='word_1_56' title='bbox 3275 1243 3599 1306; x_wconf 85' lang='lat' dir='ltr'>canonico</span> 
     </span>
     <span class='ocr_line' id='line_1_7' title="bbox 731 1338 3601 1427; baseline 0.002 -27"><span class='ocrx_word' id='word_1_57' title='bbox 731 1338 836 1403; x_wconf 87' lang='lat' dir='ltr'>vel</span> <span class='ocrx_word' id='word_1_58' title='bbox 892 1342 956 1404; x_wconf 91' lang='lat' dir='ltr'>in</span> <span class='ocrx_word' id='word_1_59' title='bbox 1009 1339 1361 1422; x_wconf 89' lang='lat' dir='ltr'>medicina,</span> <span class='ocrx_word' id='word_1_60' title='bbox 1417 1343 1526 1425; x_wconf 91' lang='lat' dir='ltr'>qui</span> <span class='ocrx_word' id='word_1_61' title='bbox 1581 1342 1765 1426; x_wconf 89' lang='lat' dir='ltr'>prius</span> <span class='ocrx_word' id='word_1_62' title='bbox 1816 1362 1935 1427; x_wconf 91' lang='lat' dir='ltr'>per</span> <span class='ocrx_word' id='word_1_63' title='bbox 1978 1340 2487 1426; x_wconf 86' lang='lat' dir='ltr'>quinquennium</span> <span class='ocrx_word' id='word_1_64' title='bbox 2542 1340 2610 1403; x_wconf 90' lang='lat' dir='ltr'>in</span> <span class='ocrx_word' id='word_1_65' title='bbox 2663 1338 2990 1425; x_wconf 87' lang='lat' dir='ltr'>theologia</span> <span class='ocrx_word' id='word_1_66' title='bbox 3045 1340 3455 1424; x_wconf 87' lang='lat' dir='ltr'>studuerunt,</span> <span class='ocrx_word' id='word_1_67' title='bbox 3516 1364 3601 1406; x_wconf 89' lang='lat' dir='ltr'>eo</span> 
     </span>
     <span class='ocr_line' id='line_1_8' title="bbox 730 1437 3596 1527; baseline 0.001 -25"><span class='ocrx_word' id='word_1_68' title='bbox 730 1437 921 1504; x_wconf 91' lang='lat' dir='ltr'>modo</span> <span class='ocrx_word' id='word_1_69' title='bbox 978 1442 1144 1504; x_wconf 92' lang='lat' dir='ltr'>sicut</span> <span class='ocrx_word' id='word_1_70' title='bbox 1195 1439 1490 1525; x_wconf 83' lang='lat' dir='ltr'>magistri</span> <span class='ocrx_word' id='word_1_71' title='bbox 1546 1440 1795 1527; x_wconf 80' lang='lat' dir='ltr'>antiqui</span> <span class='ocrx_word' id='word_1_72' title='bbox 1849 1441 1916 1503; x_wconf 91' lang='lat' dir='ltr'>in</span> <span class='ocrx_word' id='word_1_73' title='bbox 1973 1437 2224 1503; x_wconf 86' lang='lat' dir='ltr'>artibus</span> <span class='ocrx_word' id='word_1_74' title='bbox 2281 1437 2366 1502; x_wconf 93' lang='lat' dir='ltr'>ad</span> <span class='ocrx_word' id='word_1_75' title='bbox 2423 1460 2685 1503; x_wconf 90' lang='lat' dir='ltr'>cursum</span> <span class='ocrx_word' id='word_1_76' title='bbox 2741 1438 3199 1521; x_wconf 81' lang='lat' dir='ltr'>admittantur3</span> <span class='ocrx_word' id='word_1_77' title='bbox 3258 1440 3314 1503; x_wconf 90' lang='lat' dir='ltr'>si</span> <span class='ocrx_word' id='word_1_78' title='bbox 3371 1452 3596 1504; x_wconf 89' lang='lat' dir='ltr'>autem</span> 
     </span>
     <span class='ocr_line' id='line_1_9' title="bbox 729 1536 3598 1626; baseline 0 -24"><span class='ocrx_word' id='word_1_79' title='bbox 729 1562 859 1602; x_wconf 91' lang='lat' dir='ltr'>non</span> <span class='ocrx_word' id='word_1_80' title='bbox 915 1537 1298 1603; x_wconf 90' lang='lat' dir='ltr'>studuerunt</span> <span class='ocrx_word' id='word_1_81' title='bbox 1339 1538 1519 1623; x_wconf 87' lang='lat' dir='ltr'>prius</span> <span class='ocrx_word' id='word_1_82' title='bbox 1561 1538 1630 1601; x_wconf 92' lang='lat' dir='ltr'>in</span> <span class='ocrx_word' id='word_1_83' title='bbox 1671 1537 2017 1623; x_wconf 81' lang='lat' dir='ltr'>theologia,</span> <span class='ocrx_word' id='word_1_84' title='bbox 2072 1547 2415 1623; x_wconf 82' lang='lat' dir='ltr'>expectent</span> <span class='ocrx_word' id='word_1_85' title='bbox 2457 1536 2543 1602; x_wconf 92' lang='lat' dir='ltr'>ad</span> <span class='ocrx_word' id='word_1_86' title='bbox 2586 1537 2868 1626; x_wconf 89' lang='lat' dir='ltr'>quinque</span> <span class='ocrx_word' id='word_1_87' title='bbox 2906 1560 3129 1605; x_wconf 89' lang='lat' dir='ltr'>annos.</span> <span class='ocrx_word' id='word_1_88' title='bbox 3213 1537 3348 1603; x_wconf 86' lang='lat' dir='ltr'>Sed</span> <span class='ocrx_word' id='word_1_89' title='bbox 3393 1538 3598 1603; x_wconf 89' lang='lat' dir='ltr'>licen·</span> 
     </span>
     <span class='ocr_line' id='line_1_10' title="bbox 733 1633 3599 1725; baseline 0 -23"><span class='ocrx_word' id='word_1_90' title='bbox 733 1640 881 1702; x_wconf 91' lang='lat' dir='ltr'>ciati</span> <span class='ocrx_word' id='word_1_91' title='bbox 939 1639 1006 1702; x_wconf 94' lang='lat' dir='ltr'>in</span> <span class='ocrx_word' id='word_1_92' title='bbox 1052 1633 1114 1723; x_wconf 84' lang='lat'>[3</span> <span class='ocrx_word' id='word_1_93' title='bbox 1127 1633 1178 1725; x_wconf 78' lang='lat'>⁸]</span> <span class='ocrx_word' id='word_1_94' title='bbox 1227 1635 1509 1717; x_wconf 88' lang='lat' dir='ltr'>artibus,</span> <span class='ocrx_word' id='word_1_95' title='bbox 1570 1637 1679 1723; x_wconf 89' lang='lat' dir='ltr'>qui</span> <span class='ocrx_word' id='word_1_96' title='bbox 1740 1645 1890 1700; x_wconf 89' lang='lat' dir='ltr'>ante</span> <span class='ocrx_word' id='word_1_97' title='bbox 1948 1634 2433 1702; x_wconf 89' lang='lat' dir='ltr'>licenciaturam</span> <span class='ocrx_word' id='word_1_98' title='bbox 2488 1637 2557 1700; x_wconf 91' lang='lat' dir='ltr'>in</span> <span class='ocrx_word' id='word_1_99' title='bbox 2612 1634 2861 1701; x_wconf 90' lang='lat' dir='ltr'>artibus</span> <span class='ocrx_word' id='word_1_100' title='bbox 2916 1635 3334 1720; x_wconf 84' lang='lat' dir='ltr'>audiverunt,</span> <span class='ocrx_word' id='word_1_101' title='bbox 3395 1637 3599 1703; x_wconf 90' lang='lat' dir='ltr'>modo</span> 
     </span>
     <span class='ocr_line' id='line_1_11' title="bbox 656 1734 3601 1824; baseline 0 -22"><span class='ocrx_word' id='word_1_102' title='bbox 656 1748 862 1824; x_wconf 76' lang='lat' dir='ltr'>loquo</span> <span class='ocrx_word' id='word_1_103' title='bbox 909 1758 1127 1823; x_wconf 88' lang='lat' dir='ltr'>supra,</span> <span class='ocrx_word' id='word_1_104' title='bbox 1182 1747 1331 1822; x_wconf 88' lang='lat' dir='ltr'>post</span> <span class='ocrx_word' id='word_1_105' title='bbox 1368 1734 1858 1823; x_wconf 83' lang='lat' dir='ltr'>quadriennium</span> <span class='ocrx_word' id='word_1_106' title='bbox 1908 1735 1993 1800; x_wconf 90' lang='lat' dir='ltr'>ad</span> <span class='ocrx_word' id='word_1_107' title='bbox 2045 1757 2305 1801; x_wconf 91' lang='lat' dir='ltr'>cursum</span> <span class='ocrx_word' id='word_1_108' title='bbox 2361 1736 2816 1818; x_wconf 82' lang='lat' dir='ltr'>admittantur3</span> <span class='ocrx_word' id='word_1_109' title='bbox 2877 1736 2932 1800; x_wconf 92' lang='lat' dir='ltr'>si</span> <span class='ocrx_word' id='word_1_110' title='bbox 2974 1746 3187 1800; x_wconf 90' lang='lat' dir='ltr'>autem</span> <span class='ocrx_word' id='word_1_111' title='bbox 3230 1760 3361 1802; x_wconf 89' lang='lat' dir='ltr'>non</span> <span class='ocrx_word' id='word_1_112' title='bbox 3406 1739 3601 1823; x_wconf 86' lang='lat' dir='ltr'>prius</span> 
     </span>
     <span class='ocr_line' id='line_1_12' title="bbox 735 1833 3597 1922; baseline 0 -21"><span class='ocrx_word' id='word_1_113' title='bbox 735 1836 1124 1902; x_wconf 87' lang='lat' dir='ltr'>audiverunt</span> <span class='ocrx_word' id='word_1_114' title='bbox 1165 1837 1231 1898; x_wconf 92' lang='lat' dir='ltr'>in</span> <span class='ocrx_word' id='word_1_115' title='bbox 1275 1833 1602 1920; x_wconf 87' lang='lat' dir='ltr'>theologia</span> <span class='ocrx_word' id='word_1_116' title='bbox 1647 1843 1788 1916; x_wconf 68' lang='lat' dir='ltr'>etc„</span> <span class='ocrx_word' id='word_1_117' title='bbox 1843 1844 2188 1921; x_wconf 84' lang='lat' dir='ltr'>expectent</span> <span class='ocrx_word' id='word_1_118' title='bbox 2242 1857 2361 1921; x_wconf 89' lang='lat' dir='ltr'>per</span> <span class='ocrx_word' id='word_1_119' title='bbox 2417 1835 2841 1922; x_wconf 84' lang='lat' dir='ltr'>septennium,</span> <span class='ocrx_word' id='word_1_120' title='bbox 2898 1844 3240 1922; x_wconf 86' lang='lat' dir='ltr'>antequam</span> <span class='ocrx_word' id='word_1_121' title='bbox 3302 1836 3389 1901; x_wconf 90' lang='lat' dir='ltr'>ad</span> <span class='ocrx_word' id='word_1_122' title='bbox 3450 1859 3597 1901; x_wconf 90' lang='lat' dir='ltr'>cur·</span> 
     </span>
     <span class='ocr_line' id='line_1_13' title="bbox 735 1932 3598 2022; baseline -0 -22"><span class='ocrx_word' id='word_1_123' title='bbox 735 1958 875 2000; x_wconf 92' lang='lat' dir='ltr'>sum</span> <span class='ocrx_word' id='word_1_124' title='bbox 922 1934 1430 2000; x_wconf 87' lang='lat' dir='ltr'>a&#39;dsummantur.</span> <span class='ocrx_word' id='word_1_125' title='bbox 1506 1933 1876 2020; x_wconf 87' lang='lat' dir='ltr'>Religiosus</span> <span class='ocrx_word' id='word_1_126' title='bbox 1920 1933 2001 1997; x_wconf 92' lang='lat' dir='ltr'>de</span> <span class='ocrx_word' id='word_1_127' title='bbox 2045 1932 2270 1999; x_wconf 89' lang='lat' dir='ltr'>ordine</span> <span class='ocrx_word' id='word_1_128' title='bbox 2313 1933 2848 2018; x_wconf 88' lang='lat' dir='ltr'>mendicancium,</span> <span class='ocrx_word' id='word_1_129' title='bbox 2892 1957 3014 2022; x_wconf 89' lang='lat' dir='ltr'>per</span> <span class='ocrx_word' id='word_1_130' title='bbox 3063 1958 3247 1999; x_wconf 90' lang='lat' dir='ltr'>suum</span> <span class='ocrx_word' id='word_1_131' title='bbox 3293 1934 3598 2001; x_wconf 83' lang='lat' dir='ltr'>ordinem</span> 
     </span>
     <span class='ocr_line' id='line_1_14' title="bbox 732 2031 3595 2122; baseline 0 -23"><span class='ocrx_word' id='word_1_132' title='bbox 732 2042 1201 2122; x_wconf 73' lang='lat' dir='ltr'>praesentatuS,</span> <span class='ocrx_word' id='word_1_133' title='bbox 1260 2031 1345 2097; x_wconf 91' lang='lat' dir='ltr'>ad</span> <span class='ocrx_word' id='word_1_134' title='bbox 1391 2032 1660 2097; x_wconf 87' lang='lat' dir='ltr'>eundem</span> <span class='ocrx_word' id='word_1_135' title='bbox 1708 2056 1966 2097; x_wconf 90' lang='lat' dir='ltr'>cursum</span> <span class='ocrx_word' id='word_1_136' title='bbox 2012 2032 2395 2098; x_wconf 79' lang='lat' dir='ltr'>admittatur</span> <span class='ocrx_word' id='word_1_137' title='bbox 2439 2043 2502 2097; x_wconf 89' lang='lat' dir='ltr'>et</span> <span class='ocrx_word' id='word_1_138' title='bbox 2546 2042 3010 2121; x_wconf 84' lang='lat' dir='ltr'>consequenter</span> <span class='ocrx_word' id='word_1_139' title='bbox 3062 2032 3147 2098; x_wconf 87' lang='lat' dir='ltr'>ad</span> <span class='ocrx_word' id='word_1_140' title='bbox 3202 2037 3595 2117; x_wconf 82' lang='lat' dir='ltr'>sentencias,</span> 
     </span>
     <span class='ocr_line' id='line_1_15' title="bbox 731 2130 3597 2220; baseline -0 -22"><span class='ocrx_word' id='word_1_141' title='bbox 731 2155 982 2199; x_wconf 89' lang='lat' dir='ltr'>necnon</span> <span class='ocrx_word' id='word_1_142' title='bbox 1026 2131 1112 2196; x_wconf 91' lang='lat' dir='ltr'>ad</span> <span class='ocrx_word' id='word_1_143' title='bbox 1153 2131 1466 2197; x_wconf 86' lang='lat' dir='ltr'>ulteriora</span> <span class='ocrx_word' id='word_1_144' title='bbox 1509 2130 1860 2195; x_wconf 90' lang='lat' dir='ltr'>secundum</span> <span class='ocrx_word' id='word_1_145' title='bbox 1915 2142 2159 2197; x_wconf 87' lang='lat' dir='ltr'>statuta</span> <span class='ocrx_word' id='word_1_146' title='bbox 2215 2132 2564 2197; x_wconf 75' lang='lat' dir='ltr'>facultatis·</span> <span class='ocrx_word' id='word_1_147' title='bbox 2648 2133 2810 2198; x_wconf 90' lang='lat' dir='ltr'>Item</span> <span class='ocrx_word' id='word_1_148' title='bbox 2865 2131 3231 2218; x_wconf 77' lang='lat' dir='ltr'>religiosuS,</span> <span class='ocrx_word' id='word_1_149' title='bbox 3289 2136 3402 2220; x_wconf 91' lang='lat' dir='ltr'>qui</span> <span class='ocrx_word' id='word_1_150' title='bbox 3458 2156 3597 2199; x_wconf 91' lang='lat' dir='ltr'>non</span> 
     </span>
     <span class='ocr_line' id='line_1_16' title="bbox 654 2230 3593 2317; baseline -0.001 -19"><span class='ocrx_word' id='word_1_151' title='bbox 654 2242 715 2298; x_wconf 82' lang='lat'>15</span> <span class='ocrx_word' id='word_1_152' title='bbox 737 2243 835 2298; x_wconf 89' lang='lat' dir='ltr'>est</span> <span class='ocrx_word' id='word_1_153' title='bbox 877 2232 958 2296; x_wconf 88' lang='lat' dir='ltr'>de</span> <span class='ocrx_word' id='word_1_154' title='bbox 1004 2230 1229 2296; x_wconf 89' lang='lat' dir='ltr'>ordine</span> <span class='ocrx_word' id='word_1_155' title='bbox 1272 2230 1808 2314; x_wconf 89' lang='lat' dir='ltr'>mendicancium,</span> <span class='ocrx_word' id='word_1_156' title='bbox 1865 2232 1920 2295; x_wconf 91' lang='lat' dir='ltr'>si</span> <span class='ocrx_word' id='word_1_157' title='bbox 1970 2231 2166 2295; x_wconf 86' lang='lat' dir='ltr'>fuerit</span> <span class='ocrx_word' id='word_1_158' title='bbox 2219 2232 2530 2317; x_wconf 89' lang='lat' dir='ltr'>magister</span> <span class='ocrx_word' id='word_1_159' title='bbox 2572 2232 2836 2314; x_wconf 89' lang='lat' dir='ltr'>arcium,</span> <span class='ocrx_word' id='word_1_160' title='bbox 2892 2230 3271 2296; x_wconf 83' lang='lat' dir='ltr'>admittatur</span> <span class='ocrx_word' id='word_1_161' title='bbox 3314 2232 3403 2297; x_wconf 90' lang='lat' dir='ltr'>ad</span> <span class='ocrx_word' id='word_1_162' title='bbox 3447 2255 3593 2296; x_wconf 88' lang='lat' dir='ltr'>cur·</span> 
     </span>
     <span class='ocr_line' id='line_1_17' title="bbox 733 2329 3592 2416; baseline -0 -21"><span class='ocrx_word' id='word_1_163' title='bbox 733 2354 873 2395; x_wconf 92' lang='lat' dir='ltr'>sum</span> <span class='ocrx_word' id='word_1_164' title='bbox 920 2330 1268 2395; x_wconf 87' lang='lat' dir='ltr'>secundum</span> <span class='ocrx_word' id='word_1_165' title='bbox 1329 2331 1604 2396; x_wconf 90' lang='lat' dir='ltr'>formam</span> <span class='ocrx_word' id='word_1_166' title='bbox 1650 2329 2113 2416; x_wconf 86' lang='lat' dir='ltr'>supradictam,</span> <span class='ocrx_word' id='word_1_167' title='bbox 2174 2331 2350 2396; x_wconf 86' lang='lat' dir='ltr'>circa</span> <span class='ocrx_word' id='word_1_168' title='bbox 2393 2330 2555 2396; x_wconf 91' lang='lat' dir='ltr'>alios</span> <span class='ocrx_word' id='word_1_169' title='bbox 2598 2332 2947 2416; x_wconf 86' lang='lat' dir='ltr'>magistros</span> <span class='ocrx_word' id='word_1_170' title='bbox 2993 2332 3235 2395; x_wconf 89' lang='lat' dir='ltr'>arcium</span> <span class='ocrx_word' id='word_1_171' title='bbox 3279 2353 3592 2416; x_wconf 86' lang='lat' dir='ltr'>praesen·</span> 
     </span>
     <span class='ocr_line' id='line_1_18' title="bbox 729 2428 3599 2516; baseline 0 -22"><span class='ocrx_word' id='word_1_172' title='bbox 729 2429 961 2495; x_wconf 86' lang='lat' dir='ltr'>tandos</span> <span class='ocrx_word' id='word_1_173' title='bbox 1008 2428 1094 2494; x_wconf 87' lang='lat' dir='ltr'>ad</span> <span class='ocrx_word' id='word_1_174' title='bbox 1135 2452 1394 2494; x_wconf 87' lang='lat' dir='ltr'>cursum</span> <span class='ocrx_word' id='word_1_175' title='bbox 1429 2428 1921 2495; x_wconf 86' lang='lat' dir='ltr'>observandam.</span> <span class='ocrx_word' id='word_1_176' title='bbox 2003 2429 2075 2494; x_wconf 85' lang='lat' dir='ltr'>Si</span> <span class='ocrx_word' id='word_1_177' title='bbox 2119 2451 2273 2494; x_wconf 83' lang='lat' dir='ltr'>vero</span> <span class='ocrx_word' id='word_1_178' title='bbox 2323 2452 2453 2494; x_wconf 89' lang='lat' dir='ltr'>non</span> <span class='ocrx_word' id='word_1_179' title='bbox 2509 2429 2706 2495; x_wconf 86' lang='lat' dir='ltr'>fuerit</span> <span class='ocrx_word' id='word_1_180' title='bbox 2763 2430 3093 2516; x_wconf 88' lang='lat' dir='ltr'>magister,</span> <span class='ocrx_word' id='word_1_181' title='bbox 3154 2440 3307 2493; x_wconf 89' lang='lat' dir='ltr'>tunc</span> <span class='ocrx_word' id='word_1_182' title='bbox 3362 2429 3599 2494; x_wconf 85' lang='lat' dir='ltr'>audiat</span> 
     </span>
     <span class='ocr_line' id='line_1_19' title="bbox 732 2527 3546 2615; baseline 0 -21"><span class='ocrx_word' id='word_1_183' title='bbox 732 2540 796 2594; x_wconf 90' lang='lat' dir='ltr'>et</span> <span class='ocrx_word' id='word_1_184' title='bbox 839 2527 1093 2594; x_wconf 88' lang='lat' dir='ltr'>studeat</span> <span class='ocrx_word' id='word_1_185' title='bbox 1132 2530 1198 2592; x_wconf 92' lang='lat' dir='ltr'>in</span> <span class='ocrx_word' id='word_1_186' title='bbox 1242 2527 1566 2614; x_wconf 85' lang='lat' dir='ltr'>theologia</span> <span class='ocrx_word' id='word_1_187' title='bbox 1607 2553 1724 2615; x_wconf 91' lang='lat' dir='ltr'>per</span> <span class='ocrx_word' id='word_1_188' title='bbox 1764 2528 2286 2615; x_wconf 87' lang='lat' dir='ltr'>quinquennium,</span> <span class='ocrx_word' id='word_1_189' title='bbox 2331 2540 2676 2614; x_wconf 89' lang='lat' dir='ltr'>antequam</span> <span class='ocrx_word' id='word_1_190' title='bbox 2718 2527 2803 2593; x_wconf 87' lang='lat' dir='ltr'>ad</span> <span class='ocrx_word' id='word_1_191' title='bbox 2840 2549 3102 2594; x_wconf 88' lang='lat' dir='ltr'>cursum</span> <span class='ocrx_word' id='word_1_192' title='bbox 3146 2528 3546 2594; x_wconf 84' lang='lat' dir='ltr'>admittatur.</span> 
     </span>
    </p>
   </div>
   <div class='ocr_carea' id='block_1_3' title="bbox 1169 2717 3132 2778">
    <p class='ocr_par' dir='ltr' id='par_1_3' title="bbox 1169 2717 3132 2778">
     <span class='ocr_line' id='line_1_20' title="bbox 1169 2717 3132 2778; baseline -0.002 -2"><span class='ocrx_word' id='word_1_193' title='bbox 1169 2717 1222 2776; x_wconf 78' lang='lat'>2.</span> <span class='ocrx_word' id='word_1_194' title='bbox 1271 2729 1566 2777; x_wconf 75' lang='lat' dir='ltr'>RUBRICA</span> <span class='ocrx_word' id='word_1_195' title='bbox 1612 2729 1706 2776; x_wconf 87' lang='lat' dir='ltr'>DE</span> <span class='ocrx_word' id='word_1_196' title='bbox 1753 2729 2080 2776; x_wconf 79' lang='lat' dir='ltr'>TEMPORE</span> <span class='ocrx_word' id='word_1_197' title='bbox 2126 2729 2657 2776; x_wconf 74' lang='lat' dir='ltr'>PRAESENTANDI</span> <span class='ocrx_word' id='word_1_198' title='bbox 2701 2730 2795 2777; x_wconf 86' lang='lat' dir='ltr'>AD</span> <span class='ocrx_word' id='word_1_199' title='bbox 2839 2728 3132 2778; x_wconf 77' lang='lat' dir='ltr'>CURSUM.</span> 
     </span>
    </p>
   </div>
   <div class='ocr_carea' id='block_1_4' title="bbox 648 2856 3589 3048">
    <p class='ocr_par' dir='ltr' id='par_1_4' title="bbox 648 2856 3589 3048">
     <span class='ocr_line' id='line_1_21' title="bbox 648 2856 3589 2949; baseline -0.001 -21"><span class='ocrx_word' id='word_1_200' title='bbox 648 2873 714 2928; x_wconf 87' lang='grc'>20</span> <span class='ocrx_word' id='word_1_201' title='bbox 899 2861 1140 2926; x_wconf 90' lang='lat' dir='ltr'>Volens</span> <span class='ocrx_word' id='word_1_202' title='bbox 1187 2861 1556 2946; x_wconf 83' lang='lat' dir='ltr'>promoveri</span> <span class='ocrx_word' id='word_1_203' title='bbox 1600 2860 1685 2925; x_wconf 90' lang='lat' dir='ltr'>ad</span> <span class='ocrx_word' id='word_1_204' title='bbox 1725 2860 2071 2946; x_wconf 88' lang='lat' dir='ltr'>legendum</span> <span class='ocrx_word' id='word_1_205' title='bbox 2115 2884 2375 2927; x_wconf 86' lang='lat' dir='ltr'>cursum</span> <span class='ocrx_word' id='word_1_206' title='bbox 2420 2861 2522 2927; x_wconf 83' lang='lat' dir='ltr'>vel</span> <span class='ocrx_word' id='word_1_207' title='bbox 2568 2862 2654 2927; x_wconf 91' lang='lat' dir='ltr'>ad</span> <span class='ocrx_word' id='word_1_208' title='bbox 2697 2861 2943 2927; x_wconf 90' lang='lat' dir='ltr'>alciora</span> <span class='ocrx_word' id='word_1_209' title='bbox 2983 2856 3374 2949; x_wconf 74' lang='lat' dir='ltr'>te[3b]netur</span> <span class='ocrx_word' id='word_1_210' title='bbox 3418 2861 3589 2925; x_wconf 85' lang='lat' dir='ltr'>iufra</span> 
     </span>
     <span class='ocr_line' id='line_1_22' title="bbox 729 2959 2802 3048; baseline -0.001 -21"><span class='ocrx_word' id='word_1_211' title='bbox 729 2983 1013 3027; x_wconf 89' lang='lat' dir='ltr'>mensem</span> <span class='ocrx_word' id='word_1_212' title='bbox 1053 2960 1222 3024; x_wconf 88' lang='lat' dir='ltr'>Iunii</span> <span class='ocrx_word' id='word_1_213' title='bbox 1271 2969 1508 3044; x_wconf 88' lang='lat' dir='ltr'>petere,</span> <span class='ocrx_word' id='word_1_214' title='bbox 1554 2981 1623 3022; x_wconf 91' lang='lat' dir='ltr'>se</span> <span class='ocrx_word' id='word_1_215' title='bbox 1668 2959 1753 3024; x_wconf 89' lang='lat' dir='ltr'>ad</span> <span class='ocrx_word' id='word_1_216' title='bbox 1798 2959 2135 3045; x_wconf 87' lang='lat' dir='ltr'>praedicta</span> <span class='ocrx_word' id='word_1_217' title='bbox 2176 2963 2381 3048; x_wconf 88' lang='lat' dir='ltr'>recipi</span> <span class='ocrx_word' id='word_1_218' title='bbox 2427 2972 2490 3025; x_wconf 89' lang='lat' dir='ltr'>et</span> <span class='ocrx_word' id='word_1_219' title='bbox 2529 2961 2802 3026; x_wconf 87' lang='lat' dir='ltr'>admitti.</span> 
     </span>
    </p>
   </div>
   <div class='ocr_carea' id='block_1_5' title="bbox 798 3168 3501 3242">
    <p class='ocr_par' dir='ltr' id='par_1_5' title="bbox 798 3168 3501 3242">
     <span class='ocr_line' id='line_1_23' title="bbox 798 3168 3501 3242; baseline -0.002 -14"><span class='ocrx_word' id='word_1_220' title='bbox 798 3168 856 3230; x_wconf 81' lang='lat'>3·</span> <span class='ocrx_word' id='word_1_221' title='bbox 902 3176 1201 3226; x_wconf 68' lang='lat' dir='ltr'>1³1]ssch</span> <span class='ocrx_word' id='word_1_222' title='bbox 1245 3177 1337 3224; x_wconf 89' lang='lat' dir='ltr'>DE</span> <span class='ocrx_word' id='word_1_223' title='bbox 1384 3175 1755 3242; x_wconf 77' lang='lat' dir='ltr'>MAGISTRO,</span> <span class='ocrx_word' id='word_1_224' title='bbox 1799 3177 2112 3239; x_wconf 73' lang='lat' dir='ltr'><strong>ALIQUEM</strong></span> <span class='ocrx_word' id='word_1_225' title='bbox 2156 3178 2251 3225; x_wconf 86' lang='lat' dir='ltr'>AD</span> <span class='ocrx_word' id='word_1_226' title='bbox 2299 3178 2573 3227; x_wconf 79' lang='lat' dir='ltr'>CURSUM</span> <span class='ocrx_word' id='word_1_227' title='bbox 2616 3176 3111 3230; x_wconf 74' lang='lat' dir='ltr'>PRAESENTARE</span> <span class='ocrx_word' id='word_1_228' title='bbox 3155 3176 3501 3226; x_wconf 71' lang='lat' dir='ltr'><strong>VOLENTE.</strong></span> 
     </span>
    </p>
   </div>
   <div class='ocr_carea' id='block_1_6' title="bbox 635 3307 3585 5182">
    <p class='ocr_par' dir='ltr' id='par_1_6' title="bbox 635 3307 3585 5182">
     <span class='ocr_line' id='line_1_24' title="bbox 893 3307 3581 3397; baseline -0 -24"><span class='ocrx_word' id='word_1_229' title='bbox 893 3310 1229 3394; x_wconf 88' lang='lat' dir='ltr'>Magister,</span> <span class='ocrx_word' id='word_1_230' title='bbox 1273 3307 1499 3374; x_wconf 87' lang='lat' dir='ltr'>volens</span> <span class='ocrx_word' id='word_1_231' title='bbox 1544 3308 1821 3395; x_wconf 87' lang='lat' dir='ltr'>aliquem</span> <span class='ocrx_word' id='word_1_232' title='bbox 1871 3320 2294 3396; x_wconf 87' lang='lat' dir='ltr'>praesentare</span> <span class='ocrx_word' id='word_1_233' title='bbox 2339 3309 2424 3376; x_wconf 88' lang='lat' dir='ltr'>ad</span> <span class='ocrx_word' id='word_1_234' title='bbox 2469 3333 2730 3376; x_wconf 90' lang='lat' dir='ltr'>cursum</span> <span class='ocrx_word' id='word_1_235' title='bbox 2775 3310 3136 3397; x_wconf 90' lang='lat' dir='ltr'>legendum,</span> <span class='ocrx_word' id='word_1_236' title='bbox 3191 3312 3377 3397; x_wconf 88' lang='lat' dir='ltr'>prius</span> <span class='ocrx_word' id='word_1_237' title='bbox 3420 3308 3581 3373; x_wconf 86' lang='lat' dir='ltr'>bene</span> 
     </span>
     <span class='ocr_line' id='line_1_25' title="bbox 729 3406 3583 3497; baseline -0.001 -22"><span class='ocrx_word' id='word_1_238' title='bbox 729 3411 1109 3475; x_wconf 84' lang='lat' dir='ltr'>informatus</span> <span class='ocrx_word' id='word_1_239' title='bbox 1175 3407 1256 3472; x_wconf 89' lang='lat' dir='ltr'>de</span> <span class='ocrx_word' id='word_1_240' title='bbox 1322 3406 1760 3494; x_wconf 88' lang='lat' dir='ltr'>complecione</span> <span class='ocrx_word' id='word_1_241' title='bbox 1827 3409 2336 3495; x_wconf 90' lang='lat' dir='ltr'>praedictorum,</span> <span class='ocrx_word' id='word_1_242' title='bbox 2411 3411 2699 3497; x_wconf 90' lang='lat' dir='ltr'>requirat</span> <span class='ocrx_word' id='word_1_243' title='bbox 2756 3409 3074 3475; x_wconf 89' lang='lat' dir='ltr'>decanum</span> <span class='ocrx_word' id='word_1_244' title='bbox 3137 3410 3218 3475; x_wconf 90' lang='lat' dir='ltr'>de</span> <span class='ocrx_word' id='word_1_245' title='bbox 3282 3407 3583 3474; x_wconf 84' lang='lat' dir='ltr'>facienda</span> 
     </span>
     <span class='ocr_line' id='line_1_26' title="bbox 643 3508 3581 3597; baseline -0.001 -23"><span class='ocrx_word' id='word_1_246' title='bbox 643 3519 710 3574; x_wconf 87' lang='lat'>25</span> <span class='ocrx_word' id='word_1_247' title='bbox 732 3509 1244 3594; x_wconf 84' lang='lat' dir='ltr'>congregacione</span> <span class='ocrx_word' id='word_1_248' title='bbox 1285 3509 1568 3574; x_wconf 88' lang='lat' dir='ltr'>omnium</span> <span class='ocrx_word' id='word_1_249' title='bbox 1607 3510 2067 3595; x_wconf 88' lang='lat' dir='ltr'>magistrorum</span> <span class='ocrx_word' id='word_1_250' title='bbox 2114 3511 2485 3595; x_wconf 90' lang='lat' dir='ltr'>regencium</span> <span class='ocrx_word' id='word_1_251' title='bbox 2530 3509 2615 3574; x_wconf 88' lang='lat' dir='ltr'>ad</span> <span class='ocrx_word' id='word_1_252' title='bbox 2655 3508 3097 3597; x_wconf 89' lang='lat' dir='ltr'>recipiendum</span> <span class='ocrx_word' id='word_1_253' title='bbox 3141 3508 3339 3574; x_wconf 85' lang='lat' dir='ltr'>talem</span> <span class='ocrx_word' id='word_1_254' title='bbox 3380 3509 3581 3573; x_wconf 90' lang='lat' dir='ltr'>nomi·</span> 
     </span>
     <span class='ocr_line' id='line_1_27' title="bbox 729 3606 3583 3695; baseline -0.001 -21"><span class='ocrx_word' id='word_1_255' title='bbox 729 3620 948 3674; x_wconf 89' lang='lat' dir='ltr'>natum</span> <span class='ocrx_word' id='word_1_256' title='bbox 1007 3609 1273 3694; x_wconf 86' lang='lat' dir='ltr'>proprio</span> <span class='ocrx_word' id='word_1_257' title='bbox 1321 3629 1433 3671; x_wconf 91' lang='lat' dir='ltr'>suo</span> <span class='ocrx_word' id='word_1_258' title='bbox 1474 3608 1732 3672; x_wconf 88' lang='lat' dir='ltr'>nomine</span> <span class='ocrx_word' id='word_1_259' title='bbox 1792 3607 1877 3673; x_wconf 91' lang='lat' dir='ltr'>ad</span> <span class='ocrx_word' id='word_1_260' title='bbox 1923 3631 2185 3673; x_wconf 90' lang='lat' dir='ltr'>cursum</span> <span class='ocrx_word' id='word_1_261' title='bbox 2240 3606 2603 3695; x_wconf 88' lang='lat' dir='ltr'>legendum.</span> <span class='ocrx_word' id='word_1_262' title='bbox 2685 3608 2898 3689; x_wconf 78' lang='lat' dir='ltr'>Quam</span> <span class='ocrx_word' id='word_1_263' title='bbox 2956 3608 3217 3695; x_wconf 87' lang='lat' dir='ltr'>quidem</span> <span class='ocrx_word' id='word_1_264' title='bbox 3269 3629 3583 3674; x_wconf 84' lang='lat' dir='ltr'>convoca·</span> 
     </span>
     <span class='ocr_line' id='line_1_28' title="bbox 730 3705 3583 3793; baseline -0 -22"><span class='ocrx_word' id='word_1_265' title='bbox 730 3709 977 3771; x_wconf 87' lang='lat' dir='ltr'>cionem</span> <span class='ocrx_word' id='word_1_266' title='bbox 1020 3705 1305 3771; x_wconf 89' lang='lat' dir='ltr'>decanus</span> <span class='ocrx_word' id='word_1_267' title='bbox 1345 3714 1599 3771; x_wconf 87' lang='lat' dir='ltr'>tenetur</span> <span class='ocrx_word' id='word_1_268' title='bbox 1642 3707 1860 3772; x_wconf 89' lang='lat' dir='ltr'>facere</span> <span class='ocrx_word' id='word_1_269' title='bbox 1902 3708 2064 3773; x_wconf 91' lang='lat' dir='ltr'>hora</span> <span class='ocrx_word' id='word_1_270' title='bbox 2105 3719 2169 3771; x_wconf 89' lang='lat' dir='ltr'>et</span> <span class='ocrx_word' id='word_1_271' title='bbox 2207 3706 2347 3773; x_wconf 93' lang='lat' dir='ltr'>loco</span> <span class='ocrx_word' id='word_1_272' title='bbox 2391 3708 2924 3774; x_wconf 83' lang='lat' dir='ltr'>convenientibus</span> <span class='ocrx_word' id='word_1_273' title='bbox 2968 3707 3281 3773; x_wconf 87' lang='lat' dir='ltr'>facultati.</span> <span class='ocrx_word' id='word_1_274' title='bbox 3339 3707 3417 3772; x_wconf 90' lang='lat' dir='ltr'>In</span> <span class='ocrx_word' id='word_1_275' title='bbox 3453 3729 3583 3793; x_wconf 88' lang='lat' dir='ltr'>qua</span> 
     </span>
     <span class='ocr_line' id='line_1_29' title="bbox 728 3804 3585 3894; baseline -0.001 -22"><span class='ocrx_word' id='word_1_276' title='bbox 728 3807 1199 3873; x_wconf 83' lang='lat' dir='ltr'>convocacione</span> <span class='ocrx_word' id='word_1_277' title='bbox 1253 3804 1403 3870; x_wconf 88' lang='lat' dir='ltr'>talis</span> <span class='ocrx_word' id='word_1_278' title='bbox 1457 3806 1768 3890; x_wconf 86' lang='lat' dir='ltr'>magister</span> <span class='ocrx_word' id='word_1_279' title='bbox 1823 3817 2180 3893; x_wconf 85' lang='lat' dir='ltr'>proponat,</span> <span class='ocrx_word' id='word_1_280' title='bbox 2242 3829 2310 3871; x_wconf 92' lang='lat' dir='ltr'>se</span> <span class='ocrx_word' id='word_1_281' title='bbox 2362 3807 2545 3872; x_wconf 90' lang='lat' dir='ltr'>illum</span> <span class='ocrx_word' id='word_1_282' title='bbox 2599 3806 2763 3873; x_wconf 89' lang='lat' dir='ltr'>velle</span> <span class='ocrx_word' id='word_1_283' title='bbox 2819 3815 3255 3894; x_wconf 86' lang='lat' dir='ltr'>praesentare,</span> <span class='ocrx_word' id='word_1_284' title='bbox 3313 3816 3378 3871; x_wconf 88' lang='lat' dir='ltr'>et</span> <span class='ocrx_word' id='word_1_285' title='bbox 3426 3817 3585 3872; x_wconf 91' lang='lat' dir='ltr'>tunc</span> 
     </span>
     <span class='ocr_line' id='line_1_30' title="bbox 726 3904 3583 3994; baseline -0.001 -22"><span class='ocrx_word' id='word_1_286' title='bbox 726 3907 1025 3991; x_wconf 86' lang='lat' dir='ltr'>magistri</span> <span class='ocrx_word' id='word_1_287' title='bbox 1067 3914 1368 3990; x_wconf 90' lang='lat' dir='ltr'>regentes</span> <span class='ocrx_word' id='word_1_288' title='bbox 1411 3905 1477 3968; x_wconf 94' lang='lat' dir='ltr'>in</span> <span class='ocrx_word' id='word_1_289' title='bbox 1521 3906 1818 3990; x_wconf 85' lang='lat' dir='ltr'>magistri</span> <span class='ocrx_word' id='word_1_290' title='bbox 1860 3915 2281 3994; x_wconf 86' lang='lat' dir='ltr'>praesentare</span> <span class='ocrx_word' id='word_1_291' title='bbox 2309 3905 2584 3972; x_wconf 83' lang='lat' dir='ltr'>volentis</span> <span class='ocrx_word' id='word_1_292' title='bbox 2627 3905 2936 3973; x_wconf 89' lang='lat' dir='ltr'>absencia</span> <span class='ocrx_word' id='word_1_293' title='bbox 2979 3905 3060 3971; x_wconf 89' lang='lat' dir='ltr'>de</span> <span class='ocrx_word' id='word_1_294' title='bbox 3101 3904 3583 3993; x_wconf 89' lang='lat' dir='ltr'>praesentando</span> 
     </span>
     <span class='ocr_line' id='line_1_31' title="bbox 644 4003 3583 4088; baseline -0.001 -16"><span class='ocrx_word' id='word_1_295' title='bbox 644 4017 713 4072; x_wconf 88' lang='grc'>30</span> <span class='ocrx_word' id='word_1_296' title='bbox 733 4005 1214 4085; x_wconf 88' lang='lat' dir='ltr'>deliberabunt,</span> <span class='ocrx_word' id='word_1_297' title='bbox 1274 4011 1337 4067; x_wconf 90' lang='lat' dir='ltr'>et</span> <span class='ocrx_word' id='word_1_298' title='bbox 1400 4004 1457 4067; x_wconf 90' lang='lat' dir='ltr'>si</span> <span class='ocrx_word' id='word_1_299' title='bbox 1501 4026 1723 4069; x_wconf 92' lang='lat' dir='ltr'>omnes</span> <span class='ocrx_word' id='word_1_300' title='bbox 1781 4005 1847 4069; x_wconf 90' lang='lat' dir='ltr'>in</span> <span class='ocrx_word' id='word_1_301' title='bbox 1892 4028 2040 4071; x_wconf 89' lang='lat' dir='ltr'>eum</span> <span class='ocrx_word' id='word_1_302' title='bbox 2096 4006 2566 4088; x_wconf 85' lang='lat' dir='ltr'>consenserint,</span> <span class='ocrx_word' id='word_1_303' title='bbox 2626 4005 3042 4088; x_wconf 83' lang='lat' dir='ltr'>admittatur3</span> <span class='ocrx_word' id='word_1_304' title='bbox 3102 4003 3265 4070; x_wconf 88' lang='lat' dir='ltr'>alias</span> <span class='ocrx_word' id='word_1_305' title='bbox 3319 4028 3470 4087; x_wconf 89' lang='lat' dir='ltr'>non,</span> <span class='ocrx_word' id='word_1_306' title='bbox 3516 4013 3583 4068; x_wconf 89' lang='lat' dir='ltr'>et</span> 
     </span>
     <span class='ocr_line' id='line_1_32' title="bbox 728 4102 3583 4196; baseline -0.001 -26"><span class='ocrx_word' id='word_1_307' title='bbox 728 4106 1111 4192; x_wconf 87' lang='lat' dir='ltr'>praesertim</span> <span class='ocrx_word' id='word_1_308' title='bbox 1153 4105 1208 4167; x_wconf 91' lang='lat' dir='ltr'>si</span> <span class='ocrx_word' id='word_1_309' title='bbox 1251 4102 1702 4168; x_wconf 86' lang='lat' dir='ltr'>contradicens</span> <span class='ocrx_word' id='word_1_310' title='bbox 1743 4103 1920 4168; x_wconf 89' lang='lat' dir='ltr'>dicat</span> <span class='ocrx_word' id='word_1_311' title='bbox 1960 4126 2226 4169; x_wconf 87' lang='lat' dir='ltr'>causam</span> <span class='ocrx_word' id='word_1_312' title='bbox 2270 4103 2432 4170; x_wconf 91' lang='lat' dir='ltr'>adeo</span> <span class='ocrx_word' id='word_1_313' title='bbox 2464 4104 2948 4187; x_wconf 88' lang='lat' dir='ltr'>racionabilem,</span> <span class='ocrx_word' id='word_1_314' title='bbox 2991 4104 3164 4196; x_wconf 91' lang='lat' dir='ltr'>quod</span> <span class='ocrx_word' id='word_1_315' title='bbox 3204 4115 3343 4170; x_wconf 87' lang='lat' dir='ltr'>tota</span> <span class='ocrx_word' id='word_1_316' title='bbox 3379 4102 3583 4168; x_wconf 82' lang='lat' dir='ltr'>facul·</span> 
     </span>
     <span class='ocr_line' id='line_1_33' title="bbox 726 4199 3581 4291; baseline -0.001 -21"><span class='ocrx_word' id='word_1_317' title='bbox 726 4216 828 4271; x_wconf 90' lang='lat' dir='ltr'>tas</span> <span class='ocrx_word' id='word_1_318' title='bbox 874 4203 974 4269; x_wconf 83' lang='lat' dir='ltr'>vel</span> <span class='ocrx_word' id='word_1_319' title='bbox 1032 4205 1241 4269; x_wconf 89' lang='lat' dir='ltr'>maior</span> <span class='ocrx_word' id='word_1_320' title='bbox 1284 4203 1422 4266; x_wconf 88' lang='lat' dir='ltr'>eius</span> <span class='ocrx_word' id='word_1_321' title='bbox 1479 4221 1634 4288; x_wconf 88' lang='lat' dir='ltr'>pars</span> <span class='ocrx_word' id='word_1_322' title='bbox 1678 4202 1999 4289; x_wconf 90' lang='lat' dir='ltr'>approbet</span> <span class='ocrx_word' id='word_1_323' title='bbox 2040 4203 2327 4268; x_wconf 89' lang='lat' dir='ltr'>eandem.</span> <span class='ocrx_word' id='word_1_324' title='bbox 2371 4199 2433 4290; x_wconf 84' lang='lat'>[4</span> <span class='ocrx_word' id='word_1_325' title='bbox 2450 4201 2503 4291; x_wconf 81' lang='lat'>⁸]</span> <span class='ocrx_word' id='word_1_326' title='bbox 2560 4203 2795 4269; x_wconf 86' lang='lat' dir='ltr'>Modus</span> <span class='ocrx_word' id='word_1_327' title='bbox 2850 4213 3065 4269; x_wconf 88' lang='lat' dir='ltr'>autem</span> <span class='ocrx_word' id='word_1_328' title='bbox 3120 4202 3581 4291; x_wconf 87' lang='lat' dir='ltr'>praesentandi</span> 
     </span>
     <span class='ocr_line' id='line_1_34' title="bbox 727 4300 3585 4389; baseline -0.001 -20"><span class='ocrx_word' id='word_1_329' title='bbox 727 4305 849 4369; x_wconf 91' lang='lat' dir='ltr'>erit</span> <span class='ocrx_word' id='word_1_330' title='bbox 905 4302 1077 4384; x_wconf 91' lang='lat' dir='ltr'>talis,</span> <span class='ocrx_word' id='word_1_331' title='bbox 1134 4300 1306 4389; x_wconf 91' lang='lat' dir='ltr'>quod</span> <span class='ocrx_word' id='word_1_332' title='bbox 1361 4302 1672 4385; x_wconf 86' lang='lat' dir='ltr'>magister</span> <span class='ocrx_word' id='word_1_333' title='bbox 1725 4311 2152 4389; x_wconf 89' lang='lat' dir='ltr'>praesentans</span> <span class='ocrx_word' id='word_1_334' title='bbox 2203 4302 2407 4367; x_wconf 87' lang='lat' dir='ltr'>dicat:</span> <span class='ocrx_word' id='word_1_335' title='bbox 2488 4301 2812 4386; x_wconf 88' lang='lat' dir='ltr'>„Domine</span> <span class='ocrx_word' id='word_1_336' title='bbox 2869 4302 3111 4368; x_wconf 89' lang='lat' dir='ltr'>decane</span> <span class='ocrx_word' id='word_1_337' title='bbox 3168 4314 3232 4368; x_wconf 90' lang='lat' dir='ltr'>et</span> <span class='ocrx_word' id='word_1_338' title='bbox 3287 4303 3585 4389; x_wconf 87' lang='lat' dir='ltr'>magistri</span> 
     </span>
     <span class='ocr_line' id='line_1_35' title="bbox 724 4395 3580 4490; baseline -0.001 -21"><span class='ocrx_word' id='word_1_339' title='bbox 724 4402 1099 4483; x_wconf 84' lang='lat' dir='ltr'>reverendi,</span> <span class='ocrx_word' id='word_1_340' title='bbox 1161 4410 1505 4487; x_wconf 88' lang='lat' dir='ltr'>praesento</span> <span class='ocrx_word' id='word_1_341' title='bbox 1552 4395 1741 4466; x_wconf 86' lang='lat' dir='ltr'>vobis</span> <span class='ocrx_word' id='word_1_342' title='bbox 1800 4401 1898 4465; x_wconf 87' lang='lat' dir='ltr'>.N.</span> <span class='ocrx_word' id='word_1_343' title='bbox 1958 4401 2043 4466; x_wconf 90' lang='lat' dir='ltr'>ad</span> <span class='ocrx_word' id='word_1_344' title='bbox 2100 4400 2441 4487; x_wconf 91' lang='lat' dir='ltr'>legendum</span> <span class='ocrx_word' id='word_1_345' title='bbox 2500 4423 2781 4485; x_wconf 90' lang='lat' dir='ltr'>cursum,</span> <span class='ocrx_word' id='word_1_346' title='bbox 2838 4424 3028 4490; x_wconf 89' lang='lat' dir='ltr'>quem</span> <span class='ocrx_word' id='word_1_347' title='bbox 3083 4425 3203 4489; x_wconf 90' lang='lat' dir='ltr'>per</span> <span class='ocrx_word' id='word_1_348' title='bbox 3252 4406 3580 4468; x_wconf 85' lang='lat' dir='ltr'>conscien-</span> 
     </span>
     <span class='ocr_line' id='line_1_36' title="bbox 639 4497 3583 4586; baseline -0.002 -16"><span class='ocrx_word' id='word_1_349' title='bbox 639 4506 894 4571; x_wconf 76' lang='lat' dir='ltr'>350iam</span> <span class='ocrx_word' id='word_1_350' title='bbox 956 4523 1167 4566; x_wconf 89' lang='lat' dir='ltr'>meam</span> <span class='ocrx_word' id='word_1_351' title='bbox 1231 4497 1316 4563; x_wconf 89' lang='lat' dir='ltr'>ad</span> <span class='ocrx_word' id='word_1_352' title='bbox 1380 4497 1504 4564; x_wconf 90' lang='lat' dir='ltr'>hoc</span> <span class='ocrx_word' id='word_1_353' title='bbox 1563 4498 1758 4564; x_wconf 88' lang='lat' dir='ltr'>credo</span> <span class='ocrx_word' id='word_1_354' title='bbox 1814 4522 1956 4564; x_wconf 89' lang='lat' dir='ltr'>esse</span> <span class='ocrx_word' id='word_1_355' title='bbox 2013 4498 2340 4586; x_wconf 78' lang='lat' dir='ltr'>ydoneum</span> <span class='ocrx_word' id='word_1_356' title='bbox 2399 4502 2467 4565; x_wconf 90' lang='lat' dir='ltr'>in</span> <span class='ocrx_word' id='word_1_357' title='bbox 2528 4503 2815 4566; x_wconf 88' lang='lat' dir='ltr'>scientiis</span> <span class='ocrx_word' id='word_1_358' title='bbox 2875 4511 2940 4566; x_wconf 90' lang='lat' dir='ltr'>et</span> <span class='ocrx_word' id='word_1_359' title='bbox 2989 4500 3346 4568; x_wconf 64' lang='lat' dir='ltr'>moribusf‘</span> <span class='ocrx_word' id='word_1_360' title='bbox 3422 4502 3583 4566; x_wconf 88' lang='lat' dir='ltr'>Post</span> 
     </span>
     <span class='ocr_line' id='line_1_37' title="bbox 723 4597 3581 4688; baseline -0.001 -20"><span class='ocrx_word' id='word_1_361' title='bbox 723 4604 886 4668; x_wconf 89' lang='lat' dir='ltr'>haec</span> <span class='ocrx_word' id='word_1_362' title='bbox 932 4600 1215 4665; x_wconf 86' lang='lat' dir='ltr'>decanus</span> <span class='ocrx_word' id='word_1_363' title='bbox 1261 4598 1465 4662; x_wconf 85' lang='lat' dir='ltr'>dicat:</span> <span class='ocrx_word' id='word_1_364' title='bbox 1550 4597 1883 4680; x_wconf 88' lang='lat' dir='ltr'>„Admitto</span> <span class='ocrx_word' id='word_1_365' title='bbox 1928 4621 2047 4663; x_wconf 88' lang='lat' dir='ltr'>vos</span> <span class='ocrx_word' id='word_1_366' title='bbox 2103 4600 2362 4664; x_wconf 88' lang='lat' dir='ltr'>nomine</span> <span class='ocrx_word' id='word_1_367' title='bbox 2413 4599 2762 4684; x_wconf 87' lang='lat' dir='ltr'>facultatis,</span> <span class='ocrx_word' id='word_1_368' title='bbox 2824 4599 3004 4666; x_wconf 85' lang='lat' dir='ltr'>salvo</span> <span class='ocrx_word' id='word_1_369' title='bbox 3060 4600 3235 4688; x_wconf 91' lang='lat' dir='ltr'>quod</span> <span class='ocrx_word' id='word_1_370' title='bbox 3291 4602 3581 4667; x_wconf 85' lang='lat' dir='ltr'>iuretis.“</span> 
     </span>
     <span class='ocr_line' id='line_1_38' title="bbox 725 4696 3579 4786; baseline -0 -19"><span class='ocrx_word' id='word_1_371' title='bbox 725 4703 813 4767; x_wconf 83' lang='lat' dir='ltr'>Et</span> <span class='ocrx_word' id='word_1_372' title='bbox 858 4701 1076 4765; x_wconf 81' lang='lat' dir='ltr'>statim</span> <span class='ocrx_word' id='word_1_373' title='bbox 1124 4700 1217 4762; x_wconf 81' lang='lat' dir='ltr'>sic</span> <span class='ocrx_word' id='word_1_374' title='bbox 1261 4697 1584 4764; x_wconf 89' lang='lat' dir='ltr'>admissus</span> <span class='ocrx_word' id='word_1_375' title='bbox 1628 4699 1795 4762; x_wconf 88' lang='lat' dir='ltr'>iuret</span> <span class='ocrx_word' id='word_1_376' title='bbox 1840 4696 2193 4762; x_wconf 90' lang='lat' dir='ltr'>secundum</span> <span class='ocrx_word' id='word_1_377' title='bbox 2237 4698 2510 4764; x_wconf 90' lang='lat' dir='ltr'>formam</span> <span class='ocrx_word' id='word_1_378' title='bbox 2555 4700 2923 4783; x_wconf 83' lang='lat' dir='ltr'>iuramenti,</span> <span class='ocrx_word' id='word_1_379' title='bbox 2974 4722 3141 4786; x_wconf 90' lang='lat' dir='ltr'>quae</span> <span class='ocrx_word' id='word_1_380' title='bbox 3197 4702 3265 4765; x_wconf 93' lang='lat' dir='ltr'>in</span> <span class='ocrx_word' id='word_1_381' title='bbox 3318 4700 3579 4766; x_wconf 82' lang='lat' dir='ltr'>rubrica</span> 
     </span>
     <span class='ocr_line' id='line_1_39' title="bbox 723 4796 3579 4887; baseline 0 -21"><span class='ocrx_word' id='word_1_382' title='bbox 723 4800 1070 4866; x_wconf 87' lang='lat' dir='ltr'>inmediate</span> <span class='ocrx_word' id='word_1_383' title='bbox 1132 4798 1426 4885; x_wconf 89' lang='lat' dir='ltr'>sequenti</span> <span class='ocrx_word' id='word_1_384' title='bbox 1492 4796 1870 4862; x_wconf 87' lang='lat' dir='ltr'>continetur.</span> <span class='ocrx_word' id='word_1_385' title='bbox 1954 4797 2044 4862; x_wconf 85' lang='lat' dir='ltr'>Et</span> <span class='ocrx_word' id='word_1_386' title='bbox 2105 4798 2490 4882; x_wconf 88' lang='lat' dir='ltr'>notandum,</span> <span class='ocrx_word' id='word_1_387' title='bbox 2553 4798 2727 4886; x_wconf 90' lang='lat' dir='ltr'>quod</span> <span class='ocrx_word' id='word_1_388' title='bbox 2786 4797 3055 4887; x_wconf 87' lang='lat' dir='ltr'>quilibet</span> <span class='ocrx_word' id='word_1_389' title='bbox 3115 4802 3579 4886; x_wconf 88' lang='lat' dir='ltr'>magistrorum</span> 
     </span>
     <span class='ocr_line' id='line_1_40' title="bbox 725 4896 3579 4985; baseline -0.001 -20"><span class='ocrx_word' id='word_1_390' title='bbox 725 4903 861 4965; x_wconf 87' lang='lat' dir='ltr'>sine</span> <span class='ocrx_word' id='word_1_391' title='bbox 919 4897 1444 4963; x_wconf 87' lang='lat' dir='ltr'>contradiccione</span> <span class='ocrx_word' id='word_1_392' title='bbox 1504 4897 1939 4984; x_wconf 87' lang='lat' dir='ltr'>cuiuscunque</span> <span class='ocrx_word' id='word_1_393' title='bbox 1998 4899 2241 4982; x_wconf 87' lang='lat' dir='ltr'>poterit</span> <span class='ocrx_word' id='word_1_394' title='bbox 2292 4896 2671 4983; x_wconf 90' lang='lat' dir='ltr'>religiosum</span> <span class='ocrx_word' id='word_1_395' title='bbox 2725 4896 2832 4964; x_wconf 85' lang='lat' dir='ltr'>vel</span> <span class='ocrx_word' id='word_1_396' title='bbox 2884 4920 3017 4963; x_wconf 92' lang='lat' dir='ltr'>non</span> <span class='ocrx_word' id='word_1_397' title='bbox 3066 4899 3443 4985; x_wconf 86' lang='lat' dir='ltr'>religiosum</span> <span class='ocrx_word' id='word_1_398' title='bbox 3499 4897 3579 4963; x_wconf 89' lang='lat' dir='ltr'>de</span> 
     </span>
     <span class='ocr_line' id='line_1_41' title="bbox 635 4995 3579 5085; baseline -0.001 -20"><span class='ocrx_word' id='word_1_399' title='bbox 635 5010 706 5065; x_wconf 70' lang='lat'>40</span> <span class='ocrx_word' id='word_1_400' title='bbox 725 5019 1107 5085; x_wconf 88' lang='lat' dir='ltr'>quacunque</span> <span class='ocrx_word' id='word_1_401' title='bbox 1148 4996 1421 5062; x_wconf 87' lang='lat' dir='ltr'>nacione</span> <span class='ocrx_word' id='word_1_402' title='bbox 1468 4995 1928 5079; x_wconf 84' lang='lat' dir='ltr'>indifferenter,</span> <span class='ocrx_word' id='word_1_403' title='bbox 1986 4995 2334 5062; x_wconf 90' lang='lat' dir='ltr'>dummodo</span> <span class='ocrx_word' id='word_1_404' title='bbox 2379 4997 2542 5063; x_wconf 91' lang='lat' dir='ltr'>alias</span> <span class='ocrx_word' id='word_1_405' title='bbox 2594 4997 2790 5063; x_wconf 84' lang='lat' dir='ltr'>fuerit</span> <span class='ocrx_word' id='word_1_406' title='bbox 2828 4996 3142 5084; x_wconf 83' lang='lat' dir='ltr'>ydoneus,</span> <span class='ocrx_word' id='word_1_407' title='bbox 3186 4998 3272 5064; x_wconf 89' lang='lat' dir='ltr'>ad</span> <span class='ocrx_word' id='word_1_408' title='bbox 3316 5020 3579 5064; x_wconf 86' lang='lat' dir='ltr'>cursum</span> 
     </span>
     <span class='ocr_line' id='line_1_42' title="bbox 722 5095 2048 5182; baseline 0 -21"><span class='ocrx_word' id='word_1_409' title='bbox 722 5107 784 5162; x_wconf 91' lang='lat' dir='ltr'>et</span> <span class='ocrx_word' id='word_1_410' title='bbox 825 5098 1029 5161; x_wconf 89' lang='lat' dir='ltr'>eciam</span> <span class='ocrx_word' id='word_1_411' title='bbox 1073 5095 1160 5161; x_wconf 88' lang='lat' dir='ltr'>ad</span> <span class='ocrx_word' id='word_1_412' title='bbox 1204 5097 1565 5160; x_wconf 89' lang='lat' dir='ltr'>sentencias</span> <span class='ocrx_word' id='word_1_413' title='bbox 1608 5105 2048 5182; x_wconf 88' lang='lat' dir='ltr'>praesentare.</span> 
     </span>
    </p>
   </div>
   <div class='ocr_carea' id='block_1_7' title="bbox 897 5325 1958 5385">
    <p class='ocr_par' dir='ltr' id='par_1_7' title="bbox 897 5325 1958 5385">
     <span class='ocr_line' id='line_1_43' title="bbox 897 5325 1958 5385; baseline -0.002 0"><span class='ocrx_word' id='word_1_414' title='bbox 897 5334 916 5384; x_wconf 82' lang='lat'>1</span> <span class='ocrx_word' id='word_1_415' title='bbox 964 5327 1337 5385; x_wconf 80' lang='lat' dir='ltr'>Gesehrieben</span> <span class='ocrx_word' id='word_1_416' title='bbox 1372 5325 1521 5381; x_wconf 78' lang='lat' dir='ltr'>steht</span> <span class='ocrx_word' id='word_1_417' title='bbox 1552 5328 1958 5383; x_wconf 75' lang='lat' dir='ltr'>sentenciarum.</span> 
     </span>
    </p>
   </div>
  </div>
 </body>
</html>
