4038 6358
1273 557 1378 614 Die
1411 563 1776 614 Reformation
1814 579 1937 615 vom
1972 565 2139 616 Jahre
2181 569 2325 616 1⁴96.
3181 566 3259 632 19

371 749 602 806 tatem
657 741 832 808 edita
879 740 1143 806 realiter
1183 751 1248 808 et
1287 765 1434 808 cum
1477 745 1710 808 effectu
1753 766 1881 830 quo
1929 743 2016 808 ad
2059 745 2278 808 omnia
2312 746 2653 831 supposita
2688 746 3123 833 cuiuscunque
3161 746 3255 811 fa-

373 837 678 906 cultatis
717 843 1013 927 rigorose
1059 841 1515 924 observentur,
1557 843 1778 930 sicque
1823 841 2126 909 doctores
2169 865 2313 908 cum
2372 842 2635 909 birretis
2679 854 2743 908 et
2786 845 3073 931 capuciis
3118 867 3257 910 sca-

371 935 752 1022 pularibus
763 988 783 1022 ,
827 941 1131 1025 magistri
1169 965 1325 1008 vero
1373 964 1518 1008 cum
1559 942 1754 1006 mitra
1811 940 1916 1005 vel
1955 939 2203 1006 birreto
2260 950 2325 1006 et
2378 942 2707 1030 scapulari
2764 942 2850 1007 ad
2916 952 3100 1010 actus
3140 966 3255 1030 pu-

369 1034 612 1102 blicos
665 1037 968 1104 decenter
1005 1048 1070 1104 et
1109 1039 1464 1106 honorifice
1510 1040 1786 1106 vadant:
1831 1041 2187 1125 suppositis
2230 1063 2385 1106 vero
2420 1040 2775 1106 districtius
2809 1040 3254 1126 prohibeatur,

369 1156 460 1198 ne
531 1135 804 1201 colliria
868 1138 1227 1204 0811οο11818
1288 1148 1355 1204 01
1406 1141 1678 1205 nimium
1721 1140 1944 1204 excisa
1999 1138 2289 1225 aliosque
2343 1138 2711 1204 indecentes
2756 1161 2836 1203 ac
2875 1139 3250 1205 inhonestos
3303 1148 3337 1204 5

369 1233 728 1300 habitus’
710 1259 776 1300 m
819 1236 1082 1323 publico
1127 1238 1380 1303 deferre
1421 1247 1861 1324 praesumant,
1901 1239 2197 1302 uxoratis
2244 1246 2461 1302 tamen
2502 1239 2571 1302 in
2614 1237 3002 1324 quibusdam
3033 1237 3255 1326 demp-

369 1334 465 1396 tis
517 1345 598 1398 et
663 1334 844 1400 salvo
911 1359 988 1401 eo
1050 1335 1223 1424 quod
1265 1339 1558 1401 cinctura
1600 1350 1867 1424 propter
1909 1337 2152 1401 bonum
2193 1338 2377 1421 pacis
2427 1349 2491 1401 et
2558 1336 2945 1402 concordiae
3005 1360 3257 1403 necnon

376 1431 470 1496 ob
518 1433 1045 1500 dissuetudinem
1089 1457 1385 1521 pronunc
1415 1435 1767 1518 tolleretur,
1811 1438 1904 1499 ita
1945 1445 2163 1499 tamen
2204 1433 2398 1521 quod,
2442 1437 2496 1500 si
2538 1434 2806 1522 aliquod
2848 1438 3256 1522 suppositum

373 1532 450 1594 in
517 1530 796 1618 publico
855 1533 1241 1598 discinctum
1279 1535 1582 1601 incedere
1620 1534 1932 1616 voluerit,
1993 1535 2079 1598 sit
2119 1532 2489 1620 caligatum3
2533 1536 2635 1599 sin
2676 1543 2891 1599 autem
2912 1583 2931 1616 ,
2972 1543 3125 1598 tunc
3170 1535 3254 1598 sit

377 1632 694 1696 cinctum
731 1641 846 1696 aut
886 1631 1086 1718 pallio
1128 1633 1452 1716 indutum,
1505 1636 1574 1698 in
1615 1631 1912 1700 omnibus
1954 1641 2172 1696 tamen
2217 1631 2439 1699 debita
2488 1633 2750 1698 habitus
2790 1633 3099 1716 decentia
3140 1631 3339 1698 ho-10

373 1729 680 1795 norifice
721 1729 1092 1798 observata.

1557 1902 1617 1962 6.
1662 1915 1756 1961 DE
1803 1915 2113 1964 srfflcm.

563 2026 968 2092 Ordinamus
997 2075 1016 2110 ,
1081 2025 1258 2115 quod
1312 2036 1622 2092 statutum
1692 2027 1973 2114 desuper
2043 2026 2285 2092 editum
2342 2028 2641 2116 rigorose
2704 2027 3088 2094 observetur
3116 2076 3136 2109 ,
3190 2037 3255 2092 et

385 2136 628 2190 rector
673 2125 794 2192 sub
837 2147 954 2190 8110
996 2127 1353 2192 iuramento
1395 2128 1708 2213 praestito
1747 2126 1818 2191 id
1859 2129 2075 2215 ipsum
2116 2127 2394 2194 fideliter
2446 2151 2527 2193 ac
2580 2127 2927 2214 diligenter
2972 2148 3253 2213 exequa-

391 2235 532 2288 tur.
624 2226 716 2291 Et
758 2226 814 2289 si
853 2223 1144 2290 nonnulli
1191 2223 1540 2290 scolarium
1581 2227 1650 2291 in
1691 2225 1854 2292 locis
1897 2226 2283 2314 approbatis
2340 2225 2685 2292 comodose
2742 2236 2917 2292 stare
2968 2235 3081 2291 aut
3138 2234 3336 2290 ex-15

385 2345 648 2408 pensas
687 2322 932 2389 11811010
971 2325 1432 2411 nequiverunt,
1475 2335 1690 2389 rector
1733 2347 1852 2412 pro
1896 2334 2188 2412 tempore
2214 2327 2499 2390 existens
2529 2348 2661 2391 non
2704 2347 2822 2390 sua
2862 2333 3113 2390 tantum
3138 2323 3255 2388 sed

390 2432 462 2485 et
509 2422 776 2488 consilii
819 2424 918 2487 sui
961 2423 1346 2487 auctoritate
1407 2421 1744 2488 licenciam
1805 2431 1870 2488 et
1923 2425 2244 2509 signetum
2298 2423 2545 2489 eisdem
2601 2423 2683 2489 de
2738 2422 2969 2489 stando
3024 2433 3087 2488 et
3142 2444 3252 2488 ex-

388 2543 648 2608 pensas
687 2531 880 2588 extra
920 2518 1066 2586 1008
1109 2520 1474 2607 approbata
1513 2519 1815 2586 habendo
1859 2521 2197 2608 indulgere
2256 2522 2499 2589 habeat
2514 2572 2533 2606 ,
2590 2524 2855 2589 attentis
2906 2510 3121 2588 causis
3162 2521 3251 2587 le-

390 2621 684 2705 gittimis
723 2621 948 2686 talium
991 2619 1358 2704 scolaq’um,
1401 2641 1624 2686 coram
1668 2620 1916 2689 decano
1962 2630 2027 2686 et
2069 2623 2203 2686 suis
2230 2620 2593 2687 senioribus
2632 2644 2751 2710 per
2774 2619 3036 2686 eosdem
3058 2629 3255 2686 811108

395 2721 768 2807 propositis
827 2728 890 2784 et
941 2719 1256 2805 probatis.
1339 2717 1532 2798 Quod
1583 2728 1894 2785 statutum
1939 2721 2137 2786 etiam
2191 2720 2456 2786 extendi
2493 2720 2789 2791 volumus
2832 2719 2920 2785 ad
2962 2717 3251 2786 scolares
3267 2725 3335 2784 20

395 2817 728 2884 iuridicae
766 2817 1094 2884 facultatis
1115 2865 1134 2900 ,
1189 2817 1398 2882 donec
1436 2817 1600 2904 ipsis
1643 2816 1726 2884 de
1766 2818 1988 2908 aliqua
2044 2818 2235 2884 domo
2291 2820 2613 2884 communi
2668 2817 3122 2906 provideatur,
3180 2818 3253 2880 in

399 2939 538 3002 qua
581 2916 704 2983 sub
748 2915 964 3004 aliquo
1007 2915 1330 2983 directore
1371 2939 1486 2982 seu
1533 2926 1928 2984 conventore
1965 2920 2113 2982 iura
2153 2917 2393 2984 bursae
2436 2917 2684 2983 faciant
2728 2925 2795 2984 et
2820 2938 2962 2982 sese
3002 2917 3071 2981 in
3094 2917 3251 2981 acti-

397 3013 526 3080 bus
571 3015 870 3080 iuridicis
909 3016 1152 3082 ibidem
1190 3015 1532 3102 diligenter
1574 3017 1969 3100 exercitent3
2017 3016 2322 3105 quodque
2364 3017 2649 3082 decanus
2694 3027 2759 3080 et
2813 3017 3112 3101 magistri
3152 3015 3249 3080 fa·

401 3113 670 3179 cultatis
731 3117 966 3181 artium
1023 3125 1332 3182 statutum
1399 3137 1592 3203 super
1649 3117 1891 3183 stantia
1944 3139 2064 3205 per
2116 3139 2229 3183 eos
2294 3116 2539 3183 editum
2599 3114 3017 3183 consimiliter
3074 3113 3253 3181 fideli

401 3211 802 3279 demandent
855 3216 1256 3297 executioni,
1317 3214 1400 3279 de
1457 3237 1582 3303 quo
1635 3215 1834 3281 latius
1889 3216 2097 3300 infra3
2164 3227 2229 3282 et
2282 3216 2457 3303 quod
2512 3214 2811 3281 dominus
2876 3212 3332 3279 ordinarius25

403 3312 566 3377 nulli
606 3313 956 3378 scolarium
996 3314 1156 3379 iuris
1201 3315 1708 3401 recognitionem
1750 3314 1836 3379 ad
1891 3312 2223 3381 dominum
2274 3325 2594 3381 rectorem
2658 3312 2741 3377 de
2784 3312 3017 3377 stando
3062 3322 3253 3377 extra

401 3410 554 3476 loca
594 3411 964 3499 approbata
1005 3412 1318 3478 decernat
1353 3414 1482 3479 nisi
1525 3415 1615 3496 ei,
1671 3414 1782 3500 qui
1828 3412 2173 3499 diligenter
2229 3412 2442 3479 scolas
2488 3414 2863 3489 iuristarum
2912 3412 3137 3477 visitet
3189 3422 3254 3477 et

411 3510 745 3575 ordinarie
787 3510 1077 3597 legentes
1117 3534 1340 3577 omnes
1384 3512 1639 3595 audiat,
1680 3520 1744 3575 et
1789 3513 1918 3576 ex¹
1963 3511 2339 3577 rationabili
2381 3534 2611 3594 causa,
2652 3533 2770 3598 per
2810 3509 3006 3575 talem
3046 3510 3249 3577 scola-

403 3631 546 3673 rem
588 3610 945 3696 assignata,
986 3632 1318 3699 quousque
1361 3610 1444 3675 de
1486 3609 1676 3675 domo
1717 3613 2061 3693 communi,
2104 3612 2197 3678 uti
2242 3612 2671 3697 praemissum
2712 3616 2813 3673 est
2830 3657 2851 3693 ,
2894 3611 2989 3674 eis
3030 3611 3249 3696 provi-

407 3706 671 3791 deatur,
714 3708 786 3773 in
821 3730 952 3797 qua
991 3718 1236 3775 extunc
1275 3710 1417 3775 sine
1459 3707 1970 3775 contradictione
2015 3720 2191 3775 stare
2234 3708 2641 3775 tenebuntur.
3264 3719 3333 3775 30

1277 3880 1336 3939 7.
1378 3892 1472 3939 DE
1515 3890 1882 3939 1810181818
1927 3890 2387 3939 sumamma

569 4003 905 4088 Volumus,
949 4004 1124 4092 quod
1161 4004 1460 4119 magistri
1499 4002 1815 4069 sallariati
1855 4012 1919 4069 et
1962 4002 2312 4089 collegiati,
2356 4006 2757 4073 ordinarium
2802 4025 2923 4091 pro
2956 4012 3249 4092 tempore

407 4126 536 4169 non
579 4102 925 4186 1180011108,
967 4105 1358 4169 exercicium
1401 4102 1666 4189 aliquod
1707 4104 1847 4167 sive
1886 4106 2393 4191 resumptionem
2436 4106 2792 4193 publicam,
2848 4105 2918 4168 in
2966 4125 3249 4192 quacun-

411 4224 534 4289 que
577 4204 776 4267 etiam
815 4204 1128 4285 materia,
1170 4203 1484 4285 habeant,
1524 4202 2006 4267 valitudinariis
2048 4202 2153 4267 vel
2176 4205 2357 4269 senio
2398 4206 2711 4270 confectis
2754 4224 2835 4268 ac
2876 4204 3071 4268 etiam
3094 4200 3247 4283 illis,

411 4302 520 4386 qui
563 4324 685 4387 pro
729 4301 1216 4387 completione'
1196 4325 1267 4367 m
1311 4302 1532 4389 aliqua
1571 4300 1874 4367 facultate
1917 4300 2083 4367 alias
2124 4301 2211 4365 ad
2251 4301 2599 4388 legendum
2640 4305 2771 4369 sint
2810 4302 3097 4382 astricti,
3142 4322 3242 4365 so·
3263 4308 3330 4364 35

409 4396 544 4465 lum
585 4398 886 4487 demptis.
939 4400 1030 4465 Et
1070 4400 1439 4469 huiusmodi
1480 4401 1986 4487 resumptionem
2027 4400 2275 4467 faciant
2314 4404 2521 4487 gratis
2567 4425 2689 4489 pro
2731 4400 3147 4488 pauperibus.

1193 4568 1252 4630 8.
1289 4582 1386 4629 118
1429 4581 2025 4631 conmem'rosuu
2064 4582 2479 4632 smenon.

577 4692 974 4759 Ordinamus
1019 4702 1086 4759 et
1123 4692 1420 4760 volumus
1433 4744 1454 4779 ,
1498 4694 1674 4784 quod
1713 4694 2044 4781 collegiati
2084 4696 2271 4761 iuxta
2315 4696 2723 4782 primaevam
2772 4691 3140 4781 principum
3182 4700 3249 4757 et

409 4793 850 4858 universitatis
891 4790 1374 4858 ordinacionem
1417 4803 1482 4858 et
1523 4816 1786 4859 suorum
1831 4803 2215 4859 statutorum
2260 4795 2739 4875 continentiam,
2782 4792 3085 4879 quociens
3131 4789 3247 4855 ali-

410 4914 605 4981 quam
630 4889 1118 4977 collegiaturam
1161 4914 1400 4959 vacare
1441 4894 1803 4979 contigerit,
1848 4894 2016 4958 inter
2040 4891 2406 4977 eligendum
2433 4889 3016 4958 considerationem
3061 4912 3246 4955 suam
3262 4899 3331 4954 40

409 4989 496 5055 811
535 4991 888 5077 magistros
929 4992 1191 5076 ingenio
1235 4988 1640 5077 praeclaros,
1686 4992 2173 5057 conversatione
2218 4988 2631 5075 tractabiles,
2672 4990 2964 5055 moribus
3006 4997 3069 5054 et
3108 4989 3245 5055 vita

543 5218 570 5269 1
613 5213 992 5273 Geachrieben
1025 5211 1176 5270 steht
1207 5213 1352 5270 Etoe
1365 5232 1384 5269 .·
1415 5213 1698 5271 vielleicht
1727 5213 1820 5271 fiir
1849 5222 1904 5271 et
1933 5214 2079 5271 hoc!
2626 5300 2664 5342 *

2562 5306 2601 5364 2
