4038 6358
806 605 927 674 316
1800 617 1901 668 Die
1936 618 2374 683 philosophische
2405 619 2660 672 Facultfit.

809 799 1129 875 consueto,
1190 795 1541 861 secundum
1581 797 1651 862 in
1705 798 1941 865 ieiunio
1990 799 2672 887 baccalariandorum3
2733 803 2801 868 in
2855 812 3101 870 aestate
3143 801 3485 870 similiter
3547 797 3717 864 fiant

809 887 937 954 duo
981 895 1282 959 examina
1325 894 1987 984 baccalariandorum,
2034 923 2230 989 unum
2275 904 2452 969 circa
2492 903 2727 968 festum
2769 903 3236 990 penthecostes,
3302 898 3702 969 secundum

812 988 988 1055 circa
1026 991 1261 1059 festum
1304 997 1511 1061 sancti
1550 995 1906 1064 Michaelis.
2747 1059 2754 1064 .

976 1096 1035 1158 6.
1088 1090 1249 1160 Item
1302 1094 1513 1160 nullus
1566 1098 1839 1185 incipiat
1893 1099 2111 1185 legere
2159 1099 2439 1187 aliquem
2492 1101 2730 1168 librum
2786 1100 2874 1166 ad
2930 1101 3208 1188 gradum
3254 1108 3712 1191 spectantem

726 1193 760 1250 5
812 1199 960 1253 ante
999 1190 1233 1257 festum
1276 1196 1484 1259 sancti
1527 1194 1752 1262 Georii
1795 1203 1922 1277 (23.
1966 1204 2197 1282 April),
2256 1201 2384 1265 nisi
2426 1203 2607 1267 cuius
2651 1199 3062 1267 medietatem
3113 1202 3409 1289 legendo
3463 1223 3709 1266 secun-

811 1284 963 1353 dum
1005 1298 1246 1358 statuta
1287 1294 1612 1361 facultatis
1657 1299 1864 1382 possit
1903 1297 2091 1364 finire
2134 1310 2282 1365 ante
2320 1301 2553 1366 festum
2595 1299 3018 1387 praedictum.
3547 1306 3568 1320 ⁶

981 1395 1034 1454 7.
1089 1388 1249 1455 Item
1288 1392 1501 1459 nullus
1556 1398 2013 1483 magistrorum
2071 1398 2151 1464 de
2196 1409 2405 1466 cetero
2457 1402 2729 1487 incipiat
2783 1402 3177 1468 exercicium
3224 1398 3711 1489 vespertinum

812 1496 962 1553 ante
1003 1491 1261 1555 tertiam
1304 1491 1552 1575 horam,
1609 1494 1727 1560 sub
1779 1519 1988 1583 poena
2033 1506 2071 1565 4
2110 1521 2482 1585 grossorum
2536 1524 2655 1589 per
2699 1499 3014 1566 decanum
3056 1496 3708 1588 extorquendorum.

974 1593 1033 1655 8.
1088 1588 1251 1654 Item
1307 1589 1590 1657 decanus
1652 1605 1717 1659 et
1773 1595 2042 1683 quilibet
2099 1589 2505 1665 examinator
2571 1622 2790 1666 coram
2848 1598 3157 1665 facultate
3208 1606 3489 1664 tenetur
3549 1619 3706 1683 pro·

738 1695 801 1749 10
818 1687 1092 1770 mittere,
1134 1689 1304 1777 quod
1353 1690 1585 1777 dignos
1625 1692 1783 1779 velit
1824 1693 2167 1762 admittere
2211 1698 2332 1764 sub
2373 1698 2497 1764 hac
2538 1700 2779 1764 forma:
2853 1699 3041 1786 „Ego
3085 1699 3185 1764 .N.
3221 1699 3292 1764 in
3332 1697 3706 1765 conscien-

813 1786 915 1850 cia
955 1810 1099 1853 mea
1143 1791 1467 1876 promitto,
1513 1792 1684 1877 quod
1731 1792 1960 1879 dignos
2003 1795 2091 1861 ad
2130 1797 2324 1862 istum
2366 1797 2642 1884 gradum
2673 1797 2821 1864 volo
2867 1800 3212 1866 admittere
3253 1808 3318 1864 et
3354 1796 3700 1882 indignos

810 1887 1054 1951 reicere
1096 1886 1200 1952 vel
1245 1891 1698 1976 restringere.“
1779 1891 1868 1956 Et
1928 1892 2144 1962 taliter
2197 1899 2533 1963 restrictus
2583 1907 2735 1966 ante
2788 1899 2981 1964 finem
3034 1899 3347 1985 temporis
3403 1896 3697 1962 restric-

813 1985 1015 2052 cionis
1054 2009 1183 2052 non
1225 1990 1491 2077 incipiet
1533 1990 1636 2056 vel
1680 1992 2168 2077 determinabit,
2229 2005 2291 2060 et
2332 1996 2480 2062 talis
2522 1999 2858 2064 restriccio
2898 1997 3161 2087 publice
3200 2009 3264 2062 et
3304 1999 3471 2062 viva
3519 2016 3697 2060 voce

813 2107 1029 2150 coram
1070 2083 1365 2153 omnibus
1405 2098 1559 2154 tunc
1601 2091 1904 2158 admissis
1949 2115 2069 2180 per
2115 2093 2427 2161 decanum
2472 2097 2721 2163 dicetur
2775 2101 2936 2186 ipsis
2987 2098 3324 2181 restrictis,
3379 2118 3512 2162 suo
3564 2092 3691 2159 sub

734 2192 794 2247 15
812 2183 1190 2251 iuramento.

893 2383 907 2397 .
976 2289 1035 2348 9.
1087 2285 1250 2350 Item
1296 2286 1566 2355 admissi
1618 2289 1906 2357 locentur
1958 2302 2109 2381 post
2162 2293 2456 2379 quartale
2510 2298 2664 2362 anni
2716 2295 3071 2363 secundum
3115 2296 3389 2362 formam
3434 2295 3683 2362 statuti

809 2404 1066 2468 prioris.

1912 2515 2009 2524 ——-

1860 2618 1961 2679 25.
2008 2631 2166 2681 Vom
2201 2631 2413 2681 Jahre
2454 2630 2624 2682 1421.

980 2737 1098 2827 [Bl.
1139 2747 1218 2809 54
1234 2738 1285 2830 ⁸]
1339 2741 1532 2809 Anno
1576 2743 1820 2811 Christi
1859 2745 1964 2810 Μ0
2008 2745 2442 2813 ΟΟΟΟΧΧΙθ
2499 2744 2772 2810 sabbato
2822 2753 2973 2809 ante
3013 2743 3249 2809 festum
3310 2744 3514 2809 sancti
3561 2743 3670 2808 Io·

728 2837 1046 2904 20hannis
1088 2840 1415 2928 baptistae
1457 2851 1644 2921 (1421
1691 2850 1805 2907 den
1849 2850 1948 2911 21.
1988 2849 2169 2922 Juni)
2227 2847 2294 2910 in
2353 2844 2673 2912 decanatu
2713 2844 3013 2930 magistri
3054 2844 3236 2908 Petri
3284 2842 3363 2908 de
3402 2843 3664 2908 Prems-

811 2936 988 3003 lavia
1026 2940 1094 3003 in
1137 2940 1325 3027 pleno
1369 2943 1635 3009 consilio
1664 2944 2003 3010 facultatis
2050 2944 2457 3010 concorditer
2500 2945 2917 3031 infrascripta
2959 2952 3108 3009 sunt
3146 2951 3399 3009 statuta.

1208 3080 1263 3139 1.
1304 3093 1377 3140 m
1420 3093 1607 3153 Quor
1651 3093 2038 3143 xxx-Romus
2080 3093 2610 3143 mmsrmnnns
2656 3094 2873 3142 sum:
2919 3093 3260 3142 TENETUR.

977 3191 1296 3275 Primum,
1360 3192 1570 3258 nullus
1627 3193 1713 3259 ad
1764 3193 2040 3281 gradum
2093 3195 2452 3282 magisterii
2515 3204 2663 3282 post
2721 3192 3000 3280 gradum
3056 3192 3525 3258 baccalariatus
3584 3193 3654 3257 in

815 3290 1064 3357 artibus
1114 3291 1520 3358 admittatur¹
1562 3329 1644 3340 —-
1699 3304 1959 3381 praeter
2011 3296 2310 3380 proxime
2353 3293 2440 3360 ad
2484 3293 2930 3380 magisterium
2970 3294 3039 3357 in
3082 3291 3332 3358 artibus
3372 3290 3644 3357 liberali-

732 3398 797 3455 25
818 3390 953 3456 bus·
996 3392 1501 3478 promovendos²
1565 3429 1648 3439 --
1720 3394 1849 3458 nisi
1916 3395 2098 3480 prius
2160 3396 2411 3459 steterit
2466 3395 2535 3458 in
2602 3394 2884 3480 quinque
2947 3392 3288 3457 exerciciis
3352 3392 3431 3457 de
3487 3393 3654 3456 infra

816 3492 1094 3577 scriptis,
1152 3491 1397 3557 scilicet
1454 3491 2003 3580 methaphysicae,
2059 3492 2434 3580 ethycorum
2498 3501 2693 3582 (quae
2757 3491 2950 3558 ambo
3007 3500 3155 3556 sunt
3181 3492 3648 3572 necessitatis),

813 3590 1289 3657 metheororum
1347 3601 1409 3656 et
1464 3595 1533 3656 in
1590 3593 1813 3679 parvis
1870 3592 2275 3661 naturalibus
2332 3617 2453 3682 pro
2514 3616 2663 3675 uno,
2724 3593 2793 3657 in
2850 3590 2934 3656 de¹
2989 3589 3127 3656 celo
3186 3600 3250 3655 et
3307 3589 3540 3655 mundo
3588 3598 3650 3654 et

812 3692 1237 3775 generacione
1296 3714 1414 3778 pro
1461 3714 1610 3773 uno,
1663 3690 2106 3778 physicorum,
2156 3715 2328 3757 nova
2374 3691 2565 3780 loyca
2603 3692 2708 3757 vel
2764 3693 2833 3756 in
2876 3690 3244 3778 sophistria,
3303 3687 3385 3754 de
3428 3687 3643 3776 quibus

810 3789 1056 3855 ultimis
1112 3791 1391 3878 quinque
1436 3792 1562 3855 tria
1604 3792 1945 3878 capiantur
1988 3791 2342 3855 secundum
2400 3791 2712 3878 placitum
2768 3792 2906 3856 sive
2965 3788 3356 3855 secundum³
3399 3787 3642 3853 eleccio—

730 3897 798 3954 30
816 3912 960 3954 nem
1006 3892 1372 3976 promoveri
1417 3889 1776 3955 volencium
1818 3889 1924 3954 vel
1964 3891 2034 3953 in
2079 3893 2456 3977 praemissis
2502 3892 2869 3974 exercitari,
2925 3888 3046 3955 sub
3091 3911 3306 3977 poena
3347 3910 3473 3954 non
3512 3909 3643 3974 pro·

812 3988 1124 4054 mocionis
1166 3988 1251 4053 ad
1292 3989 1570 4075 gradum
1614 3989 1976 4075 magisterii
2019 3992 2088 4053 in
2130 3988 2379 4055 artibus
2422 3988 2885 4077 supradictum.

915 4127 975 4188 2.
1016 4139 1111 4186 AD
1155 4140 1488 4200 QUANTUM
1532 4140 1804 4188 TEMPUS
1848 4140 2077 4200 vals
2115 4139 2696 4189 BACCALARIORUM
2741 4139 3120 4188 ORDINARIE
3163 4138 3544 4188 DISPUTARE

2063 4239 2407 4289 TENETUR.

973 4338 1135 4405 Item
1191 4337 1460 4426 quilibet
1511 4338 2060 4422 baccalariorum,
2115 4340 2183 4402 in
2242 4337 2490 4403 artibus
2546 4337 2845 4420 studens,
2901 4346 3153 4404 tenetur
3210 4336 3539 4425 disputare
3585 4337 3643 4400 in

728 4437 1040 4503 350rdine
1082 4459 1226 4519 su03
1287 4447 1350 4502 et
1393 4438 1447 4501 si
1490 4438 1559 4501 in
1603 4437 1854 4502 artibus
1896 4459 2029 4502 non
2074 4437 2417 4521 studuerit,
2476 4460 2682 4524 aeque
2734 4436 2900 4502 bene
2951 4438 3021 4502 in
3062 4436 3292 4504 ordine
3337 4460 3450 4503 suo
3490 4446 3641 4502 tene-

810 4546 914 4601 tur
943 4535 1298 4624 disputare,
1343 4535 1549 4603 donec
1589 4536 1922 4602 biennium
1964 4535 2403 4624 compleverit,
2450 4537 2567 4603 sub
2614 4560 2826 4626 poena
2866 4547 3011 4602 octo
3054 4559 3432 4624 grossorum
3468 4558 3642 4602 novo·

811 4659 972 4719 rum,
1017 4657 1211 4722 quam
1254 4658 1532 4723 poenam
1574 4635 1844 4725 quilibet
1887 4635 2171 4702 decanus
2217 4659 2335 4724 pro
2377 4648 2669 4724 tempore
2710 4647 2968 4705 tenetur
3006 4645 3415 4725 extorquere.

966 4873 987 4923 1
1026 4869 1353 4924 admittatur
1384 4868 1459 4923 ist
1494 4867 1930 4940 nachgetragen.

962 4959 992 5009 2
1027 4952 1312 5009 Hier-nach
1348 4952 1422 5007 ist
1454 4953 1739 5009 nochmals
1777 4952 2129 5025 angefangen
2165 4971 2235 5007 zu
2269 4950 2629 5008 wiederholen
2666 4953 2749 5006 ad
2785 4969 2927 5023 may.
2997 4951 3115 5007 Der
3147 4949 3290 5007 Sinn
3329 4952 3429 5007 der
3463 4951 3654 5007 zuletst

810 5036 1296 5109 voraufgehenden
1330 5038 1529 5093 Worte
1566 5039 1669 5092 ist:
1737 5037 1856 5092 Das
1902 5037 2133 5093 nachste
2168 5036 2285 5092 Mal
2342 5036 2445 5091 soll
2494 5053 2553 5092 es
2595 5035 2741 5091 noch
2788 5034 2943 5090 nicht
2989 5054 3051 5092 so
3099 5042 3294 5108 sti-eng
3347 5051 3658 5108 genommsn

809 5122 1041 5178 werden.
1083 5153 1139 5163 —
1179 5121 1378 5178 Dieser
1408 5138 1585 5193 ganzo
1622 5121 1952 5193 Paragraph
1989 5120 2138 5177 steht
2175 5120 2436 5193 iibrigens
2471 5120 2576 5176 auf
2605 5121 2806 5175 Rasur.

964 5210 995 5261 3
1030 5205 1188 5263 Ganz
1225 5205 1403 5261 sicher
1436 5206 1510 5259 ist
1543 5206 1634 5261 die
1660 5207 1888 5277 Lesung
1921 5207 2038 5261 sive
2067 5208 2358 5261 secundum
2380 5205 2552 5272 nicht,
2581 5203 2860 5260 vielleicht
2894 5202 3109 5260 heissen
3141 5204 3233 5261 die
3259 5204 3458 5262 beiden
3477 5205 3657 5261 warte

802 5308 975 5361 emm,
1005 5290 1228 5348 scilicet.
