4038 6358
775 616 895 681 604
1789 616 1889 667 Die
1928 615 2299 668 medicinische
2332 616 2581 669 Facultat.

774 835 870 897 39.
938 848 1254 897 ΒΤΔἸἮΤΑ
1311 850 1842 898 CONCERNENTIA
1894 850 2266 899 DOCTORES
2324 851 2689 900 VOLENTES
2744 848 3044 900 ASSUMMJ
3099 850 3194 899 AD
3237 850 3607 899 CONSILIUM

771 949 1199 999 FACULTATIS
1244 950 1572 1015 MEDICAE,
1615 955 1820 1021 quae
1861 935 1983 998 eis
2025 932 2193 1020 legi
2233 932 2526 999 debent
2567 943 2780 1021 temp
2799 956 2835 999 o
2854 956 2939 998 re
2981 956 3317 1022 assump
3336 934 3609 1000 cionis

1952 1056 1987 1098 e
2002 1055 2039 1098 o
2055 1056 2089 1097 r
2104 1056 2146 1098 u
2158 1056 2200 1097 n
2219 1031 2257 1098 d
2282 1056 2317 1098 e
2330 1055 2412 1097 m.

936 1182 1373 1247 Iuramentum
1417 1184 1484 1246 in
1527 1182 1754 1249 ordine
1793 1204 1993 1269 supra
2032 1184 2355 1271 signatum
2395 1182 2645 1270 legetur
2688 1182 2931 1249 eisdem
2979 1182 3063 1249 de
3105 1183 3309 1250 verbo
3352 1172 3440 1250 ad
3466 1208 3600 1250 ver-

694 1290 728 1345 5
778 1280 951 1363 bum,
997 1290 1063 1345 et
1103 1279 1227 1346 hoc
1269 1281 1507 1346 sufficit
1546 1304 1672 1367 quo
1716 1280 1802 1347 ad
1842 1281 2173 1348 doctorem
2215 1283 2578 1348 medicinae
2618 1284 2688 1349 in
2728 1292 2952 1348 nostra
2992 1284 3419 1350 universitate
3462 1307 3604 1372 pro·

770 1389 1030 1446 motum.
1118 1378 1190 1445 Si
1229 1403 1385 1446 vero
1427 1376 1585 1446 alibi
1629 1392 1962 1468 promotus
2002 1381 2217 1465 fuerit,
2261 1381 2539 1449 addatur
2581 1381 2762 1465 illud,
2803 1381 2973 1468 quod
3018 1384 3338 1470 sequitur:

935 1511 1163 1578 Nullus
1210 1513 1435 1581 doctor
1478 1513 1635 1579 alibi
1677 1523 2010 1601 promotus
2068 1524 2131 1579 et
2174 1514 2292 1589 -hic
2346 1523 2718 1604 assumptus
2777 1514 2863 1580 ad
2914 1515 3292 1583 facultatem
3346 1516 3603 1582 medici-

771 1611 983 1677 nalem
1021 1613 1227 1700 recipi
1270 1613 1505 1679 debeat
1545 1612 1631 1678 ad
1676 1613 2013 1679 consilium
2056 1614 2381 1680 facultatis
2424 1615 2748 1698 eiusdem,
2806 1616 2932 1679 nisi
2990 1616 3091 1683 in¹
3133 1616 3258 1681 hac
3296 1617 3605 1681 universi·

773 1721 905 1777 tate
947 1711 1276 1778 biennium
1320 1722 1470 1800 post
1512 1714 1610 1778 sui
1654 1714 2171 1800 assumpcionem
2212 1713 2486 1800 legendo
2530 1712 2812 1800 aliquam
2852 1714 3193 1779 lectionem
3237 1716 3305 1780 in
3350 1714 3605 1780 medici-

694 1821 755 1876 10
775 1812 877 1876 nis
921 1811 1369 1899 compleverit3
1414 1823 1477 1877 et
1517 1822 1809 1900 tempore
1852 1813 1954 1878 sui
1995 1814 2469 1900 assumpcionis
2531 1813 2617 1879 ad
2673 1813 3008 1879 consilium
3062 1813 3253 1879 dabit
3311 1824 3606 1902 quattuor

770 1909 1050 1975 florenos
1093 1912 1429 1977 renenses²
1472 1935 1592 1999 pro
1631 1913 1811 1978 fisco.

1065 2119 1162 2181 40.
1209 2128 1526 2178 mmcnm
1564 2129 2029 2179 Laraosmeuu
2074 2130 2209 2176 PER
2255 2128 2485 2178 omme
2528 2128 2898 2179 Doc'roans
2941 2130 3319 2180 »amenus

1842 2228 2076 2277 DEBET
2123 2228 2527 2285 camenam.

934 2359 1326 2427 Conclusum
1370 2368 1433 2424 et
1477 2368 1781 2425 statutum
1824 2372 1922 2427 est
1961 2360 2369 2427 concorditer
2429 2384 2546 2448 per
2604 2360 2901 2428 doctores
2958 2361 3041 2427 de
3083 2363 3353 2429 consilio
3396 2362 3593 2428 facul·

693 2470 754 2525 15
777 2462 929 2526 tatis
973 2458 1282 2541 medicae,
1349 2458 1522 2546 quod
1566 2459 1872 2547 deinceps
1918 2457 2014 2547 [11
2042 2458 2095 2548 b]
2141 2460 2352 2526 nullus
2393 2460 2727 2527 doctorum
2769 2461 3008 2527 audeat
3044 2484 3127 2527 ex
3166 2485 3284 2528 suo
3326 2465 3595 2551 proprio

768 2560 982 2646 capite
1027 2568 1089 2624 et
1133 2557 1400 2624 consilio
1446 2559 1620 2624 solus
1664 2582 1733 2625 se
1772 2561 2197 2626 intromittere
2236 2560 2316 2626 de
2359 2561 2658 2626 examine
2699 2570 2763 2625 et
2803 2560 3043 2628 iudicio
3084 2561 3325 2650 leprosi
3369 2575 3480 2629 aut
3524 2563 3605 2628 de

766 2658 949 2746 lepra
984 2660 1286 2746 suspecti,
1328 2659 1455 2723 nisi
1497 2657 1579 2723 de
1621 2660 1845 2725 favore
1888 2658 2119 2725 decani
2165 2670 2230 2725 et
2281 2662 2486 2725 tocius
2542 2660 2869 2726 facultatis
2930 2661 3257 2748 signetum
3312 2661 3600 2729 eiusdem

766 2757 1144 2839 obtinuerit,
1210 2756 1330 2822 sub
1386 2779 1596 2844 poena
1650 2760 2091 2846 suspensionis
2149 2783 2189 2823 a
2249 2758 2518 2824 consilio
2573 2758 2902 2826 facultatis
2960 2772 3025 2827 et
3062 2763 3345 2828 omnium
3385 2762 3603 2829 emoli—

765 2865 1127 2923 mentorum
1186 2857 1272 2922 ad
1330 2866 1461 2921 tres
1517 2880 1740 2940 annos,
1789 2860 1844 2922 si
1882 2859 1948 2922 in
1991 2856 2257 2924 consilio
2302 2859 2524 2942 fuerit3
2582 2861 2637 2924 si
2681 2870 2895 2926 autem
2940 2870 3129 2926 extra
3172 2871 3234 2927 et
3274 2860 3363 2926 ad
3404 2861 3601 2927 facul·

680 2965 962 3023 20tatem
1006 2966 1256 3022 tantum
1300 2968 1671 3044 assumptus
1734 2968 1859 3039 est,
1925 2979 2055 3022 non
2122 2967 2335 3023 autem
2398 2959 2463 3022 in
2531 2958 2798 3024 consilio
2842 2960 3167 3026 facultatis
3183 3010 3200 3043 ,
3266 2971 3421 3026 tunc
3462 2962 3595 3025 eius

762 3056 1129 3143 assumpcio
1196 3055 1280 3120 ad
1342 3054 1678 3121 consilium
1734 3055 2057 3121 facultatis
2115 3056 2331 3122 fienda
2387 3048 2473 3122 ad
2511 3068 2643 3124 tres
2689 3081 2892 3124 annos
2940 3059 3083 3126 loco
3142 3063 3280 3126 eius
3342 3082 3588 3147 poenae

766 3154 959 3221 debet
999 3154 1308 3243 suspendi
1349 3166 1416 3221 et
1454 3154 1721 3222 differri.

929 3491 1064 3550 Dae
1104 3491 1404 3567 Polyende
1448 3491 1551 3548 hat
1595 3489 1723 3548 eine
1766 3491 1991 3548 andere
2032 3490 2224 3550 Hand
2254 3493 2629 3568 qesclarieben
2646 3516 2666 3564 ;
2751 3494 2815 3553 in
2866 3496 2980 3554 den
3047 3495 3192 3554 Urk.
3243 3494 3496 3559 Quellen
3538 3494 3598 3554 S.

760 3591 872 3656 881
909 3595 1011 3666 sy.
1056 3590 1594 3659 wir-dvermmhet,
1644 3589 1788 3647 dass
1826 3608 1887 3646 es
1930 3590 2025 3648 die
2050 3589 2366 3649 Stramer'e
2411 3610 2526 3649 von
2568 3593 2883 3653 Auen-bach
2926 3594 3029 3666 eei,
3073 3596 3182 3653 der
3219 3611 3407 3670 qeqen
3429 3595 3598 3652 Ende

679 3694 743 3750 25
763 3692 864 3748 des
925 3689 1157 3748 Buches
1213 3689 1382 3747 einen
1453 3689 1714 3764 Vertraq
1777 3707 1890 3746 aus
1946 3691 2076 3747 dem
2125 3692 2317 3749 Jahn-e
2372 3694 2521 3755 1521
2583 3692 2965 3770 einqotraqen
3018 3696 3146 3754 luat.
3232 3694 3406 3751 Ferat
3444 3693 3596 3752 auch

761 3788 954 3846 dieser
997 3788 1314 3847 Besckluss
1363 3787 1425 3844 in
1479 3786 1725 3844 die-selbo
1778 3787 1950 3846 Zeit!
2036 3790 2225 3848 Danu
2282 3795 2448 3849 wc’ire
2504 3810 2572 3850 er
2607 3792 2864 3866 freiliclt
2923 3797 3134 3869 spata·
3187 3793 3594 3870 einqetraqen,

761 3888 854 3944 ale
896 3888 1010 3945 das
1048 3887 1345 3962 Folqende
1388 3891 1511 3959 aus
1545 3888 1638 3947 ΒΖ.
1695 3888 1844 3961 12’“;
1890 3907 2014 3945 was
2057 3888 2254 3947 indens
2297 3890 2469 3949 leicht
2512 3891 2762 3967 mb'qliclz
2805 3891 2903 3952 ist.

928 4055 1028 4115 41.
1072 4047 1324 4113 Doctor
1364 4046 1722 4114 medicinae
1764 4048 1928 4114 alius
1998 4051 2468 4128 universitatis,
2525 4051 2925 4138 desyderans
2982 4054 3188 4140 recipi
3246 4053 3332 4119 ad
3395 4052 3595 4119 facul·

760 4158 953 4213 tatem
1000 4145 1360 4212 medicinae
1403 4147 1592 4212 huius
1636 4149 1974 4234 Lipsensis
2021 4151 2479 4233 universitatis,
2525 4152 2579 4216 si
2616 4150 3092 4218 baccalaureus
3132 4152 3419 4219 eiusdem
3464 4154 3601 4218 uni-

677 4256 746 4313 30
769 4247 1096 4312 versitatis
1151 4246 1376 4329 fuerit,
1462 4245 1781 4311 tenebitur
1837 4245 2009 4313 illico
2064 4248 2314 4314 solvere
2367 4273 2487 4337 pro
2530 4253 3006 4338 assumptione,
3051 4251 3489 4340 disputatione
3532 4263 3595 4317 et

757 4345 1092 4412 laboribus
1137 4347 1409 4411 caeteris
1453 4345 1790 4411 doctorum
1833 4345 2191 4413 medicinae
2236 4347 2609 4414 doctoribus
2656 4349 2737 4414 de
2780 4350 3048 4417 consilio
3107 4362 3172 4417 et
3224 4351 3313 4417 ad
3362 4352 3588 4417 fiscum

756 4445 1084 4510 facultatis
1119 4445 1351 4530 viginti
1392 4453 1455 4509 et
1496 4448 1778 4533 quinque
1818 4445 1880 4511 fl.
1923 4448 1990 4510 in
2032 4469 2193 4512 auro
2248 4459 2359 4512 aut
2426 4448 2713 4515 valorem
2767 4451 2941 4535 auri3
3021 4451 3075 4515 si
3130 4473 3287 4517 vero
3354 4452 3582 4517 bacca·

757 4543 1015 4614 laureus
1059 4542 1249 4608 huius
1289 4543 1615 4609 facultatis
1653 4555 1717 4609 et
1760 4546 2198 4612 universitatis
2238 4570 2367 4612 non
2408 4548 2619 4631 fuerit,
2668 4547 2872 4713 efflet
2914 4551 3185 4637 triginta
3210 4562 3273 4615 et
3297 4573 3499 4618 unum
3526 4550 3589 4616 fl.

755 4644 824 4708 in
865 4665 1022 4709 auro
1064 4651 1177 4707 aut
1213 4651 1462 4708 tantum
1505 4644 1806 4710 valorem.
1894 4645 2237 4714 Caeterum
2282 4646 2626 4733 prandium
2679 4671 2722 4712 n
2817 4672 2925 4714 um
2979 4648 3322 4732 tenebitur,
3366 4673 3591 4715 verum

675 4743 1113 4829 35positiones
1168 4740 1394 4806 diebus
1449 4765 1566 4808 sex
1619 4754 1730 4810 aut
1785 4754 2033 4831 septem
2088 4745 2174 4811 ad
2224 4748 2436 4811 minus
2489 4757 2636 4812 ante
2691 4747 3192 4836 disputationem
3240 4749 3595 4816 medicinae

755 4839 1163 4925 doctoribus,
1216 4841 1603 4926 licenciatis,
1649 4843 2091 4910 baccalaureis
2136 4854 2199 4910 et
2240 4844 2645 4911 scholaribus
2690 4849 2941 4931 mittat3
2987 4857 3277 4915 attamen
3319 4872 3402 4914 ne
3444 4849 3593 4914 reli·

758 4961 923 5028 quae
989 4940 1329 5006 facultates
1393 4943 1804 5030 negligantur
1861 4954 2055 5031 utque
2113 4954 2337 5011 nostra
2395 4945 2746 5032 disputatio
2801 4946 3151 5014 honorifice
3213 4948 3593 5031 celebretur,

931 5195 948 5243 1
995 5190 1056 5242 in
1089 5188 1241 5244 fehlt.

933 5276 964 5327 2
1000 5271 1198 5343 Spater
1233 5272 1599 5346 hinzugefiigt
1635 5275 1694 5329 in
1726 5293 1882 5330 auro.
