4038 6358
1292 693 1392 745 Die
1429 692 1665 745 Statuten
1701 708 1806 745 von
1846 694 2188 746 ¹503-1520.
2526 650 2529 651 ⁷
2836 710 2841 717 '
3033 692 3152 760 593

289 870 348 936 si
406 872 482 936 in
546 873 966 960 possessione
1021 896 1135 943 sex
1189 877 1506 943 mensium
1558 876 1752 941 fuerit
1805 886 1869 941 et
1923 874 2386 962 permanserit,
2448 882 2513 939 et
2573 873 2735 939 alter
2792 875 3154 941 medicinae

291 969 537 1036 doctor
588 973 795 1038 eciam
838 996 914 1039 eo
960 976 1176 1040 senior
1212 976 1385 1040 infra
1424 975 1548 1040 hoc
1605 986 1861 1065 tempus
1905 998 2034 1041 non
2077 974 2447 1056 advenerit,
2502 995 2830 1058 quousque
2879 974 3157 1040 voluerit

287 1072 574 1151 (ceteris
602 1071 906 1158 paribus)
945 1073 1351 1161 permanebit
1390 1076 1458 1139 in
1499 1097 1616 1141 sua
1654 1076 2082 1162 possessione,
2123 1074 2247 1137 nisi
2293 1070 2687 1137 domicilium
2729 1072 2811 1138 ab
2856 1072 2979 1138 hac
3018 1076 3154 1139 uni-

289 1171 630 1236 versitate
671 1170 756 1236 ad
797 1171 994 1237 alium
1032 1172 1245 1239 locum
1288 1174 1708 1243 transtulerit.
2258 1166 2261 1171 ⁴

673 1343 733 1405 2·
791 1355 885 1403 DE
933 1357 1117 1406 Loco
1167 1358 1424 1406 mecm
1467 1358 1680 1406 INTER
1721 1357 2091 1406 DOCTORES
2132 1356 2306 1405 SUAE
2349 1355 2799 1404 FACULTATIS.
3205 1350 3239 1403 5

467 1468 795 1536 Decanus
837 1471 1198 1539 medicinae
1238 1474 1597 1557 facultatis,
1641 1475 1753 1562 qui
1810 1473 2004 1538 habet
2060 1471 2206 1537 aliis
2259 1470 2629 1537 doctoribus
2675 1472 3053 1558 praecipere
3096 1479 3159 1535 et

289 1568 635 1634 mandare
676 1571 743 1634 in
784 1569 980 1636 licitis
1024 1583 1088 1639 et
1127 1573 1433 1655 honestis,
1479 1572 1563 1639 ob
1604 1572 1673 1638 id
1709 1572 2194 1638 racionabiliter
2236 1573 2515 1660 primum
2558 1570 2770 1635 locum
2811 1573 2977 1636 inter
3022 1593 3157 1636 eos-

292 1667 452 1733 dem
521 1667 824 1735 obtinere
880 1669 1073 1736 debet
1135 1673 1202 1737 in
1265 1672 1660 1739 sessionibus
1722 1674 2165 1738 universitatis
2228 1683 2291 1736 et
2355 1669 2937 1736 convocacionibus
3002 1692 3159 1734 suae

289 1766 665 1834 facultatis.

631 1943 689 2005 3.
733 1954 985 2014 QUIBUS
1027 1955 1344 2004 DECANUS
1384 1955 1718 2004 MANDARE
1759 1952 2066 2003 POTERIT
2111 1955 2201 2001 ΕΤ
2244 1954 2373 2002 SUB
2420 1953 2558 2013 QUA
2600 1953 2849 2001 POENA.
3180 1947 3243 2001 10

473 2064 609 2154 [Bl.
647 2065 752 2156 2¹³]
817 2070 1125 2136 Decanus
1177 2071 1376 2137 habet
1426 2071 1737 2137 mandare
1798 2070 2094 2135 omnibus
2149 2078 2213 2133 et
2265 2068 2539 2155 singulis
2587 2068 2957 2134 doctoribus
3001 2091 3156 2134 suae

295 2165 670 2251 facultatis,
711 2190 855 2234 cum
898 2172 1215 2236 intersunt
1257 2173 1391 2236 suis
1435 2168 2005 2236 convocationibus
2064 2191 2184 2256 pro
2241 2168 2410 2234 bono
2452 2169 2779 2234 facultatis
2821 2168 3157 2250 faciendis,

296 2265 422 2329 sub
470 2288 693 2352 poena
736 2278 1061 2334 certorum
1103 2292 1475 2357 grossorum
1519 2267 2048 2335 irremissibiliter
2089 2266 2384 2333 facultati
2424 2267 3018 2354 persolvendorum.
3080 2267 3155 2332 In

299 2366 507 2430 certis
555 2367 765 2432 eciam
809 2368 1069 2433 casibus
1111 2368 1485 2434 licenciatos
1506 2419 1524 2452 ,
1569 2368 2029 2434 baccalaureos
2074 2377 2139 2431 et
2181 2366 2465 2431 scolares
2508 2366 2795 2432 eiusdem
2835 2366 3160 2432 facultatis

293 2466 386 2535 (si
431 2466 498 2528 ei
546 2475 616 2529 et
657 2466 928 2553 collegio
980 2468 1316 2534 doctorum
1371 2470 1580 2533 visum
1627 2464 1848 2554 fuerit)
1911 2466 1997 2533 ad
2054 2466 2420 2533 huiusmodi
2475 2469 2979 2532 convocaciones
3041 2489 3157 2531 seu
3182 2476 3242 2531 15

301 2566 535 2629 verius
585 2563 670 2629 ad
711 2570 1158 2653 praesenciam
1200 2567 1537 2633 doctorum
1579 2588 1815 2632 vocare
1855 2568 2113 2653 poterit,
2158 2566 2276 2632 sub
2318 2589 2530 2654 poena
2570 2569 2951 2652 praemissa.

305 2735 365 2793 4.
409 2748 513 2794 DE
547 2746 960 2799 IURAMENTO
1001 2750 1535 2799 CORPORALITER
1576 2748 2032 2798 PBAESTANDO
2076 2749 2521 2797 ASSUMMENDI
2563 2750 2657 2796 AD
2700 2750 3162 2798 FACULTATEM

945 2849 1324 2897 MEDICINAE
1373 2851 1499 2898 SEU
1546 2850 1638 2897 AD
1682 2848 2055 2897 CONSILIUM
2099 2849 2554 2897 FACULTATIS.

495 2964 796 3045 Quilibet
824 2966 1246 3031 assumendus
1287 2966 1374 3035 ad
1414 2965 1788 3030 facultatem
1828 2964 2188 3030 medicinae
2229 2965 2333 3030 vel
2373 2965 2458 3030 ad
2501 2965 2837 3031 consilium
2881 2965 3166 3031 eiusdem

306 3064 570 3130 iurabit
606 3064 1034 3151 corporaliter
1079 3065 1324 3131 decano
1379 3065 1708 3130 facultatis
1766 3064 2126 3130 medicinae
2179 3065 2298 3130 sub
2351 3065 2477 3131 hac
2527 3067 2765 3130 forma:
2833 3064 3020 3151 „Ego
3067 3066 3161 3130 .N.
3179 3076 3247 3131 20

317 3164 466 3229 iuro
514 3162 708 3230 vobis
752 3162 995 3231 decano
1033 3167 1400 3253 vestrisque
1443 3163 1924 3231 successoribus
1982 3165 2425 3231 reverenciam
2480 3174 2547 3230 et
2600 3163 3043 3231 obedienciam
3097 3167 3165 3230 in

303 3262 522 3330 licitis
571 3275 634 3329 et
688 3263 971 3330 honestis
991 3315 1009 3349 ,
1068 3277 1131 3330 et
1186 3288 1526 3331 reservare
1582 3274 1823 3329 statuta
1877 3275 1942 3329 et
1999 3264 2376 3348 statuenda,
2435 3288 2600 3350 quae
2658 3276 2805 3330 sunt
2860 3277 2925 3329 et
2981 3275 3168 3331 erunt

315 3386 435 3450 per
481 3362 861 3429 facultatem
903 3387 1016 3429 seu
1059 3367 1369 3430 maiorem
1412 3374 1665 3452 partem
1709 3362 2112 3451 approbata,
2155 3374 2219 3428 et
2275 3385 2625 3450 procurare
2683 3363 2921 3428 bonum
2963 3365 3161 3431 facul·

305 3466 489 3548 tatis,
543 3463 630 3528 ad
670 3485 1112 3553 quemcunque
1159 3473 1398 3529 statum
1441 3463 1779 3528 devener0.
1865 3461 1975 3528 Sic
2018 3485 2121 3527 me
2162 3461 2320 3527 deus
2366 3463 2628 3528 adiuvet
2671 3474 2734 3526 et
2774 3475 2999 3528 sancta
3056 3464 3162 3529 dei

310 3562 739 3650 ewangelia.“
3179 3574 3246 3630 25

312 3733 367 3791 5.
436 3747 537 3794 DE:
586 3745 785 3795 MODO
830 3746 1328 3794 CONCLUDENDI
1382 3746 1516 3792 PER
1569 3744 1901 3792 DECANUM
1956 3745 2029 3791 m
2087 3743 2732 3794 CONVOCACIONIBUS
2778 3746 3166 3797 DOOTORUM

1126 3846 1216 3892 ET
1260 3844 1677 3892 EXAMINIBUS
1723 3842 2370 3892 PROMOVENDORUM.

491 3962 804 4028 Decanus
862 3963 931 4026 in
989 3961 1571 4026 convocacionibus
1631 3961 1964 4025 doctorum
2038 3983 2157 4047 pro
2228 3955 2444 4048 aliquo
2506 3963 2777 4048 negocio
2842 3963 3167 4029 facultatis

321 4059 678 4126 tractando
707 4072 772 4125 et
800 4059 1204 4148 expediendo
1227 4060 1423 4126 habet
1446 4060 1751 4125 inducere
1790 4071 1854 4124 et
1895 4058 2249 4125 secundum
2292 4060 2601 4124 maiorem
2644 4070 2899 4148 partem
2942 4064 3163 4129 suffra·

319 4164 583 4245 giorum
626 4164 1027 4248 vocumque¹
1085 4160 1621 4226 concordancium
1667 4158 2081 4243 concludere,
2135 4170 2589 4246 praeterquam
2629 4162 2696 4224 in
2739 4163 3055 4247 graciosis
3099 4175 3162 4228 et
3178 4173 3249 4228 30

319 4259 901 4345 praeiudicialibus
930 4282 1093 4324 unus
1140 4259 1312 4325 solus
1355 4263 1599 4347 poterit
1641 4257 2084 4324 contradicere
2124 4270 2188 4323 et
2229 4257 2585 4324 reclamare
2625 4266 2718 4338 (et
2746 4262 2883 4327 eius
2913 4274 3164 4327 contra-

320 4357 524 4427 dictio
570 4373 634 4424 et
673 4358 1049 4425 reclamatio
1091 4359 1297 4443 valet3
1341 4361 1634 4438 verum)²
1676 4362 1745 4424 in
1788 4360 2196 4424 examinibus
2254 4358 2843 4446 promovendorum
2886 4383 3015 4425 vox
3062 4361 3164 4426 vel

320 4469 548 4525 votum
605 4461 794 4525 unius
849 4469 1098 4525 tantum
1154 4458 1437 4524 doctoris
1487 4469 1816 4547 tamquam
1876 4481 2008 4524 vox
2061 4457 2297 4523 nullius
2350 4459 2788 4545 reputabitur,
2843 4481 3007 4524 nam*
3042 4460 3165 4527 hoc

323 4579 501 4643 casu,
549 4559 723 4646 quod
763 4562 971 4624 maior
1013 4581 1169 4645 pars
1207 4559 1451 4640 fecerit,
1500 4555 1563 4645 [3
1576 4555 1627 4646 ⁸]
1671 4562 1832 4623 iuris
1875 4558 2313 4644 disposicione
2351 4558 2582 4624 fecisse
2626 4558 2947 4624 dicuntur.
3006 4560 3161 4626 Ideo

272 4719 276 4723 ,
322 4666 480 4725 tunc
526 4680 671 4723 cum
713 4660 960 4724 maiore
1016 4670 1203 4745 parte
1259 4657 1544 4723 decanus
1603 4681 1788 4724 suam
1848 4667 2098 4723 tantum
2155 4680 2374 4723 vocem
2436 4658 2954 4724 connumerando
3013 4682 3159 4725 con·
3182 4669 3248 4726 35

328 4755 594 4823 cludere
644 4757 837 4823 debet
880 4780 1020 4823 esse
1062 4759 1417 4822 astrictus.³

498 4961 522 5012 1
563 4956 1093 5054 Fiirauffraqiorum
1112 4974 1405 5028 vocumque
1427 4973 1542 5012 war
1565 4954 1804 5026 anfangs
1835 4952 2193 5026 geschrieben
2227 4960 2475 5023 veterum,
2508 4952 2685 5009 sicher
2720 4974 2824 5010 nur
2855 4958 2945 5013 ein
2970 4958 3169 5016 Fehler

324 5041 419 5097 des
451 5039 1247 5196 Affilfgelgzrggklmmemn
1284 5128 1478 5183 Worte
1525 5124 1646 5178 sind
1696 5140 1803 5178 von
1846 5122 2132 5178 dex-selben
2166 5122 2333 5177 Hand
2370 5140 2458 5178 am
2496 5123 2690 5179 Raude
2724 5125 3041 5198 beigefligt,
3075 5128 3166 5184 die

327 5210 417 5266 die
450 5208 895 5282 voraufgehende
929 5208 1220 5266 Correctur
1258 5211 1492 5279 eintrug.

497 5300 527 5351 3
561 5297 669 5350 Am
695 5294 891 5349 Raude
913 5294 986 5347 ist
1010 5295 1114 5349 auf
1134 5297 1223 5351 die
1247 5294 1548 5349 vorletzten
1578 5289 2095 5345 Zusatzbeschliisse
2127 5291 2190 5361 (s.
2218 5292 2293 5362 u.)
2316 5293 2603 5348 verwiesen
2639 5295 2741 5347 mit
2772 5295 2877 5350 den
2907 5296 3165 5351 Worten:

332 5379 421 5435 De
452 5379 704 5435 abilitatc
725 5381 1165 5451 promoventium
1200 5395 1399 5450 quaere
1429 5378 1491 5431 in
1520 5378 1654 5444 fine.

465 5483 901 5521 s'rxru‘ranaucn
935 5483 1051 5518 usn
1088 5482 1230 5520 univ.
1265 5483 1503 5516 sairam.
2743 5473 2821 5535 38
