4038 6358
1351 635 1455 685 Die
1489 633 1728 715 Statuten
1763 648 1868 685 von
1902 634 2259 688 1415—1490.
3108 638 3223 699 591

546 824 644 887 40.
701 818 899 885 Item¹
961 824 1267 883 statutum
1327 814 1452 881 fuit
1467 864 1486 897 ,
1563 814 1736 903 quod
1808 813 2079 903 quilibet
2145 813 2371 881 doctor
2444 814 2526 879 de
2585 816 2851 882 consilio
2909 815 3237 882 facultatis

343 919 678 983 existens
705 924 960 983 tenetur
989 938 1075 981 cx
1105 913 1334 980 ordine
1361 938 1478 980 suo
1513 914 1868 981 secundum
1911 923 2187 1003 quatuor
2230 915 2538 1000 angarias
2583 913 2917 1001 disputare
2958 914 3236 1003 publice.

341 1014 470 1082 Et
505 1016 683 1083 idem
725 1015 954 1082 doctor
993 1037 1112 1103 pro
1147 1013 1374 1079 labore
1417 1037 1532 1080 suo
1569 1014 1838 1081 habebit
1877 1036 2079 1079 unum
2109 1012 2421 1078 florenum
2450 1036 2491 1079 a
2513 1014 2838 1099 facultate,
2870 1016 2927 1079 si
2961 1014 3236 1080 facultas

352 1114 902 1197 habundaverit3
959 1114 1074 1180 sed
1117 1117 1174 1179 si
1217 1112 1472 1180 deficiet
1512 1114 1816 1198 facultas,
1859 1124 2111 1179 tenetur
2151 1114 2393 1198 gratis;
2454 1123 2688 1200 expost
2706 1164 2723 1197 ,
2768 1136 2913 1180 cum
2958 1113 3236 1180 facultas

351 1213 742 1298 obtinebit,
785 1215 1144 1281 satisfaciet
1197 1212 1548 1279 secundum
1608 1214 1874 1279 decreta
1925 1211 2283 1280 doctorum.
2368 1212 2458 1277 Et
2512 1215 2567 1279 si
2621 1213 2855 1301 aliquis
2900 1212 3231 1301 negligens
3286 1225 3319 1278 5

351 1314 608 1398 fuerit,
651 1314 826 1403 quod
867 1314 1206 1400 disputare
1258 1313 1656 1400 neglexerit,
1715 1321 1966 1378 tenetur
2026 1312 2186 1377 dare
2238 1335 2432 1377 unum
2480 1312 2794 1378 florenum
2838 1336 2960 1401 pro
3004 1336 3235 1401 poena,

355 1412 486 1479 vel
533 1436 618 1479 ex
663 1436 861 1480 causa
905 1411 1282 1479 rationabili
1324 1422 1541 1501 potest
1583 1412 1782 1479 alium
1823 1414 1966 1477 vice
2009 1419 2440 1499 opponentem
2480 1410 2561 1477 de
2604 1411 2871 1479 consilio
2912 1412 3236 1479 facultatis

364 1512 832 1580 substituere.²

552 1788 653 1847 41.
709 1776 800 1869 [S.
840 1776 902 1867 5]
971 1780 1161 1846 Anno
1217 1779 1460 1845 domini
1521 1778 3087 1869 millesimoquadringentesimosexagesimonono
3130 1779 3237 1845 de·

381 1881 561 1945 cima
602 1880 708 1945 die
747 1878 994 1966 Aprilis
1042 1883 1233 1959 (1469
1270 1886 1327 1943 d.
1376 1887 1471 1949 10.
1513 1885 1724 1961 April)
1771 1879 2143 1945 conclusum
2183 1890 2247 1945 et
2287 1879 2722 1968 approbatum
2762 1880 2885 1943 fuit
2928 1888 3236 1945 statutum
3262 1890 3325 1944 10

389 1978 568 2045 istud
613 2002 730 2066 per
788 2001 1010 2044 omnes
1068 1978 1369 2044 doctores
1426 1978 1786 2044 medicinae
1843 1978 2173 2045 facultatis
2225 1978 2657 2063 concorditer,
2713 1976 3015 2043 videlicet
3070 1977 3244 2064 quod

389 2078 689 2143 decetero
733 2078 946 2143 nullus
990 2078 1372 2143 admittatur
1415 2101 1484 2143 se
1534 2080 1962 2144 intromittere
2023 2076 2104 2143 de
2160 2102 2317 2143 cura
2374 2076 2745 2145 medicinali
2787 2077 2899 2142 vel.
2948 2080 3243 2167 practica

395 2176 674 2242 alicuius
719 2180 1044 2265 corporis,
1084 2176 1314 2244 morbo
1357 2177 1461 2243 vel
1507 2178 1879 2243 infirmitate
1919 2176 2280 2243 laborantis
2341 2189 2453 2243 aut
2510 2178 2769 2265 gravati
2822 2178 2891 2241 in
2948 2177 3246 2264 praefata

392 2278 658 2342 civitate
708 2276 1002 2366 Leipczk
1018 2326 1036 2360 ,
1095 2279 1531 2363 cuiuscunque
1601 2278 1846 2363 gentis,
1907 2276 2365 2363 professionis,
2422 2300 2619 2343 sexus
2680 2275 2783 2342 vel
2839 2276 3238 2342 condicionis

391 2378 589 2441 fuerit
606 2426 625 2459 ,
667 2378 793 2443 nisi
837 2378 1020 2465 prius
1060 2378 1129 2441 in
1174 2376 1475 2463 praefata
1517 2376 1878 2442 medicinae
1921 2375 2227 2443 facultate
2267 2379 2336 2440 in
2380 2376 2737 2458 doctorem,
2790 2374 3327 2441 liezenciatum15

396 2475 504 2541 vel
532 2471 975 2543 baccalarium
1004 2486 1339 2565 promotus
1380 2477 1603 2559 fuerit,
1645 2474 1746 2541 vel
1794 2474 1874 2540 de
1917 2477 2331 2563 promocione
2374 2499 2491 2542 sua
2531 2476 2759 2543 doceat
2802 2473 3067 2540 alterius
3107 2478 3243 2541 uni-

395 2576 727 2641 versitatis
743 2624 762 2659 ,
807 2577 991 2641 cuius
1036 2574 1194 2641 dicit
1235 2600 1306 2641 se
1349 2576 1487 2641 fore
1527 2574 1889 2641 membrum
1902 2624 1920 2659 ,
1966 2585 2160 2662 atque
2212 2575 2565 2641 secundum
2622 2582 2865 2641 statuta
2918 2574 3244 2640 facultatis

401 2674 760 2741 medicinae
783 2675 972 2744 huius
993 2671 1436 2743 universitatis
1473 2676 1834 2741 satisfaciat
1862 2682 1927 2740 et
1961 2674 2257 2761 perficiat
2288 2698 2385 2760 ea,
2424 2698 2593 2763 quae
2623 2674 2785 2740 inibi
2818 2675 3239 2739 continentur.

568 2998 667 3058 42.
743 2990 936 3057 Anno
997 2991 1240 3057 domini
1303 2991 2979 3079 millesimoquadringentesimoseptuagesimoprimO
3046 2993 3249 3057 tercia

401 3092 568 3157 feria
610 3100 760 3178 post
795 3090 1138 3156 Invocavit
1182 3098 1446 3167 (1471d.
1483 3100 1540 3159 5.
1565 3098 1774 3168 Mdv-z)
1820 3092 2192 3158 conclusum
2236 3093 2357 3157 fuit
2399 3101 2464 3156 et
2506 3099 2815 3155 statutum
2859 3111 2977 3177 per
3024 3102 3331 3157 omnes20

403 3191 701 3256 doctores
763 3190 1128 3256 medicinae
1187 3190 1514 3256 facultatis
1536 3241 1556 3275 ,
1620 3192 1793 3278 quod
1863 3192 2135 3280 quilibet
2202 3194 2427 3257 exiens
2493 3191 2573 3256 de
2640 3191 2763 3256 hac
2827 3192 3249 3256 universitate

403 3290 752 3377 Lipczensi
792 3314 912 3377 pro
958 3291 1172 3355 studio
1231 3291 1590 3356 medicinae
1645 3315 1764 3378 pro
1825 3291 2183 3378 adepcione
2237 3290 2610 3357 doctoratus
2662 3283 2729 3354 in
2785 3288 3109 3354 medicina
3165 3291 3249 3356 ad

409 3389 605 3455 aliam
634 3390 1138 3472 universitatem,
1185 3392 1240 3454 si
1278 3400 1375 3454 est
1415 3389 1823 3455 baccalarius
1867 3391 2232 3456 medicinae
2273 3389 2462 3454 huius
2505 3389 2948 3453 universitatis
2991 3397 3055 3453 et
3099 3411 3249 3476 pro·

403 3499 700 3554 movetur
742 3490 808 3554 in
849 3488 980 3554 alia
1022 3489 1442 3553 universitate
1487 3491 1553 3553 in
1599 3487 1966 3573 doctorem,
2025 3488 2198 3577 quod
2253 3511 2382 3554 non
2434 3488 2789 3574 recipiatur
2833 3490 2901 3552 in
2945 3487 3071 3552 hac
3111 3490 3248 3554 uni—

403 3589 714 3653 versitate
757 3587 842 3653 ad
884 3587 1260 3653 facultatem
1309 3587 1689 3672 medicinae,
1731 3589 1859 3652 nisi
1901 3587 2022 3653 sub
2065 3591 2425 3653 iuramento
2469 3609 2584 3651 suo
2629 3586 2824 3670 dicat,
2864 3585 3036 3676 quod
3078 3609 3245 3653 com-
3268 3597 3333 3654 25

413 3687 688 3774 pleverit
725 3685 1059 3753 biennium
1103 3710 1286 3753 suum
1329 3689 1398 3752 in
1453 3687 1576 3753 hac
1631 3688 2053 3753 universitate
2108 3686 2213 3752 vel
2269 3688 2336 3750 in
2390 3685 2555 3769 alia,
2607 3688 2677 3751 in
2733 3709 2864 3772 qua
2916 3697 3251 3773 promotus

406 3797 524 3869 est,
563 3785 907 3872 diligenter
940 3786 1234 3852 doctores
1265 3787 1333 3850 in
1361 3785 1746 3853 lectionibus
1787 3785 2150 3852 medicinae
2188 3785 2475 3872 legentes
2516 3783 2857 3852 audiendo.
2922 3785 2996 3851 Si
3034 3795 3250 3852 autem

406 3910 531 3951 non
576 3887 661 3951 sit
713 3885 1124 3953 baccalarius
1140 3937 1158 3971 ,
1217 3885 1366 3972 talis
1426 3889 1520 3951 sic
1577 3888 1801 3952 exiens
1859 3885 1946 3951 ad
2001 3884 2197 3952 aliam
2254 3885 2745 3951 universitatem
2798 3895 3051 3951 tenetur
3111 3885 3251 3952 dili·

410 3996 637 4072 genter
708 3985 1039 4051 audivisse
1118 3985 1414 4051 doctores
1497 3984 1686 4050 huius
1746 3987 2189 4050 universitatis
2254 4007 2372 4072 per
2438 3982 2768 4051 biennium
2830 3996 2894 4050 et
2952 3987 3253 4052 visitasse

415 4087 770 4172 practicam
812 4108 933 4173 per
975 4086 1306 4150 biennium
1367 4084 1718 4149 secundum
1782 4093 2024 4149 statuta
2076 4084 2265 4150 huius
2322 4086 2762 4150 universitatis
2826 4086 2893 4150 in
2947 4086 3339 4152 facultate30

417 4185 776 4252 medicinae
816 4196 880 4250 et
920 4184 1023 4251 bis
1061 4183 1480 4271 respondisse
1521 4184 1914 4268 doctoribus,
1957 4194 2298 4270 antequam
2344 4195 2535 4249 exeat
2578 4184 2665 4249 ad
2705 4185 2899 4249 aliam
2942 4187 3252 4252 universi-

415 4295 646 4368 tatem3
691 4295 757 4350 et
799 4307 942 4350 cum
984 4292 1320 4372 promotus
1361 4285 1556 4348 fuerit
1597 4286 1664 4350 in
1709 4283 2041 4358 doctorem
2082 4283 2347 4349 alterius
2391 4285 2833 4349 universitatis
2846 4333 2866 4368 ,
2909 4284 3057 4352 talis
3096 4297 3254 4352 tunc

420 4383 539 4450 sub
583 4386 944 4450 iuramento
989 4405 1104 4448 suo
1149 4382 1354 4468 dicat,
1417 4383 1590 4470 quod
1647 4382 2068 4470 compleverit
2123 4382 2453 4448 biennium
2495 4405 2681 4447 suum
2722 4384 2789 4446 in
2830 4383 2959 4448 alia
2998 4387 3256 4452 univer·

421 4485 631 4566 sitate,
676 4483 1021 4570 diligenter
1063 4481 1362 4548 doctores
1407 4481 1727 4548 audiendo
1771 4493 1922 4570 post
1968 4484 2459 4572 responsionem
2501 4480 2723 4548 binam
2766 4483 2869 4548 hic
2906 4483 3146 4550 factam
3190 4487 3257 4551 in

427 4586 870 4666 universitate,
916 4583 1078 4648 alias
1107 4582 1194 4650 ad
1222 4580 1592 4648 facultatem
1622 4583 1982 4648 medicinae
2011 4582 2203 4648 huius
2231 4583 2673 4647 universitatis
2716 4605 2845 4647 non
2886 4585 3253 4672 recipiatur.
3272 4596 3339 4652 35

419 4682 491 4749 Si
535 4692 748 4748 autem
790 4705 920 4748 non
963 4681 1211 4749 studuit
1252 4685 1319 4747 in
1358 4682 1481 4747 hac
1523 4683 1946 4748 universitate
1987 4681 2335 4769 Lipczensi
2374 4683 2443 4745 in
2486 4681 2821 4748 medicinis
2864 4693 2929 4747 et
2966 4694 3065 4750 est
3106 4707 3253 4771 pro-

415 4791 626 4848 motus
669 4781 737 4846 in
781 4781 914 4846 alia
956 4783 1412 4865 universitate,
1456 4793 1609 4846 tunc
1651 4804 1798 4846 cum
1849 4803 1922 4846 eo
1965 4779 2357 4868 procedatur
2408 4779 2757 4846 secundum
2800 4791 3131 4868 statutum,
3174 4785 3255 4850 de

424 4880 796 4947 doctoribus
841 4881 1106 4947 alterius
1146 4882 1587 4947 universitatis
1633 4881 2008 4947 conclusum
2052 4905 2221 4948 anno
2260 4892 2381 4948 etc.
2428 4881 2547 4947 lxv
2558 4887 2622 4948 ²⁰.

589 5151 610 5202 1
653 5146 851 5202 Dieser
882 5144 1213 5219 Paragraph
1248 5144 1448 5217 gehiirt
1479 5161 1552 5200 zu
1581 5150 1680 5216 4⁴3
1732 5161 1792 5200 er
1827 5146 1978 5200 ward
2013 5161 2119 5202 nur
2154 5145 2372 5202 hiet-her
2404 5147 2777 5219 geschrieben,
2816 5147 2935 5205 weil
2971 5165 3044 5204 an
3079 5147 3259 5204 dieser

419 5232 586 5289 Stelle
625 5232 797 5287 leerer
828 5231 1006 5286 Raum
1041 5229 1330 5301 geblieben
1371 5247 1498 5288 war.
1568 5231 1645 5285 Er
1677 5230 1876 5301 gehiirt
1911 5230 2030 5286 also
2065 5229 2151 5284 ins
2184 5230 2329 5285 Jahr
2367 5237 2509 5288 149⁰.

589 5321 619 5372 2
656 5315 911 5387 Anfangs
951 5333 1064 5370 war
1099 5313 1452 5388 geschrieben
1485 5316 1778 5370 instituere.
