4038 6358
837 616 958 682 584
1902 616 2002 667 Die
2031 611 2335 681 juristische
2360 613 2612 667 Facultiit.

839 798 896 862 si
940 799 1124 885 prius
1168 807 1232 863 et
1277 798 1371 863 sic
1414 807 1562 864 ante
1613 820 1754 864 eum
1795 799 2034 864 fuerint
2073 798 2403 865 licentiati.
2492 795 2712 863 Debet
2772 803 2988 862 tamen
3039 796 3421 863 licenciam
3473 796 3673 862 iunior

841 897 1159 963 seniorem
1211 898 1564 984 requirere,
1623 899 1679 963 si
1733 920 2046 986 praesens
2097 900 2322 982 fuerit,
2384 921 2467 964 an
2524 898 2694 964 infra
2748 894 2909 963 duos
2962 919 3216 963 menses
3274 905 3428 985 post
3477 896 3676 983 ipsius

839 997 1319 1083 requisitionem
1381 998 1665 1084 insignia
1709 999 2012 1086 'recipere
2069 998 2373 1081 voluerit,
2430 1006 2496 1064 et
2551 998 2605 1064 si
2660 998 2987 1081 annuerit,
3044 998 3257 1063 iunior
3310 994 3679 1083 expectabit
3760 1002 3771 1017 ‘

837 1095 1133 1178 eundem,
1176 1096 1340 1163 alias
1385 1097 1472 1162 ad
1514 1098 1796 1184 insignia
1836 1099 2233 1189 recipienda,
2278 1100 2334 1163 si
2377 1097 2568 1165 abilis
2610 1097 2822 1179 fuerit,
2866 1094 3221 1184 procedere
3262 1095 3522 1183 poterit.

751 1205 784 1260 5
1008 1214 1223 1261 xxxv.
1281 1196 1442 1265 Item
1485 1196 1572 1263 ad
1612 1196 1928 1262 tollendas
1969 1197 2404 1264 dissensiones
2448 1200 2515 1262 in
2555 1198 2839 1263 futurum
2883 1219 3078 1283 super
3106 1195 3430 1261 locatione
3469 1193 3681 1261 docto·

835 1318 978 1360 rum
1025 1296 1094 1360 in
1145 1295 1453 1362 facultate
1497 1295 1776 1361 iuridica
1831 1297 2104 1384 placuit,
2159 1297 2333 1385 quod
2372 1296 2482 1362 ille
2539 1297 2720 1383 prior
2778 1297 2861 1361 sit
2911 1297 2980 1360 in
3031 1295 3195 1379 loco,
3254 1296 3367 1384 qui
3422 1294 3604 1382 prius
3644 1317 3683 1359 a

834 1394 1142 1461 facultate
1191 1395 1277 1460 ad
1319 1394 1529 1461 locum
1571 1405 1873 1483 receptus
1917 1405 2016 1461 est
2056 1394 2303 1484 absque
2347 1396 2777 1479 distinctione,
2826 1396 2965 1460 sive
3004 1396 3074 1460 in
3113 1394 3316 1460 altero
3362 1391 3495 1481 [17]
3539 1402 3681 1458 tan-

837 1504 971 1561 tum
1013 1496 1152 1560 sive
1197 1496 1266 1559 in
1309 1505 1578 1584 utroque
1619 1497 1762 1561 iure
1807 1505 2139 1582 promotus
2181 1496 2393 1560 fuerit.
2451 1495 2702 1562 Doctor
2745 1495 2917 1560 enim
2961 1495 3249 1559 existens
3287 1492 3369 1559 de
3413 1491 3682 1579 collegio

838 1593 1156 1659 iuridicae
1209 1593 1535 1659 facultatis
1588 1594 1958 1661 indistincte
2015 1594 2210 1661 debet
2263 1594 2658 1682 praecedere
2706 1592 2868 1660 alios
2914 1592 3212 1660 doctores
3255 1601 3449 1658 extra
3493 1590 3681 1657 colle-

755 1703 817 1758 10
837 1695 1015 1780 gium
1059 1694 1431 1759 existentes.

999 1827 1241 1875 xxxvl.
1328 1808 1502 1890 Quia
1560 1808 1902 1876 multitudo
1960 1809 2317 1876 canonibus
2369 1820 2467 1876 est
2510 1812 2776 1877 inimica
2832 1831 2919 1875 ex
2971 1832 3069 1893 eo,
3124 1808 3301 1897 quod
3360 1808 3681 1874 confusio-

833 1931 977 1973 nem
1023 1908 1289 1991 inducit,
1333 1909 1617 1996 ideoque
1659 1909 1933 1997 placuit,
1978 1909 2151 1998 quod
2194 1909 2275 1976 de
2318 1921 2531 1977 cetero
2577 1920 2639 1975 et
2680 1913 2748 1976 in
2790 1911 3074 1976 futurum
3118 1909 3322 1973 solum
3369 1912 3503 1974 sint
3545 1917 3681 1973 octo

834 2008 1129 2075 doctores
1174 2008 1255 2073 de
1296 2009 1568 2075 consilio
1610 2009 1938 2075 facultatis
1978 2008 2313 2092 iuridicae,
2369 2018 2432 2074 et
2474 2008 2604 2075 illis
2659 2008 3111 2096 praesentibus
3152 2007 3367 2073 nullus
3411 2006 3679 2073 aliorum

841 2105 1172 2174 doctorum
1231 2107 1316 2172 ad
1374 2107 1711 2174 consilium
1765 2111 1900 2174 iam
1943 2108 2157 2174 dictae
2209 2108 2532 2174 facultatis
2592 2118 2978 2191 assumatur,
3037 2107 3217 2173 salvo
3272 2117 3494 2173 tamen
3549 2107 3683 2171 iure

754 2216 817 2272 15
837 2206 1172 2273 doctorum
1214 2230 1335 2295 pro
1377 2230 1549 2273 nunc
1592 2210 1660 2272 in
1703 2207 1971 2274 consilio
2011 2207 2339 2273 facultatis
2383 2208 2809 2274 existencium
2856 2218 2920 2273 et
2958 2209 3026 2273 in
3065 2208 3350 2273 futurum
3389 2206 3499 2273 hic
3542 2228 3683 2294 pro·

834 2305 1319 2372 movendorum.

949 2490 1267 2540 STATUTA
1308 2490 1767 2540 LICENCIATOS
1812 2491 1902 2539 ΕΤ
1945 2489 2319 2539 Doc'rORES
2362 2491 2549 2539 ALIBI
2592 2490 2968 2539 Pssono'ros
3012 2490 3566 2539 CONCERNENCIA.

999 2641 1265 2689 xxxvn.
1350 2622 1573 2688 Primo
1619 2623 1864 2712 placet,
1920 2622 2095 2710 quod
2148 2622 2526 2689 licenciatus
2570 2632 2685 2690 aut
2723 2623 2950 2689 doctor
3000 2622 3159 2689 alibi
3201 2633 3536 2710 promotus
3578 2621 3681 2687 hic

835 2746 965 2790 non
1009 2733 1375 2789 assumatur
1416 2745 1627 2810 neque
1671 2724 2047 2810 recipiatur,
2089 2724 2217 2788 nisi
2259 2724 2439 2809 prius
2485 2723 2677 2789 fuerit
2719 2721 3252 2788 immatriculatus
3295 2734 3359 2787 et
3398 2721 3680 2809 legitime

749 2830 819 2888 20
840 2822 1158 2905 docuerit,
1223 2844 1291 2886 se
1345 2823 1412 2889 in
1452 2822 1668 2909 aliquo
1715 2822 1928 2887 studio
1984 2823 2399 2910 privilegiato
2455 2845 2573 2910 per
2631 2823 2913 2911 quinque
2971 2844 3175 2887 annos
3231 2823 3570 2888 continuos
3616 2823 3679 2887 in

832 2922 974 2986 iure
1028 2917 1367 3004 studuisse,
1425 2932 1489 2986 et
1543 2920 1629 2987 ad
1670 2920 1954 2987 medium
2013 2944 2255 2988 annum
2296 2931 2492 2987 antea
2529 2921 2635 2987 hic
2685 2921 2754 2988 in
2795 2923 2923 2986 ista
2973 2922 3394 2987 universitate
3438 2921 3681 2987 steterit

835 3030 901 3086 et
943 3019 1027 3085 ad
1068 3020 1403 3085 minimum
1443 3019 1546 3086 bis
1585 3022 1653 3086 in
1700 3022 2064 3108 septimana
2104 3022 2172 3086 in
2213 3022 2488 3086 materia
2530 3022 2693 3086 iuris
2733 3019 2965 3107 legerit
3006 3030 3116 3086 aut
3156 3022 3583 3108 resumpserit
3621 3030 3681 3084 et

834 3119 1161 3209 publicam
1203 3119 1432 3185 fecerit
1471 3121 1947 3208 repeticionem.

1000 3254 1292 3302 xxxvm.
1377 3236 1559 3321 Item,
1606 3247 1678 3301 ut
1720 3236 2047 3302 scholares
2092 3239 2253 3303 iuris
2304 3260 2379 3304 eo
2419 3238 2649 3304 fortius
2691 3235 3078 3303 inducantur
3122 3236 3208 3301 ad
3248 3237 3678 3324 promotiones
3797 3232 3806 3242 ’

749 3345 817 3402 25
838 3337 907 3401 111
963 3336 1086 3402 hac
1141 3334 1452 3401 facultate
1503 3346 1728 3402 nostra
1771 3337 2181 3424 recipiendas
2225 3338 2565 3426 minusque
2622 3335 3010 3425 praeiudicii
3063 3336 3168 3401 hic
3222 3340 3538 3423 promotis
3590 3337 3678 3401 in-

837 3436 1108 3519 feratur,
1152 3434 1427 3523 placuit,
1472 3435 1644 3523 quod
1686 3434 1843 3500 alibi
1883 3437 1950 3500 in
1992 3435 2320 3503 doctorem
2365 3449 2477 3501 aut
2518 3436 2928 3502 licenciatum
2973 3447 3326 3524 promotus,
3369 3436 3426 3500 si
3472 3435 3681 3502 nobis·

840 3557 988 3601 cum
1030 3532 1308 3621 gradum
1346 3534 1823 3600 baccalariatus
1866 3536 1935 3601 in
1973 3537 2116 3601 iure
2155 3559 2285 3603 non
2329 3536 2414 3601 sit
2452 3547 2806 3620 assecutus,
2848 3558 2967 3624 pro
3000 3536 3101 3601 sui
3144 3534 3424 3623 simplici
3469 3555 3683 3623 recep·

837 3635 1013 3699 tione
1033 3656 1145 3698 seu
1166 3631 1761 3722 assum[¹8]ptione
1806 3633 1892 3700 ad
1930 3634 2139 3704 locum
2186 3634 2394 3701 solvat
2436 3653 2557 3700 xv1
2598 3636 2817 3701 floren.
2857 3658 2968 3717 re.‚
3014 3634 3096 3699 de
3138 3633 3371 3722 quibus
3412 3645 3684 3723 quatuor

835 3732 1065 3798 cedent
1104 3729 1261 3799 fisco
1310 3732 1635 3798 facultatis
1678 3743 1940 3799 nostrae
1984 3744 2048 3799 et
2106 3734 2219 3799 alii
2276 3733 2649 3800 doctoribus
2696 3744 2850 3802 tunc
2908 3732 3362 3822 praesentibus
3416 3744 3483 3800 et
3538 3743 3685 3799 actu

749 3842 819 3900 30
844 3831 1250 3919 regentibus,
1311 3833 1449 3897 sive
1504 3833 1572 3896 in
1625 3832 1827 3897 altero
1884 3834 2023 3898 sive
2078 3835 2147 3897 in
2203 3842 2475 3922 utroque
2531 3834 2671 3899 iure
2720 3834 2915 3899 fuerit
2974 3844 3324 3921 promotus.
3411 3832 3545 3898 Sed
3603 3856 3682 3899 ex

839 3941 988 4019 post
1046 3954 1166 4019 pro
1216 3932 1314 3996 sui
1372 3933 1815 4019 assumptione
1862 3955 1976 3996 seu
2016 3935 2384 4019 receptione
2426 3932 2512 3997 ad
2569 3932 2911 4019 collegium
2964 3931 3068 3998 vel
3127 3932 3471 3997 consilium
3521 3934 3681 3998 eius-

835 4030 981 4097 dem
1034 4028 1379 4111 facultatis,
1424 4029 1702 4097 dumodo
1743 4054 2044 4096 numerus
2091 4030 2423 4097 doctorum
2467 4032 2572 4110 (de
2616 4055 2740 4121 quo
2784 4037 3010 4120 supra)
3066 4040 3419 4120 pateretur,
3477 4031 3685 4098 solvat

840 4129 1002 4196 alios
1043 4128 1385 4195 duodecim
1426 4129 1650 4196 floren.
1696 4153 1807 4213 re.‚
1853 4153 2126 4219 quorum
2170 4131 2297 4197 duo
2342 4130 2498 4197 fisco
2532 4131 2881 4215 facultatis,
2925 4131 3158 4219 reliqui
3201 4153 3358 4196 vero
3389 4150 3437 4196 Χ
3469 4130 3681 4196 docto-

834 4228 1019 4295 ribus
1062 4228 1319 4315 collegii
1360 4228 1811 4318 praesentibus
1855 4241 1919 4295 et
1961 4242 2112 4296 actu
2150 4228 2524 4317 regentibus
2570 4231 2802 4297 cedere
2844 4230 3187 4297 debebunt.
3232 4229 3304 4295 Si
3339 4252 3496 4296 vero
3537 4254 3680 4317 gra-

751 4338 817 4395 35
836 4328 989 4394 dum
1025 4327 1503 4394 baccalariatus
1543 4329 1612 4394 in
1653 4330 1794 4394 iure
1834 4328 1943 4394 hic
1984 4330 2181 4395 fuerit
2223 4339 2576 4413 assecutus,
2629 4341 2782 4396 tunc
2824 4354 2944 4418 pro
2989 4335 3087 4398 sui
3139 4330 3420 4417 simplici
3462 4353 3679 4418 recep·

833 4429 1005 4494 tione
1055 4437 1119 4493 et
1171 4429 1568 4493 assumtione
1621 4428 1708 4493 ad
1761 4427 1975 4493 locum
2032 4429 2240 4495 solvat
2294 4447 2343 4494 Χ
2395 4429 2618 4496 floren.
2669 4453 2778 4513 re.‚
2834 4431 2916 4496 de
2974 4430 3208 4519 quibus
3266 4428 3394 4496 duo
3451 4429 3680 4495 cedant

832 4527 992 4594 fisco
1037 4537 1101 4592 et
1144 4525 1256 4591 alii
1314 4535 1457 4592 octo
1502 4525 1877 4592 doctoribus
1924 4527 2213 4593 eiusdem
2271 4527 2601 4594 facultatis
2646 4539 2799 4596 tunc
2854 4528 3324 4618 praesentibus.
3411 4528 3545 4595 Sed
3599 4552 3677 4594 ex

836 4637 985 4743 post
1023 4649 1144 4714 pro
1188 4627 1287 4691 sui
1329 4628 1768 4713 assumptione
1811 4627 1897 4692 ad
1940 4628 2277 4694 consilium
2317 4626 2645 4695 facultatis
2686 4629 2897 4694 solvat
2936 4628 3096 4695 alios
3128 4648 3177 4694 Χ
3204 4628 3448 4710 floren„
3491 4627 3676 4694 modo

835 4729 965 4793 iam
1018 4726 1190 4792 dicto
1237 4724 1641 4793 dividendos.
1726 4725 1894 4792 Aliis
1937 4736 2153 4793 tamen
2195 4727 2572 4815 praedictae
2624 4728 2951 4793 facultatis
2996 4728 3254 4793 statutis
3299 4738 3363 4792 et
3419 4750 3674 4793 consue·

752 4824 1193 4909 40tudinibus,
1238 4826 1416 4891 circa
1457 4824 1614 4892 alibi
1656 4837 1986 4914 promotos
2027 4825 2539 4915 disponentibus,
2586 4849 2838 4915 semper
2884 4827 3099 4893 salvis.

1005 4960 1251 5008 ΧΧΧΙΧ.
1332 4943 1496 5008 Item
1553 4944 1705 5030 quia
1765 4944 2300 5030 ignominiosum¹
2352 4954 2478 5027 est,
2533 4944 2706 5010 illius
2764 4945 3207 5012 executionem
3264 4966 3383 5031 per
3436 4966 3672 5032 paucos

835 5042 1169 5131 impediri,
1222 5040 1395 5129 quod
1452 5063 1493 5106 a
1549 5041 1843 5130 pluribus
1900 5051 2083 5108 extat
2142 5043 2546 5111 concorditer
2602 5043 2991 5127 conclusum,
3051 5043 3134 5111 ob
3189 5043 3261 5109 id
3317 5042 3562 5130 placuit
3615 5052 3675 5108 et

1015 5296 1038 5347 1
1078 5290 1452 5349 Gcschrieben
1483 5287 1631 5346 steht
1663 5290 2073 5360 ianominosum.
