4038 6358
693 1670 756 1724 10

693 2164 754 2219 15

685 4257 755 4313 35

1268 592 1433 641 Lehr-
1473 593 1581 641 und
1618 591 1982 657 Stundenplan
2028 595 2108 643 fiir
2141 595 2246 644 alle
2281 595 2592 645 Facultaten
2637 609 2761 643 vom
2795 595 2960 644 Jahn-e
3000 598 3126 644 1519

938 770 1245 837 Eadem
1284 772 1505 838 hora.
1596 772 1728 838 Sed
1782 795 1908 859 quo
1951 774 2273 841 reconditi
2321 774 2596 841 aliarum
2658 776 2896 839 artium
2937 774 3153 841 aditus
3213 797 3332 862 per
3385 774 3627 841 dialec-

1022 872 1219 936 ticam
1260 872 1513 937 mediae
1557 872 1784 937 classis
1825 874 2232 939 auditoribus
2259 877 2279 917 ¹
2322 884 2623 961 pateant,
2667 875 2745 938 in
2788 883 3117 940 aestate
3158 875 3452 961 legentur
3496 877 3630 940 isa-

1021 991 1191 1057 goge
1231 971 1607 1059 Porphyrii,
1651 975 2019 1058 categoriae
2060 972 2428 1040 Aristotelis
2473 985 2536 1039 et
2578 974 2903 1062 principia
2937 970 3223 1040 Gilberti
3248 966 3615 1057 Porretani,

1021 1068 1104 1134 ab
1164 1069 1515 1136 Hermolao
1566 1071 1863 1138 Barbare
1930 1072 2172 1138 tralata
2193 1075 2250 1155 ²3
2323 1076 2404 1138 in
2465 1073 2748 1160 hyeme
2803 1072 2958 1139 libri
3011 1076 3156 1161 peri
3211 1074 3622 1139 hermeneias

1017 1168 1407 1252 Aristotelis,
1447 1170 1531 1236 ab
1560 1170 1980 1258 Argyropylo
2025 1173 2306 1259 eleganti
2355 1184 2420 1239 et
2461 1174 2784 1238 communi
2816 1172 3162 1256 tralatione
3201 1221 3385 1237 .....
3404 1174 3430 1216 ³
3475 1172 3627 1238 illu-

1023 1269 1243 1351 strati,
1288 1267 1521 1334 deinde
1559 1270 1638 1334 B.
1685 1270 1969 1336 Thomas
2017 1273 2099 1337 de
2150 1271 2739 1360 paralogismorum
2774 1273 3081 1359 argutiis,
3141 1271 3449 1359 expedita
3493 1294 3629 1337 me·

1021 1366 1115 1431 dii
1159 1366 1511 1454 syllogistis
1534 1370 1559 1410 ⁴
1609 1371 1981 1435 inventione
2036 1393 2115 1435 ac
2170 1371 2543 1437 multivaria
2601 1370 3126 1458 syllogismorum
3179 1380 3499 1458 potestate
3554 1372 3626 1439 in

1022 1466 1376 1531 modalium
1421 1471 1937 1555 propositionum
1976 1471 2363 1535 formatione
2403 1480 2466 1535 et
2508 1470 2944 1557 peculiaribus
2990 1469 3526 1557 proprietatibus.

934 1563 1227 1630 Eadem
1283 1564 1502 1630 hora.
1578 1568 1675 1632 Ne
1715 1568 1969 1633 erudita
2009 1579 2074 1634 et
2113 1570 2336 1654 gravis
2374 1569 2826 1656 philosophiae
2871 1568 3191 1635 naturalis
3222 1570 3528 1635 maiestas
3560 1577 3628 1633 et

1024 1663 1294 1729 obtrusa
1312 1669 1338 1707 ⁵
1389 1665 1666 1732 eruditio
1721 1668 1790 1732 in
1850 1669 2063 1755 primo
2121 1667 2583 1734 Aristotelicas
2634 1668 3087 1756 philosophiae
3138 1668 3457 1734 vestibulo
3516 1678 3619 1755 ty-

1019 1785 1250 1828 ronum
1292 1765 1556 1850 ingenia
1594 1765 1829 1831 obruat
1877 1766 1981 1833 vel
2026 1766 2381 1850 deterreat,
2426 1791 2545 1856 per
2585 1768 2673 1832 D.
2713 1766 3082 1850 Albertum‚
3139 1767 3447 1833 facillimo
3488 1777 3623 1832 tra-

1017 1863 1172 1927 mite
1214 1873 1416 1929 totam
1457 1864 1828 1931 Aristotelis
1868 1866 2213 1953 physicam
2258 1866 2787 1955 complectentem
2805 1915 2824 1950 ,
2878 1867 2966 1932 ad
3005 1866 3412 1954 capessenda
3452 1866 3621 1931 diffi—

1023 1960 1176 2026 cilia
1222 1961 1531 2049 dogmata
1574 1972 1643 2029 et
1683 1975 1956 2030 naturae
1999 1988 2244 2033 arcana
2287 1964 2681 2030 erudientur.

935 2058 1056 2125 Ho
1079 2084 1170 2126 ra
1215 2071 1537 2128 octava.
1622 2065 1951 2150 Legentur
2013 2063 2240 2129 dedita
2292 2087 2495 2152 opera
2536 2073 2681 2131 octo
2726 2064 2880 2130 libri
2915 2063 3285 2130 Aristotelis
3327 2064 3410 2130 de
3453 2065 3618 2153 phy-

1025 2161 1159 2226 sico
1203 2161 1454 2246 auditu,
1497 2164 1565 2227 in
1606 2163 1951 2230 tralatione
1993 2164 2346 2250 Augustini
2388 2165 2447 2229 N
2451 2164 2642 2251 yphi,
2707 2165 2817 2249 qui
2861 2164 2949 2229 ad
2987 2163 3397 2252 Argyropyli
3440 2164 3621 2252 lepo-

1022 2278 1161 2324 rem
1203 2259 1367 2325 adeo
1412 2272 1705 2348 spectata
1748 2265 2120 2350 interpretis
2161 2262 2289 2327 fide
2331 2264 2669 2350 aspiravit,
2713 2273 2785 2327 ut
2821 2265 2966 2351 ipse
3006 2285 3250 2349 gnarus
3270 2266 3297 2307 ⁰
3345 2286 3388 2329 a
3412 2284 3620 2350 grege

1023 2357 1397 2426 Aristotelis
1442 2360 1756 2427 defecisse
1799 2362 1972 2427 haud
2014 2383 2339 2448 quaquam
2381 2363 2762 2427 ratiocinari
2808 2370 3045 2450 posset.

937 2455 1096 2522 Sub
1152 2458 1429 2525 eadem
1480 2460 1696 2527 hora.
1782 2460 1948 2528 Cum
2017 2462 2329 2527 exercitio
2383 2462 2651 2547 peritia,
2707 2470 2779 2525 ut
2849 2460 3098 2529 Fabius
3160 2482 3245 2526 ex
3322 2461 3616 2527 Platonis

1023 2559 1343 2624 sententia
1386 2561 1511 2641 ait,
1571 2560 2014 2644 convalescat,
2058 2561 2356 2627 dominus
2400 2560 2683 2626 decanus
2727 2561 2796 2625 in
2857 2561 3108 2626 artibus
3162 2563 3477 2626 exercitia
3527 2559 3620 2625 le—

1022 2655 1237 2743 gendo
1296 2679 1375 2722 ac
1429 2657 1821 2746 disputando
1889 2678 2036 2725 cum
2096 2661 2456 2746 magisterii
2523 2670 2588 2724 et
2650 2659 3184 2725 baccalaureatus
3248 2658 3619 2725 candidatis

1022 2755 1397 2822 celebrabit.

937 2853 1246 2922 Eadem
1288 2858 1507 2923 hora.
1590 2858 1753 2925 Cum
1817 2860 2076 2942 inertis,
2134 2871 2206 2924 ut
2260 2858 2491 2924 Cicero
2538 2860 2664 2943 ait,
2728 2860 2813 2924 sit
2872 2859 3118 2944 ingenii
3174 2858 3417 2923 rivulos
3468 2878 3620 2921 con—

1024 2958 1262 3021 sectari
1305 2967 1370 3023 et
1412 2958 1623 3023 fontes
1669 2980 1884 3023 rerum
1926 2958 2259 3044 negligere
2276 3007 2296 3041 ,
2350 2956 2599 3043 legetur
2639 2958 3050 3041 Priscianus,
3106 2979 3190 3022 ex
3240 2979 3367 3043 quo
3408 2964 3623 3022 neote-

1020 3056 1142 3119 rici
1182 3058 1753 3142 grammaticorum
1797 3056 1989 3123 rivoli
2032 3058 2528 3122 scaturiverunt.

1822 3224 2025 3291 Horis
2067 3225 2556 3312 pomeridianis.

932 3356 1158 3422 Hora
1203 3380 1301 3422 un
1321 3355 1653 3422 decima.
1740 3356 1838 3422 Ne
1878 3356 2252 3424 dialectices
2297 3367 2564 3445 tyrones
2604 3357 2936 3444 perplexis
2986 3355 3516 3422 secundariarum
3559 3368 3625 3420 et

1018 3458 1478 3542 primariarum
1536 3456 1960 3524 intentionum
2016 3457 2537 3544 quaestionibus,
2594 3466 2707 3521 aut
2747 3456 2942 3544 plane
2984 3455 3113 3521 illis
3160 3455 3340 3521 Scoti
3385 3456 3620 3519 sorma—

1020 3555 1275 3620 litatum
1331 3555 1661 3622 meandris
1718 3565 1781 3621 et
1825 3556 2140 3643 Crysippi
2195 3559 2545 3622 soritarum
2601 3555 2811 3621 modis
2876 3565 2988 3621 aut
3038 3553 3386 3620 dialectica
3437 3555 3614 3640 inge-

1016 3657 1274 3719 niorum
1313 3663 1455 3720 cote
1499 3665 1565 3720 et
1604 3657 1841 3721 artium
1881 3657 2179 3741 magistri
2220 3655 2686 3736 deterreantur,
2737 3654 3037 3741 legentur
3081 3664 3331 3741 septem
3372 3665 3611 3720 tracta-

1024 3762 1128 3818 tus
1166 3752 1346 3818 Petri
1384 3753 1699 3839 Hispani,
1741 3757 1852 3840 qui
1892 3754 2137 3819 relictis
2179 3753 2567 3841 ambagibus
2609 3753 2938 3819 auditores
2999 3753 3178 3818 facili
3223 3756 3335 3819 via
3375 3756 3445 3819 in
3485 3753 3621 3817 dia-

1018 3851 1276 3917 lectices
1321 3853 1680 3939 penetralia
1717 3852 1938 3936 ducet,
1993 3877 2076 3919 ne
2120 3856 2189 3919 in
2229 3853 2358 3919 illis
2399 3854 2572 3919 ultra
2623 3862 2902 3919 aetatem
2956 3852 3135 3917 velut
3192 3852 3368 3940 apud
3425 3851 3619 3939 Syre-

1020 3953 1166 4017 nios
1210 3950 1511 4037 scopulos
1556 3962 2040 4018 consenescant.
2215 4017 2221 4030 ,

939 4049 1100 4115 Sub
1144 4048 1429 4115 eadem
1471 4049 1684 4116 hora.
1771 4050 1934 4118 Cum
1976 4049 2396 4134 Aristoteles,
2455 4052 2590 4117 dux
2645 4052 3249 4139 peripateticorum,
3312 4050 3622 4116 Isocratis

1025 4148 1319 4236 exemplo
1363 4158 1592 4231 motus,
1636 4149 2105 4237 philosophicis
2150 4150 2699 4237 disputationibus
2744 4152 3066 4215 oratorias
3113 4150 3326 4215 theses
3364 4170 3614 4214 accom-

1024 4247 1414 4331 modaverit,
1469 4271 1551 4314 ne
1605 4259 1669 4314 et
1710 4250 1829 4315 has
1869 4248 2249 4335 negligatis,
2303 4251 2383 4314 in
2427 4259 2743 4314 aestate
2796 4250 3034 4335 legitur
3081 4248 3310 4315 Cicero
3359 4247 3443 4313 ad
3488 4247 3621 4312 He-

1021 4348 1316 4412 rennium
1340 4396 1358 4428 ,
1422 4348 1508 4411 in
1564 4347 1849 4434 hyeme
1903 4357 2038 4412 tres
2077 4346 2232 4412 libri
2285 4347 2622 4415 Ciceronis
2665 4348 2746 4412 de
2786 4358 3073 4430 oratore,
3143 4347 3386 4428 Quinto
3429 4346 3616 4411 fratri

1020 4447 1400 4512 nominatim
1419 4446 1638 4530 dicati,
1670 4448 1737 4512 in
1760 4446 1994 4531 quibus
2012 4445 2246 4513 Cicero
2265 4447 2645 4514 Ciceronem
2660 4450 2899 4512 vicisse
2913 4448 3319 4533 Hieronymo
3340 4445 3615 4512 videtur.

939 4545 1107 4611 Sub
1164 4544 1442 4609 eadem
1500 4545 1720 4610 hora.
1823 4545 2215 4611 Themistius
2275 4546 2357 4611 de
2416 4547 2692 4634 physica
2760 4547 3231 4613 auscultatione
3298 4547 3620 4612 aestivo

1027 4645 1326 4710 semestri
1381 4642 1660 4740 legetur,
1718 4646 1794 4709 in
1855 4643 2138 4730 hyeme
2190 4667 2346 4710 vero
2386 4655 2519 4711 tres
2559 4645 2712 4712 libri
2757 4646 3099 4712 Themistii
3139 4645 3220 4710 de
3262 4647 3482 4712 anima
3532 4648 3625 4711 in·

1020 4741 1549 4831 terpretabuntur
1570 4792 1587 4825 ,
1654 4764 1814 4830 quos
1866 4742 2260 4816 Hermolaus
2321 4744 2658 4811 Barbarus
2675 4795 2693 4827 ,
2774 4745 3275 4831 Aquilegnensis
3347 4748 3624 4834 patriar-

913 5014 934 5062 1
974 5005 1352 5063 Geschrieben
1389 5005 1538 5062 steht
1572 5009 1875 5065 autor-ihm.
1988 5093 1995 5102 ι
2117 5015 2147 5066 2
2186 5019 2238 5066 et
2260 5018 2394 5083 post
2427 5009 2735 5066 Gilbermm
2767 5010 3137 5066 Porretanum
3169 5012 3243 5066 ab
3275 5009 3625 5065 Granolamo

880 5090 1172 5145 nodutum.

912 5178 943 5227 3
978 5173 1322 5230 Unleserlich
1336 5216 1351 5244 ,
1385 5174 1676 5231 scheinbar
1709 5195 1977 5234 carosum.
2113 5182 2146 5232 4
2185 5176 2524 5233 Undeutlich
2541 5218 2555 5247 ,
2588 5182 2730 5233 etwa
2761 5177 3071 5249 sylloqz’smi
3082 5179 3110 5231 ‚¹

919 5262 952 5314 5
986 5257 1201 5313 oba-m
1232 5258 1365 5313 oder
1401 5261 1615 5317 obtrusi
1624 5302 1639 5330 ,
1672 5260 1817 5317 doch
1851 5260 1978 5318 sehr
2010 5260 2347 5317 undeutlich.
2495 5267 2527 5319 6
2561 5259 2938 5319 Geschrieben
2970 5261 3117 5318 steht
3148 5269 3358 5333 yram.
