4038 6358
800 661 921 726 608
1839 659 1940 708 Die
1979 656 2352 709 medicinische
2389 652 2645 710 Facultfit.

1953 892 2179 941 LOCUS
2222 892 2496 941 DECANL

1763 1011 1978 1074 Caput
2013 1012 2108 1063 111.
2145 1010 2293 1075 (Vgl.
2336 1014 2386 1060 a.
2423 1013 2551 1063 Stat.
2588 1010 2661 1075 2.)

965 1123 1277 1188 Decanus
1322 1123 1682 1189 medicinae
1722 1125 2079 1208 facultatis,
2125 1129 2235 1212 qui
2289 1124 2485 1190 habet
2537 1122 2681 1189 aliis
2735 1123 3110 1190 doctoribus
3154 1125 3535 1211 praecipere
3577 1134 3642 1187 et

811 1223 1125 1289 mandare
1185 1223 1252 1286 in
1309 1221 1503 1287 licitis
1559 1234 1624 1287 et
1672 1223 1961 1290 honestis
1981 1274 1999 1308 ,
2061 1222 2142 1288 ob
2198 1223 2269 1288 id
2316 1221 2787 1288 rationabiliter
2854 1225 3135 1310 primum
3202 1222 3417 1288 locum
3472 1226 3644 1287 inter

719 1332 753 1386 5
808 1320 1069 1387 eosdem
1116 1320 1405 1387 obtinere
1448 1321 1641 1389 debet
1682 1324 1751 1389 in
1794 1322 2192 1390 sessionibus
2232 1324 2673 1389 universitatis
2730 1334 2794 1389 et
2853 1322 3425 1388 convocationibus
3485 1344 3643 1387 suae

798 1420 1144 1487 facultatis.

1190 1620 1440 1680 onmes
1485 1622 1814 1671 muman
1859 1623 2100 1672 Possrr
2144 1625 2236 1672 m·
2278 1624 2407 1673 sus
2453 1624 2591 1684 QoA
2637 1621 2869 1670 Pomm
2913 1619 3250 1673 nscmus.

1743 1742 1958 1805 caput
1993 1744 2115 1795 1111.
2167 1741 2313 1807 (ναι.
2356 1747 2404 1795 a.
2443 1743 2573 1794 stat.
2609 1742 2683 1802 s.)

958 1851 1263 1919 Omnium
1324 1852 1660 1919 doctorum
1721 1855 2030 1942 suffragio
2083 1857 2328 1923 decano
2378 1848 2534 1923 data
2594 1866 2694 1920 est
2746 1853 3019 1920 facultas
3034 1903 3053 1936 ,
3102 1865 3175 1918 ut
3228 1853 3628 1941 professores

716 1966 780 2021 10
796 1954 1153 2020 medicinae
1177 1951 1262 2015 ad
1298 1950 1572 2016 docendi
1609 1951 2009 2040 diligentiam
2044 1979 2161 2042 per
2197 1955 2523 2021 decretam
2545 1953 2850 2019 mulctam
2871 1951 3182 2040 impellat,
3225 1975 3354 2039 quo
3396 1951 3621 2017 libera·

795 2054 1039 2120 litatem
1088 2050 1505 2115 illustrissimi
1555 2054 1869 2141 principis
1913 2054 2186 2120 lectores
2230 2054 2524 2142 diligenti
2570 2053 2783 2120 officio
2825 2050 3082 2138 legendi
3122 2064 3623 2139 recompensent.

809 2153 880 2219 Si
925 2172 1079 2216 vero
1123 2150 1405 2214 decanus
1449 2151 1590 2237 ipse
1635 2155 1852 2239 segnis
1891 2162 1956 2219 et
1990 2152 2333 2240 indulgens
2378 2155 2677 2220 inventus
2717 2152 2941 2234 fuerit,
3002 2175 3084 2216 ex
3139 2153 3459 2216 sententia
3500 2173 3626 2215 om-

796 2256 974 2318 nium
1007 2248 1334 2316 facultatis
1377 2250 1668 2315 medicae
1708 2250 2047 2318 doctorum
2086 2255 2228 2340 ipse
2267 2252 2408 2319 luat
2450 2251 2884 2339 negligentiae
2924 2273 3215 2337 poenam.

959 2350 1266 2414 Decanus
1303 2357 1516 2434 potest
1549 2350 1862 2417 mandare
1906 2352 2205 2418 omnibus
2246 2362 2311 2417 et
2353 2352 2624 2439 singulis
2669 2350 3041 2415 doctoribus
3090 2371 3243 2415 suae
3284 2348 3628 2430 facultatis,

718 2462 779 2516 15
798 2462 873 2516 ut
915 2450 1211 2515 intersint
1253 2447 1385 2511 suis
1438 2450 2009 2516 convocationibus
2055 2473 2174 2538 pro
2233 2451 2398 2517 bono
2456 2450 2784 2517 facultatis
2837 2448 3181 2532 faciendis,
3239 2448 3359 2514 sub
3422 2469 3629 2535 poena

806 2563 1125 2616 certorum
1149 2569 1525 2632 grossorum
1556 2548 2091 2615 irremissibiliter
2116 2549 2409 2617 facultati
2441 2548 3029 2638 persolvendorum.
3091 2548 3170 2613 In
3206 2549 3399 2613 certis
3433 2549 3629 2612 etiam

797 2647 1058 2715 casibus
1098 2645 1493 2729 licentiatos,
1536 2642 1598 2732 [2
1614 2643 1664 2734 b]
1711 2647 2169 2715 baccalaureus
2226 2662 2290 2714 et
2349 2650 2676 2715 scholares
2708 2646 3021 2712 eiusdem
3071 2647 3399 2713 facultatis
3442 2649 3529 2725 (si
3569 2648 3629 2710 ei

794 2758 857 2813 et
899 2746 1170 2832 collegio
1224 2744 1558 2811 doctorum
1600 2749 1812 2812 visum
1854 2748 2075 2836 fuerit)
2134 2748 2219 2813 ad
2272 2747 2637 2814 huiusmodi
2698 2748 3190 2812 convocationes
3249 2768 3361 2813 seu
3413 2747 3631 2811 verius

797 2846 1231 2934 praesentiam
1273 2844 1609 2910 doctorum
1651 2864 1886 2912 vocare
1930 2851 2202 2935 poterit,
2246 2848 2366 2913 sub
2407 2870 2618 2936 poena
2660 2849 3039 2935 praemissa.

702 3090 773 3145 20
1927 3097 2022 3144 nn
2065 3063 2521 3149 mammos

1716 3215 1924 3278 Caput
1960 3216 2025 3266 V.
2061 3215 2207 3281 (vgl.
2235 3222 2280 3268 ii.
2311 3217 2438 3267 Stat.
2463 3218 2495 3267 4
2518 3232 2566 3267 u.
2592 3213 2699 3278 41.)

962 3325 1250 3408 Quilibet
1280 3326 1715 3393 adsumendus
1747 3330 1832 3394 ad
1866 3330 2236 3395 facultatem
2279 3331 2636 3396 medicinae
2678 3330 2781 3396 vel
2823 3328 2907 3394 ad
2955 3326 3296 3393 consilium
3339 3325 3623 3392 eiusdem

797 3429 1055 3509 iurabit,
1082 3427 1302 3513 digitis
1338 3427 1672 3513 evangelio
1708 3430 2052 3515 impositis,
2094 3430 2338 3496 decano
2366 3430 2691 3495 facultatis
2731 3428 3022 3495 medicae
3062 3426 3178 3492 sub
3222 3426 3344 3491 hac
3384 3427 3625 3491 forma:

969 3525 1154 3613 „Ego
1208 3526 1302 3593 .N.
1360 3527 1500 3592 iuro
1561 3526 1747 3593 vobis
1815 3528 2060 3595 decano
2114 3531 2471 3617 vestrisque
2541 3528 3023 3595 successoribus
3078 3528 3511 3592 reverentiam
3566 3537 3629 3590 et

722 3637 788 3693 25
806 3626 1242 3694 obedientiam
1283 3627 1351 3691 in
1392 3625 1585 3691 licitis
1626 3638 1691 3692 et
1728 3627 2036 3712 honestis,
2082 3639 2148 3695 et
2188 3651 2450 3694 servare
2495 3637 2736 3694 statuta
2779 3639 2844 3694 et
2882 3624 3245 3709 statuenda,
3282 3647 3450 3712 quae
3482 3635 3629 3690 sunt

792 3739 854 3792 et
889 3734 1077 3792 erunt
1121 3747 1238 3812 per
1279 3724 1653 3791 facultatem
1695 3751 1810 3792 seu
1852 3729 2166 3794 maiorem
2209 3739 2460 3815 partem
2503 3728 2888 3815 approbata,
2929 3736 2994 3792 et
3033 3747 3386 3814 procurare
3425 3725 3623 3790 facul·

788 3829 941 3893 tatis
987 3824 1224 3892 bonum
1242 3874 1261 3908 ,
1302 3824 1387 3889 ad
1429 3847 1892 3913 quemcumque
1947 3838 2184 3894 statum
2243 3851 2617 3915 pervenero.
2702 3827 2813 3894 Sic
2867 3851 2968 3892 me
3024 3824 3181 3891 deus
3244 3824 3513 3890 adiuvet
3560 3835 3622 3889 et

790 3936 1016 3992 sancta
1058 3923 1163 3990 dei
1204 3923 1603 4010 evangelia.“

957 4024 1203 4091 Doctor
1262 4023 1623 4089 medicinae
1677 4024 1841 4090 alius
1897 4027 2356 4109 universitatis,
2412 4026 2810 4114 desyderans
2864 4027 3068 4112 recipi
3116 4024 3200 4089 ad
3252 4023 3613 4089 facultatem

708 4125 1114 4193 30medicam
1145 4122 1332 4188 huius
1354 4123 1739 4210 Lypsiensis
1770 4127 2228 4209 universitatis,
2274 4130 2331 4191 si
2361 4128 2822 4193 baccalaureus
2866 4126 3152 4192 eiusdem
3195 4126 3411 4208 fuerit,
3451 4137 3611 4188 tene-

793 4225 966 4290 bitur
995 4222 1170 4288 illico
1207 4221 1455 4287 solvere
1483 4245 1603 4309 pro
1638 4223 2109 4312 adsumptione,
2149 4225 2586 4313 disputatione
2613 4238 2677 4292 et
2710 4225 3043 4292 laboribus
3086 4226 3362 4290 caeteris
3407 4224 3618 4289 docto·

801 4346 945 4388 rum
967 4321 1329 4387 medicinae
1362 4320 1733 4388 doctoribus
1771 4322 1854 4389 de
1889 4322 2155 4390 consilio
2198 4335 2260 4389 et
2302 4325 2389 4390 ad
2430 4326 2654 4391 fiscum
2698 4325 3023 4392 facultatis
3068 4325 3300 4410 viginti
3345 4326 3620 4412 quinque

794 4443 1022 4488 aureos
1064 4421 1130 4485 in
1174 4442 1332 4486 auro
1388 4430 1500 4486 aut
1540 4421 1822 4488 valorem
1878 4425 2042 4490 auri.

969 4519 1041 4586 Si
1083 4543 1239 4586 vero
1280 4519 1744 4587 baccalaureus
1786 4522 1977 4588 huius
2015 4522 2342 4589 facultatis
2386 4533 2454 4589 et
2493 4525 2934 4590 universitatis
2970 4545 3104 4588 non
3143 4523 3371 4606 fuerit,
3417 4522 3619 4587 solvet

707 4631 775 4688 35
793 4623 1063 4708 triginta
1104 4629 1169 4684 et
1207 4641 1405 4685 unum
1443 4642 1674 4686 aureos
1717 4623 1786 4686 in
1823 4644 1981 4689 auro
2023 4632 2134 4687 aut
2174 4632 2419 4689 tantum
2460 4623 2767 4691 valorem.
2872 4624 3216 4691 Caeterum
3275 4621 3621 4710 prandium

793 4720 1041 4787 nullum
1091 4718 1428 4784 tenebitur.
1528 4719 1772 4786 Verum
1813 4722 2168 4809 positiones
2211 4722 2440 4788 diebus
2483 4747 2601 4790 sex
2644 4734 2756 4790 aut
2799 4734 3044 4811 septem
3089 4722 3174 4787 ad
3218 4723 3431 4787 minus
3474 4733 3622 4786 ante

791 4819 1290 4907 disputationem
1331 4819 1690 4886 medicinae
1732 4820 2140 4904 doctoribus,
2184 4821 2530 4888 licentiatis
2549 4874 2567 4906 ,
2626 4822 3068 4889 baccalaureis
3109 4832 3172 4886 et
3215 4819 3616 4886 scholaribus

789 4923 1016 4986 mittat.
1103 4919 1429 5002 Attamen,
1472 4941 1554 4984 ne
1597 4919 1885 5008 reliquae
1925 4921 2268 4987 facultates
2310 4922 2722 5008 negligantur
2763 4932 2958 5008 utque
2999 4931 3222 4989 nostra
3265 4920 3614 5008 disputatio

791 5015 1142 5087 honorifice
1185 5018 1579 5101 celebretur,
1623 5018 1868 5106 placuit
1915 5019 2244 5103 facultati,
2296 5034 2365 5087 ut
2421 5021 2854 5088 adsumendus
2907 5021 3241 5087 dominum
3282 5029 3615 5100 rectorem,

706 5120 1121 5187 wdominum
1163 5118 1475 5183 decanum
1516 5118 1900 5204 theologiae,
1947 5120 2273 5186 dominum
2318 5120 2713 5186 ordinarium
2757 5122 2916 5186 iuris
2958 5129 3022 5186 et
3062 5119 3389 5184 dominum
3431 5118 3617 5183 deca—

792 5242 942 5285 num
984 5217 1307 5283 facultatis
1353 5220 1588 5282 artium
1632 5241 1749 5305 per
1801 5221 2184 5305 magistrum
2244 5243 2438 5285 unum
2493 5230 2605 5285 aut
2660 5219 2822 5286 duos
2879 5219 3238 5284 medicinae
3293 5218 3617 5283 scholares

792 5318 879 5387 ad
910 5316 1408 5407 disputationem
1442 5318 1698 5405 invitct3
1743 5327 1808 5382 et
1849 5329 1918 5384 ut
1960 5327 2247 5385 mutuum
2293 5319 2595 5387 honorem
2642 5319 2707 5385 hi
2751 5329 3026 5411 quatuor
3068 5319 3353 5408 hospites
3394 5339 3619 5407 repor-
