4038 6358
910 575 1032 639 226
2067 577 2175 627 Das
2209 576 2384 628 kleine
2417 577 2623 641 colleg.

1079 759 1171 820 16.
1228 754 1390 819 Item
1446 778 1613 820 anno
1672 754 1915 822 Christi
1978 762 2163 842 1412,
2228 758 2524 824 omnibus
2581 743 2914 844 magistris
2974 757 3062 821 ad
3130 757 3251 824 hoc
3321 761 3750 846 congregafis,

908 852 1276 918 conclusum
1328 854 1451 918 fuit
1506 856 1573 919 in
1626 854 1733 919 die
1789 859 2231 923 conversionis
2282 860 2489 923 sancti
2529 856 2717 923 Pauli
2772 859 2965 935 (1412
3022 863 3077 922 d.
3126 863 3222 925 25.
3261 862 3557 942 ,Ianuar-j,
3603 882 3752 925 om·

904 954 1084 1017 nium
1128 963 1191 1015 et
1230 952 1634 1038 singulorum
1673 956 1976 1021 uniformi
2017 980 2353 1041 consensu,
2399 957 2589 1042 quod,
2642 957 2976 1043 magistris
3015 957 3307 1021 invitatis
3345 980 3470 1044 pro
3513 959 3746 1024 medie-

905 1062 1036 1116 tate
1092 1053 1555 1136 magistrorum
1610 1053 1712 1118 vel
1768 1054 1972 1139 ultra,
2033 1058 2393 1144 porciones,
2452 1057 2591 1121 sive
2647 1058 2776 1120 sint
2831 1065 3054 1121 coctae
3107 1056 3213 1121 vel
3269 1080 3421 1138 non,
3480 1056 3745 1145 collegio

820 1162 852 1215 5
908 1151 1157 1216 cedant.
1244 1149 1317 1215 Si
1380 1152 1581 1234 infra,
1653 1154 2005 1220 secundum
2069 1155 2466 1222 voluntatem
2522 1156 2988 1241 magistrorum
3046 1157 3471 1222 invitatorum
3530 1155 3741 1222 distri-

901 1249 1199 1315 buantur.
1306 1303 1317 1313 .
3407 1265 3418 1270 ‘

1074 1356 1164 1415 17.
1224 1350 1388 1415 Item
1429 1355 1484 1416 si
1527 1352 1762 1438 aliquis
1805 1355 2264 1439 magistrorum
2308 1355 2758 1441 praesenciam
2797 1353 3236 1420 infirmaretur
3251 1355 3288 1433 ¹,
3346 1352 3518 1442 quod
3555 1352 3737 1436 absit,

903 1448 1020 1513 tali
1057 1472 1176 1513 sua
1215 1451 1471 1534 integra
1514 1452 1736 1536 porcio
1783 1474 1926 1516 cum
1967 1452 2171 1537 lucro,
2213 1454 2270 1518 si
2313 1452 2486 1540 quod
2528 1453 2740 1535 fuerit,
2781 1452 3066 1518 totaliter
3105 1452 3451 1517 tribuatur.

1072 1553 1165 1615 18.
1227 1548 1390 1612 Item
1450 1551 1603 1635 quia
1660 1553 1975 1637 pecuniae
2033 1553 2100 1616 in
2162 1551 2318 1618 fisco
2375 1575 2506 1618 non
2563 1551 2905 1635 habentur,
2965 1550 3239 1637 quilibet
3293 1551 3734 1637 magistrorum

822 1656 887 1711 10
906 1656 1104 1733 ponet
1146 1669 1333 1712 suam
1374 1647 1660 1733 bursam,
1706 1649 1912 1715 donec
1954 1652 2234 1737 pecunia
2275 1650 2532 1737 collegii
2577 1674 2660 1716 ex
2703 1660 2890 1738 parte
2934 1650 3345 1716 dominorum
3383 1649 3733 1716 habeatur.²

902 1745 1054 1826 Qua
1097 1745 1324 1811 habita
1366 1749 1699 1834 magistris
1742 1772 1862 1836 pro
1908 1751 2311 1835 septimanis,
2365 1750 2600 1837 quibus
2650 1748 2886 1816 bursas
2929 1759 3318 1837 posuerunt,
3373 1751 3592 1836 porcio
3627 1772 3730 1814 eos

901 1867 1297 1911 concernens
1351 1849 1753 1915 restituatur.
1836 1847 1925 1913 Et
1970 1847 2304 1915 residuum
2341 1849 2533 1915 modo
2578 1851 2782 1937 priori
2839 1848 3322 1916 ebdomadatim
3367 1860 3728 1936 exponatur.

1074 2151 1166 2213 19.
1214 2145 1334 2234 [Bl.
1363 2145 1468 2235 3⁸]
1511 2147 1705 2215 Anno
1748 2150 1994 2216 domini
2043 2157 2198 2220 1430
2239 2153 2309 2216 in
2351 2153 2634 2218 crastino
2679 2150 3193 2216 circumcisionis
3237 2145 3432 2233 (1430
3463 2154 3517 2212 d.
3550 2153 3719 2213 2.Ja-

898 2243 1090 2334 naar)
1137 2246 1505 2312 conclusum
1550 2259 1615 2313 et
1670 2257 1977 2314 statutum
2021 2249 2145 2316 fuit
2186 2250 2593 2316 concorditer
2632 2273 2749 2338 per
2792 2271 3016 2314 omnes
3069 2248 3420 2332 magistros
3474 2256 3718 2332 protunc

822 2355 881 2409 15
902 2343 1243 2431 collegium
1306 2355 1901 2434 repraesentantes,
1977 2349 2148 2435 quod
2212 2351 2586 2438 pecuniam,
2655 2371 2850 2437 quam
2914 2347 3239 2414 debebant
3294 2344 3566 2409 habere³
3615 2367 3717 2431 pro

899 2443 1170 2531 collegio
1227 2447 1297 2510 in
1356 2469 1431 2510 eo
1491 2468 1660 2511 anno
1720 2494 1737 2510 .
1772 2494 1788 2510 .
1828 2497 1841 2511 .
1896 2469 2028 2512 non
2083 2497 2099 2513 .
2132 2499 2147 2512 .
2181 2499 2195 2514 .
2219 2452 2246 2492 ⁴¹
2305 2450 2398 2515 eis
2457 2450 2871 2536 praepositus
2924 2446 3172 2512 insultu
3223 2445 3719 2522 haereticorum-'5

897 2546 1307 2631 praepositus
1362 2544 1448 2610 ad
1493 2596 1508 2610 .
1533 2594 1550 2610 .
1578 2595 1594 2609 .
1618 2599 1631 2612 .
1666 2596 1680 2610 .
1701 2596 1715 2611 .
1745 2596 1758 2610 .
1791 2594 1808 2610 .
1842 2596 1855 2609 .
1899 2550 2093 2630 erat⁶‚
2149 2570 2390 2635 ponere
2447 2548 2713 2631 bursas3
2772 2547 2919 2613 ideo
2973 2569 3103 2611 non
3155 2543 3455 2610 obstante
3505 2553 3717 2609 statuto

898 2645 1123 2731 priori,
1154 2637 1362 2731 ‘quam
1404 2646 1533 2710 cito
1577 2646 1853 2731 pecunia
1876 2647 2130 2712 veniret
2172 2647 2258 2712 ad
2300 2671 2529 2713 manus
2543 2650 2583 2732 ⁷,
2628 2650 2768 2713 sive
2808 2647 2876 2710 in
2917 2645 3150 2732 hyeme
3189 2645 3329 2709 sive
3370 2644 3440 2707 in
3481 2651 3716 2722 aestate,

899 2742 1072 2829 quod
1126 2745 1426 2830 magistri
1485 2743 1566 2808 de
1618 2745 1845 2811 eadem
1900 2747 2178 2832 pecunia
2223 2749 2486 2832 capiant
2530 2771 2716 2813 suum
2755 2747 3087 2827 interesse,
3141 2751 3303 2830 puta
3345 2750 3426 2810 54
3468 2743 3581 2827 54⁸
3614 2763 3717 2828 pro

815 2849 883 2905 20
902 2840 1303 2908 ebedomada
1345 2841 1644 2932 quilibet3
1699 2844 1864 2910 alias
1905 2847 2204 2932 magistri
2246 2848 2315 2910 in
2360 2846 2631 2932 collegio
2677 2868 2746 2912 se
2787 2867 2915 2910 non
2957 2852 3458 2910 conservassent
3497 2888 3688 2906 ......
3695 2841 3719 2881 ⁹

1064 2947 1162 3008 20.
1230 2941 1389 3009 Item
1452 2943 1697 3030 placuit
1756 2944 2056 3010 omnibus
2119 2946 2474 3032 magistris,
2540 2944 2710 3033 quod
2765 2946 3042 3032 pecunia
3095 2943 3286 3008 unius
3344 2942 3718 3029 septimanae

903 3039 1092 3106 cedat
1133 3044 1467 3127 magistris
1512 3042 1833 3109 duntaxat
1873 3043 2323 3131 praesentibus
2367 3046 2435 3110 in
2475 3045 2700 3110 eadem
2743 3046 3127 3130 septimana.

1063 3147 1159 3209 21.
1216 3141 1379 3208 Item
1435 3143 1490 3207 si
1548 3141 1782 3230 aliquis
1836 3145 2297 3231 magistrorum
2352 3167 2469 3232 per
2513 3155 2645 3211 tres
2688 3143 2827 3210 dies
2871 3145 3207 3210 continuos
3247 3140 3355 3207 vel
3410 3140 3624 3227 plures
3662 3141 3720 3204 in

898 3241 1126 3307 eadem
1169 3245 1532 3328 septimana
1574 3242 1808 3308 absens
1850 3244 2075 3327 fuerit,
2133 3244 2284 3309 talis
2328 3266 2449 3332 pro
2489 3244 2605 3310 illa
2648 3245 3012 3332 septimana
3052 3242 3137 3308 ab
3179 3241 3525 3308 addicione
3566 3241 3720 3328 prin·

813 3349 879 3405 25
899 3341 1097 3428 cipali
1142 3351 1205 3406 et
1247 3342 1511 3409 etiam¹⁰
1553 3344 1937 3426 accessoria,
1981 3344 2038 3407 si
2079 3365 2244 3428 quae
2284 3343 2495 3427 fuerit,
2539 3343 2932 3410 absolvatur.
2986 3342 3077 3408 Et
3116 3344 3174 3407 si
3202 3343 3468 3408 etiam¹¹
3496 3341 3720 3406 lucrum

897 3439 978 3504 de
1034 3443 1310 3526 pecunia
1371 3439 1626 3527 collegii
1670 3444 1986 3524 evenerit,
2054 3443 2122 3506 in
2165 3441 2390 3508 eodem
2407 3444 2457 3485 ¹²
2502 3454 2754 3531 partem
2808 3465 2940 3508 non
2992 3441 3293 3524 habebit3
3355 3440 3724 3529 provideant

894 3550 1113 3604 tamen
1153 3550 1530 3625 praesentes
1570 3541 1867 3624 redeunti
1908 3542 1974 3606 in
2021 3541 2245 3607 eadem
2287 3540 2652 3609 ebdomada
2692 3542 2774 3609 de
2816 3542 3140 3629 expensis.

1056 3819 1076 3869 1
1116 3811 1492 3870 Geschrieben
1525 3811 1597 3865 ist
1630 3812 2018 3865 insinuaretur.

1047 3902 1077 3953 2
1118 3897 1254 3951 Also
1300 3895 1477 3951 sehon
1518 3912 1627 3949 von
1660 3894 1892 3966 Anfang
1937 3911 2008 3950 an
2058 3894 2316 3951 scheinen
2361 3896 2450 3952 die
2473 3913 2600 3963 von
2643 3896 2752 3951 den
2801 3895 3040 3952 Fiirsten
3086 3894 3525 3966 versprochenen
3570 3895 3724 3949 Basr-

892 3982 1208 4051 zahlungen
1240 3980 1497 4051 gestockt
1530 3997 1601 4033 zu
1634 3977 1832 4035 haben.

1050 4071 1081 4121 3
1121 4063 1394 4121 Unsicher
1443 4063 1565 4118 sind
1613 4062 1757 4118 auch
1805 4063 1955 4119 diese
1989 4063 2201 4120 Worte.
2269 4062 2470 4118 Miiller
2510 4061 2665 4118 hatte
2707 4060 2949 4134 anfangs
2998 4062 3358 4134 geschrieben
3405 4081 3547 4134 quae
3587 4064 3724 4118 debe-

894 4154 1055 4206 batur
1084 4150 1293 4204 habore.

1048 4239 1079 4290 4
1113 4233 1274 4289 Etwa
1306 4250 1470 4302 quam
1500 4249 1611 4285 non
1643 4232 1836 4287 dulit?

1046 4327 1076 4375 5
1113 4318 1232 4373 Der
1263 4314 1544 4373 Hussiten.

1042 4410 1075 4460 6
1112 4400 1309 4458 Steckt
1340 4398 1516 4455 hierin
1553 4398 1830 4455 vielleicht
1861 4397 1950 4454 ein
1983 4397 2515 4471 plusquamperfect,
2560 4416 2671 4454 von
2711 4400 2836 4454 dem
2869 4398 3163 4468 pecuniam
3194 4396 3482 4471 abhflugig
3513 4414 3636 4466 war,
3665 4414 3718 4452 so

889 4490 1019 4544 dass
1060 4503 1272 4559 ponere
1318 4486 1508 4542 bursas
1554 4501 1661 4540 von
1705 4490 1958 4539 stannatum
2009 4484 2140 4554 fuit
2184 4481 2465 4555 abhinge?
2538 4481 2780 4538 Freilich
2837 4481 2960 4538 eine
3016 4481 3198 4554 wenig
3251 4480 3720 4540 wahrseheinliehe

887 4569 1292 4630 construction.

1043 4663 1072 4712 7
1111 4653 1276 4710 Auch
1306 4654 1395 4709 die
1428 4652 1657 4723 Lesung
1692 4652 1871 4707 dieses
1907 4651 2133 4707 Wortes
2165 4650 2240 4707 ist
2270 4667 2418 4721 ganz
2453 4649 2726 4708 unsicher.

1045 4746 1075 4797 8
1103 4746 1247 4811 puta
1282 4744 1312 4793 5
1348 4737 1505 4793 nicht
1541 4735 1788 4792 deutlich
1822 4753 1896 4791 zu
1926 4735 2221 4791 erkennen.

1039 4831 1071 4882 9
1108 4825 1186 4879 Es
1220 4822 1480 4878 scheinen
1514 4820 1659 4877 noch
1696 4826 1727 4877 2
1764 4821 1961 4877 Worte
1997 4837 2069 4876 zu
2109 4819 2316 4892 folgem
2363 4820 2463 4874 das
2505 4824 2650 4875 erste
2691 4836 2798 4874 nur
2839 4836 2942 4875 aus
2987 4816 3181 4888 dinem,
3229 4818 3336 4873 mir
3377 4818 3715 4876 unversffiud·

890 4909 1085 4977 lichen,
1122 4906 1360 4963 Zeichen
1394 4904 1709 4973 bestehend‚
1755 4905 1858 4960 das
1904 4904 2094 4961 zweite
2128 4903 2405 4961 vielleicht
2434 4902 2759 4960 aufzulesen
2791 4904 3144 4961 cmiter
3175 4902 3311 4959 oder
3346 4904 3718 4970 commentar,

892 4995 1026 5050 oder
1059 4991 1205 5048 auch
1238 4990 1618 5061 colleqialiter.

1009 5082 1072 5133 10
1103 5075 1246 5132 Eine
1278 5074 1438 5131 nieht
1469 5072 1796 5130 zweifellose
1827 5071 2220 5131 Abbreviatur.

1014 5166 1069 5216 11
1108 5159 1497 5231 Desgleichen.

1012 5248 1071 5300 12
1108 5243 1482 5302 Geschrieben
1516 5243 1590 5298 ist
1623 5244 1825 5299 eadem.
