4038 6358
1243 612 1421 664 Vicrte
1467 610 2006 672 Statutonrcdaction‚
2056 628 2163 663 von
2204 611 2549 665 1499-1522.
3205 614 3326 677 455

407 797 652 856 vatus
702 793 933 876 fuerit3
976 803 1130 858 tunc
1173 795 1239 858 in
1281 793 1423 860 loco
1466 794 1895 861 habitacionis
1935 817 2095 859 suae
2136 792 2218 857 de
2260 793 2487 859 favore
2534 793 2763 860 decani
2805 794 3024 881 legere
3067 794 3323 881 poterit.

409 887 690 957 Debet
732 894 940 958 eciam
989 895 1331 980 magister,
1372 894 1596 960 volens
1641 895 1735 959 sic
1752 943 1771 978 ,
1816 905 1887 959 ut
1930 894 2388 982 praemittitur,
2430 916 2575 959 esse
2616 904 3001 978 acturegens
3017 943 3036 976 ‚
3079 892 3323 959 habere

411 987 865 1057 domicilium
895 995 1234 1080 proprium
1259 993 1328 1059 in
1358 995 1620 1059 civitate
1651 1016 1801 1059 cum
1843 992 2038 1058 rebus
2082 994 2237 1058 suis.
2323 992 2396 1057 Si
2440 1003 2660 1058 autem
2706 993 2861 1058 alibi
2897 993 3323 1059 residenciam

409 1086 802 1175 habuerit,
847 1090 1000 1158 dato
1045 1094 1273 1176 eciam,
1321 1094 1492 1182 quod
1534 1094 1820 1181 aliquam
1859 1091 2214 1157 leccionem
2268 1092 2337 1156 in
2380 1093 2704 1180 principio
2761 1094 3145 1158 mutacionis
3201 1115 3322 1179 pro

411 1192 927 1277 acturegencia
978 1214 1020 1257 a
1073 1191 1317 1260 decano
1377 1193 1622 1281 ceperit
1673 1203 1737 1257 et
1791 1191 2023 1278 legerit
2043 1239 2062 1273 ,
2128 1190 2280 1256 talis
2347 1190 2802 1257 nichilominus
2858 1192 3118 1258 inabilis
3175 1215 3320 1259 esse
3372 1203 3405 1258 5

413 1285 663 1355 debet
702 1289 790 1355 ad
839 1289 1268 1378 ricipiendum
1312 1292 1723 1358 emolimenta
1758 1290 2103 1357 facultatis.

414 1475 486 1535 5.
560 1488 679 1537 ΒΕ
723 1489 925 1538 MODO
968 1489 1278 1539 LEGENDI
1319 1492 1410 1539 ET
1463 1490 1804 1542 PROMISSO
1848 1489 2351 1539 MAGISTRORUM
2393 1485 2893 1538 RECIPIENTHJM
2934 1489 3322 1539 LECTIONES

1590 1589 1726 1638 PRO
1790 1589 2192 1638 ORDINARIO.

627 1700 918 1787 Placuit,
963 1703 1136 1792 quod
1188 1703 1457 1789 quilibet
1510 1706 1972 1791 magistrorum
2026 1712 2320 1791 tempore
2374 1704 2762 1790 receptionis
2817 1702 3111 1769 lectionis
3170 1727 3319 1792 pro-

421 1802 684 1868 mittat
724 1803 983 1869 domino
1029 1802 1274 1869 decano
1321 1804 1441 1868 sub
1485 1803 1659 1869 bona
1696 1803 1826 1868 fide
1866 1802 1954 1868 ad
1993 1825 2245 1886 manus,
2290 1801 2466 1890 quod
2505 1801 2664 1868 velit
2717 1802 3061 1888 diligenter
3100 1802 3318 1889 legere
3339 1815 3403 1869 10

425 1922 651 1966 suam
667 1951 684 1985 ,
742 1925 936 1990 quam
992 1902 1210 1986 habet,
1264 1902 1606 1968 lectionem
1647 1912 1711 1967 et
1764 1903 2091 1988 integrum
2145 1913 2395 1968 textum
2454 1923 2567 1966 seu
2617 1901 2857 1967 librum
2911 1901 2997 1967 ad
3039 1903 3316 1989 gradum

424 2011 867 2087 spectantem
920 2001 1263 2088 diligenter
1322 2001 1690 2085 declarare,
1748 2000 2079 2089 nichilque
2133 2010 2372 2085 textus,
2420 2001 2590 2067 soliti
2627 2000 2776 2086 legi,
2820 1999 3161 2068 obmittere
3205 2025 3318 2068 seu

428 2100 859 2185 persaltare3
905 2103 998 2166 sic
1042 2103 1246 2178 eciam
1289 2100 1461 2189 quod
1506 2098 1677 2188 [13b]
1721 2099 1963 2165 nullam
2004 2100 2347 2166 lectionem
2390 2099 2681 2186 negligat
2725 2099 2830 2164 die
2873 2099 3122 2186 legibili
3168 2100 3314 2166 abs-

428 2220 582 2285 que
629 2200 1008 2267 rationabili
1049 2224 1278 2283 causa,
1329 2200 1410 2265 de
1456 2222 1584 2288 qua
1624 2200 2018 2287 respondere
2062 2201 2305 2286 poterit
2347 2209 2410 2265 et
2447 2199 2606 2264 velit
2650 2199 2943 2265 facultati
2961 2248 2981 2281 ,
3035 2210 3099 2264 et
3142 2200 3314 2288 quod

435 2320 596 2363 non
638 2299 785 2387 plus
828 2311 942 2365 aut
981 2302 1193 2365 minus
1244 2298 1461 2386 legere
1511 2299 1668 2365 velit
1719 2301 1787 2363 in
1845 2298 2134 2387 qualibet
2187 2298 2496 2382 lectione,
2552 2300 2681 2364 nisi
2735 2297 3088 2364 secundum
3142 2300 3316 2386 quod
3338 2312 3399 2366 15

435 2397 835 2463 ordinatum
877 2409 975 2465 est
1013 2422 1054 2464 a
1095 2398 1404 2466 facultate
1439 2399 1719 2482 arcium,
1762 2398 1886 2463 hoc
1928 2408 2028 2463 est
2080 2398 2432 2464 secundum
2484 2398 2931 2468 distinctiones
2984 2397 3315 2464 facultatis

441 2493 709 2582 legere,
755 2499 812 2563 si
853 2520 964 2563 eas
1007 2497 1248 2564 habere
1291 2499 1554 2586 poterit3
1615 2500 1670 2563 si
1711 2519 1838 2562 non
1880 2496 2124 2563 habere
2167 2499 2439 2584 poterit,
2484 2507 2637 2562 tunc
2681 2497 3034 2563 secundum
3074 2497 3313 2563 discre-

437 2597 706 2661 tionem
750 2619 936 2662 suam
979 2609 1042 2662 et
1085 2597 1406 2662 dictamen
1450 2606 1665 2661 rectae
1705 2598 1979 2664 rationis
2023 2620 2143 2684 per
2195 2619 2264 2662 86
2318 2606 2568 2662 textum
2622 2597 3052 2682 distinguere,
3108 2598 3313 2663 eciam

439 2705 614 2760 ante
654 2704 911 2784 tempus
955 2720 996 2762 a
1032 2696 1338 2762 facultate
1383 2706 1691 2762 statutum
1731 2718 1859 2761 non
1902 2695 2123 2779 finire,
2167 2697 2283 2762 sed
2333 2706 2468 2762 toto
2511 2707 2803 2783 tempore
2847 2707 2911 2761 et
2952 2694 3183 2763 diebus
3224 2698 3312 2762 le·

439 2793 791 2880 gibilibus,
833 2806 1179 2884 postquam
1221 2796 1438 2882 legere
1479 2797 1826 2882 inceperit,
1871 2797 2254 2862 continuare
2271 2846 2288 2879 ‚
2334 2794 2455 2860 sub
2499 2818 2713 2882 poena
2752 2797 3090 2861 carenciae
3133 2809 3307 2863 actu·
3328 2809 3396 2864 m

441 2895 804 2981 regenciae
833 2917 953 2982 per
980 2895 1262 2961 medium
1290 2918 1560 2978 annum3
1605 2904 1668 2961 et
1701 2897 1758 2960 si
1797 2918 1988 2983 quem
2031 2895 2337 2961 lectorem
2381 2894 2468 2960 ad
2511 2893 2774 2982 aliquod
2815 2894 3016 2959 breve
3058 2904 3314 2984 tempus

444 2993 697 3059 abesse
741 3016 825 3059 ex
866 2994 1181 3061 racionali
1226 3016 1424 3060 causa
1465 2993 1825 3080 contigerit,
1868 3005 2025 3059 tunc
2067 2994 2263 3060 alium
2308 2997 2697 3080 magistrum
2740 2995 2807 3058 in
2853 3016 3039 3058 suum
3080 2995 3312 3079 locum,

448 3094 578 3178 qui
623 3095 692 3159 in
734 3092 1045 3159 absencia
1085 3116 1202 3158 sua
1246 3094 1422 3181 legat
1464 3104 1528 3158 et
1567 3096 1928 3177 continuet,
1972 3093 2277 3159 ordinare
2327 3093 2547 3159 debet:
2612 3093 2897 3182 alioquin
2952 3116 3070 3181 per
3116 3094 3311 3162 facul-

447 3202 664 3260 tatem
705 3195 892 3260 iuxta
932 3195 1074 3261 eius
1118 3203 1361 3260 statuta
1407 3194 1487 3259 de
1530 3194 1815 3260 remedio
1861 3204 1924 3260 et
1964 3193 2082 3260 tali
2125 3193 2533 3280 negligencia
2575 3193 3042 3280 providebitur.

441 3379 511 3441 6.
569 3393 1010 3443 ORDINARIUM
1053 3394 1411 3443 RECIPJENS
1456 3395 1783 3443 TENETUR
1819 3395 1956 3442 PER
2000 3394 2080 3442 SE
2123 3394 2330 3442 IPSUM
2384 3393 2660 3442 LEGERE
2707 3395 2798 3441 ΕΤ
2845 3386 3392 3443 ΟΟΝΤῙΝΠΔΒΕ.25

637 3504 928 3590 Quilibet
965 3510 1426 3594 magistrorum
1469 3509 1793 3595 recipiens
1834 3507 2236 3575 ordinarium
2272 3518 2526 3573 tenetur
2568 3510 2782 3596 ipsum
2823 3532 2941 3596 per
2985 3529 3054 3573 86
3095 3509 3312 3594 legere

453 3618 525 3673 et
587 3609 963 3683 continuare
1016 3608 1124 3674 vel
1178 3607 1473 3675 facultati
1526 3618 1675 3674 ante
1726 3607 1958 3673 festum
2013 3606 2189 3673 Galli
2231 3606 2338 3672 vel
2385 3606 2655 3693 Georgii
2710 3608 3083 3693 resignare3
3146 3617 3210 3672 et
3254 3610 3308 3673 si

448 3708 675 3797 aliquo
705 3730 862 3774 casu
891 3708 1126 3796 aliquis
1154 3709 1612 3793 magistrorum
1657 3715 1809 3795 post
1851 3708 2299 3794 incepcionem
2342 3730 2659 3772 novarum
2702 3707 3047 3773 lectionum
3089 3706 3307 3793 legere

451 3809 777 3896 inciperet
820 3808 1221 3874 ordinarium
1264 3816 1329 3873 et
1364 3830 1492 3874 non
1551 3808 1959 3874 continuaret
2013 3828 2218 3894 usque
2274 3805 2360 3871 ad
2412 3807 2605 3873 finem
2619 3855 2638 3889 ,
2679 3828 2811 3872 non
2853 3814 3065 3892 potest
3121 3806 3307 3873 alteri

447 3908 790 3994 resignare
845 3906 931 3972 ad
989 3907 1330 3993 legendum
1383 3917 1447 3972 et
1505 3906 2045 3989 continuandum,
2099 3905 2214 3970 sed
2269 3915 2400 3971 stat
2456 3907 2522 3970 in
2577 3904 2924 3970 dictamine
2977 3904 3303 3972 facultatis
3322 3917 3391 3973 30

456 4007 793 4073 residuum
825 4006 1295 4072 continuando¹
1341 4015 1404 4072 et
1447 4008 1550 4071 cui
1593 4007 2055 4092 magistrorum
2095 4005 2653 4071 continuacionem
2696 4007 3093 4071 committere
3134 4005 3306 4072 velit.

663 4178 717 4238 7.
755 4190 1027 4238 HABENS
1066 4189 1502 4241 ORDINARIUM
1546 4188 1688 4237 CUM
1734 4189 1984 4239 TRIBUS
2030 4189 2356 4239 TENETUR
2400 4189 2609 4237 IPSUM
2649 4188 3111 4239 CONTINUARE.

626 4304 900 4387 Placuit,
943 4304 1120 4392 quod
1163 4303 1434 4392 quilibet
1473 4305 1798 4391 recipiens
1838 4304 2242 4371 ordinarium
2287 4304 2610 4370 tenebitur
2651 4306 2867 4391 ipsum
2911 4326 3055 4369 cum
3099 4272 3307 4370 tribus

453 4407 858 4472 continuare.
942 4403 1031 4468 Et
1090 4406 1147 4469 si
1195 4404 1398 4469 lector
1440 4404 1564 4469 hoc
1605 4426 1764 4469 casu
1808 4404 2151 4469 lectionem
2206 4406 2682 4493 postposuerit,
2738 4403 3017 4473 facultas
3061 4405 3305 4469 arcium

453 4506 652 4571 alium
705 4507 774 4571 in
830 4504 970 4569 eius
1023 4502 1235 4568 locum
1282 4514 1584 4589 surroget
1631 4502 1938 4570 lectorem
1956 4554 1975 4588 ,
2034 4514 2100 4569 et
2160 4505 2338 4591 prior
2391 4512 2791 4590 postponens
2850 4504 3303 4588 acturegencia
3321 4513 3388 4569 35

454 4616 679 4671 careat
716 4627 836 4693 per
875 4603 1157 4670 medium
1203 4624 1458 4669 annum.

993 4774 1053 4837 8.
1095 4784 1189 4835 ΒΕ
1233 4787 1695 4837 menemus
1735 4752 1808 4835 I'N
1855 4786 2354 4836 m‘rnnmch
2395 4785 2764 4834 Lnennms.

621 4901 796 4983 Quia
833 4898 987 4965 libri
1028 4899 1578 4967 mathematicales
1618 4902 1898 4968 fortasse
1941 4910 2213 4989 propter
2253 4902 2649 4988 paucitatem
2671 4900 2696 4942 ²
2730 4900 3193 4986 magistrorum
3234 4901 3301 4965 in

457 4999 1089 5067 mathematicalibus
1153 4998 1657 5067 exercitatorum
1719 5025 1873 5068 raro
1939 5001 2285 5088 diligenter
2349 4999 2655 5086 leguntur
2726 5008 2791 5064 et
2860 5000 2930 5064 in
2996 4998 3304 5067 facultate

625 5222 648 5272 1
686 5216 850 5272 Etwa
883 5215 1349 5270 continuandum!

622 5307 655 5358 2
687 5299 1061 5359 Geschrieben
1097 5299 1172 5354 ist
1208 5300 1588 5371 paucietatem.
