4038 6358
873 588 995 653 320
1851 587 1951 638 Die
1995 586 2436 652 philosophische
2469 582 2725 639 Facultit.

870 770 939 833 in
995 765 1456 833 collacionibus
1513 777 1626 834 aut
1670 768 1986 855 prandiis,
2046 752 2158 834 u‘bi
2211 767 2409 834 talem
2459 766 2563 833 vel
2619 765 2783 832 tales
2830 789 2975 834 esse
3027 766 3313 849 sciverit,
3365 764 3558 851 fuerit,
3597 767 3730 834 vel

874 870 942 933 in
982 866 1394 933 habitacione
1439 890 1557 932 sua
1606 867 2030 933 concubinam
2072 867 2333 955 publice
2376 869 2675 950 tenuerit,
2717 866 2823 931 vel
2864 866 3078 932 locum
3121 873 3501 952 suspectum,
3533 867 3731 934 vide·

870 967 1022 1033 licet
1077 965 1524 1053 prostibulum,
1576 969 1956 1050 visitaverit,
2012 977 2127 1033 aut
2180 969 2235 1033 si
2296 965 2378 1031 de
2421 966 2545 1031 hoc
2599 976 2936 1053 suspectus
2980 989 3050 1031 se
3095 987 3464 1052 expurgare
3499 968 3726 1054 neqni-

869 1068 1038 1132 verit
1091 1064 1197 1130 vel
1262 1064 1343 1130 de
1398 1065 1522 1130 hoc
1554 1068 1909 1132 convictus
1964 1068 2159 1132 fuerit
2173 1117 2191 1150 ,
2253 1065 2399 1131 talis
2453 1066 2540 1130 sit
2595 1064 2904 1130 inhabilis
2965 1064 3050 1131 ad
3110 1075 3294 1130 actus
3353 1063 3728 1131 scolasticos

791 1178 824 1232 5
876 1164 1344 1231 exercendum¹
1403 1176 1465 1230 et
1526 1164 1612 1230 ad
1677 1165 1955 1252 aliquem
2014 1165 2118 1232 vel
2180 1164 2431 1252 aliquos
2491 1164 3014 1251 promovendum,
3066 1164 3153 1230 ad
3213 1187 3412 1229 unum
3463 1187 3726 1249 annum,

827 1345 834 1354 .
873 1287 994 1330 nec
1039 1263 1125 1328 ad
1171 1263 1510 1329 consilium
1550 1265 1902 1348 facultatis,
1960 1268 2015 1330 si
2059 1265 2140 1330 de
2185 1266 2357 1330 facto
2400 1265 2468 1328 in
2512 1287 2586 1331 eo
2628 1287 2758 1330 non
2794 1265 3018 1347 fuerit,
3071 1266 3200 1330 nisi
3248 1286 3319 1329 se
3371 1267 3731 1329 correxerit

877 1375 940 1429 et
977 1364 1274 1430 facultati
1315 1386 1511 1451 super
1549 1364 1673 1431 hoc
1713 1364 2135 1430 sufficientem
2178 1362 2514 1430 emendam
2555 1364 2802 1448 fecerit,
2848 1373 3230 1430 assumatur.

1840 1504 1896 1564 4.
1944 1517 2037 1562 DE
2081 1512 2370 1564 PALLms
2412 1513 2724 1586 sranius.

1042 1613 1204 1680 Item
1227 1611 1440 1677 nullus
1484 1614 1943 1698 magistrorum
1986 1622 2201 1702 portet
2240 1611 2512 1700 pallium
2554 1634 2637 1676 ex
2659 1621 2933 1700 utroque
2974 1612 3177 1679 latere
3217 1612 3323 1679 vel
3364 1636 3488 1678 uno
3528 1636 3723 1699 aper-

796 1723 1013 1780 lotum
1072 1734 1215 1776 cum
1273 1710 1518 1799 yopula
1576 1711 1679 1776 vel
1733 1712 2068 1796 tunicella,
2130 1733 2298 1799 quae
2358 1734 2488 1775 non
2561 1711 2969 1798 protenditur
3033 1712 3207 1778 ultra
3277 1733 3504 1799 genua.
3583 1711 3722 1792 Qui

875 1816 930 1878 si
972 1812 1366 1877 contrarium
1407 1810 1649 1894 fecerit,
1696 1834 1812 1898 per
1863 1821 1996 1876 tres
2039 1834 2292 1876 menses
2339 1808 2422 1874 ab
2468 1809 2725 1875 actibus
2785 1810 3147 1876 scolasticis
3189 1821 3254 1876 et
3295 1813 3723 1899 promocioni·

871 1913 996 1977 bus
1052 1908 1365 1975 faciendis
1425 1911 1508 1973 sit
1571 1933 1955 1997 suspensus3
2016 1912 2072 1974 si
2127 1932 2283 1975 vero
2344 1908 2751 1974 baccalarius
2816 1921 2929 1975 aut
2989 1910 3270 1998 simplex
3334 1910 3594 1976 studens
3658 1912 3725 1977 in

876 2010 1123 2077 artibus
1169 2008 1292 2073 hoc
1334 2008 1577 2091 fecerit,
1621 2010 1687 2073 in
1734 2009 2002 2076 dimidio
2047 2009 2290 2074 floreno
2334 2031 2453 2099 per
2498 2008 2815 2074 decanum
2860 2009 3187 2075 facultatis
3229 2012 3546 2097 puniatur.
3594 2008 3728 2091 Qui

877 2112 933 2176 si
977 2132 1047 2174 se
1091 2109 1486 2196 opposuerit,
1534 2109 1619 2174 ad
1660 2108 1998 2175 ulteriores
2040 2110 2487 2196 promociones
2529 2109 2599 2173 in
2641 2108 2894 2175 artibus
2939 2132 3069 2175 non
3112 2110 3500 2176 admittatur.

2411 2297 2522 2304 —---.
2539 2298 2574 2303 -—
2589 2299 2634 2303 ---

730 2477 741 2486 ,
794 2423 855 2478 15
1039 2417 1097 2476 5.
1156 2405 1277 2496 [Bl.
1322 2414 1400 2476 56
1418 2405 1468 2495 ²]
1528 2409 1692 2473 Item
1749 2431 1938 2491 anno,
2000 2434 2127 2498 quo
2191 2432 2417 2496 supra,
2478 2409 2584 2474 die
2641 2429 2744 2476 ΧΠ
2786 2412 3026 2476 mensis
3069 2410 3376 2477 Octobris
3434 2413 3625 2493 (1436
3667 2418 3722 2476 d.

878 2516 970 2578 12.
1018 2506 1296 2595 October)
1356 2517 1664 2574 statutum
1718 2508 1840 2573 fuit
1898 2533 2014 2597 per
2073 2509 2444 2574 facultatem
2502 2509 2909 2574 concorditer
2965 2521 3030 2575 et
3086 2509 3488 2594 conclusum,
3545 2511 3720 2600 quod

873 2608 1084 2673 nullus
1128 2609 1391 2673 accione
1431 2606 1534 2671 vel
1576 2606 1847 2691 ulcione,
1886 2631 2004 2695 per
2049 2632 2117 2674 se
2157 2607 2262 2672 vel
2303 2630 2422 2695 per
2465 2607 2685 2692 alium,
2727 2608 2970 2673 directe
3009 2609 3113 2674 vel
3151 2609 3484 2694 indirecte,
3522 2611 3720 2677 verbo

874 2718 988 2772 aut
1026 2709 1198 2772 facto
1245 2705 1346 2771 vel
1390 2727 1771 2793 quocunque
1814 2706 1941 2773 alio
1984 2708 2178 2773 modo
2223 2711 2495 2794 impetat
2538 2709 2643 2773 vel
2697 2708 2993 2774 molestet
3051 2707 3332 2796 aliquem
3384 2709 3466 2775 de
3519 2712 3716 2796 magi·

875 2810 1026 2873 stris
1073 2805 1179 2871 vel
1234 2804 1785 2870 examinatoribus
1842 2828 1964 2894 pro
2018 2831 2114 2890 eo,
2179 2807 2349 2895 quod
2410 2806 2690 2894 aliquem
2737 2806 2817 2872 de
2872 2808 3007 2872 suis
3059 2807 3150 2871 ad
3203 2806 3480 2894 gradum
3518 2812 3717 2894 magi·

791 2917 858 2974 20
878 2908 1060 2972 sterii
1104 2906 1206 2971 vel
1251 2904 1726 2971 baccalariatus
1773 2929 1857 2970 ex
1901 2929 2101 2988 causa
2142 2906 2517 2972 rationabili
2559 2930 2688 2973 non
2739 2907 3002 2971 admisit
3040 2906 3148 2971 vel
3199 2908 3410 2971 eciam
3449 2907 3716 2972 eundem

875 3009 1057 3071 iuxta
1101 3006 1571 3090 conscienciam
1619 3027 1801 3070 suam
1846 3016 1909 3069 et
1963 3007 2393 3071 iuramentum
2449 3016 2781 3093 tamquam
2839 3004 3180 3091 indignum
3235 3008 3477 3071 reiecit.
3558 3007 3718 3074 Con·

873 3106 1144 3170 trarium
1189 3105 1435 3169 faciens
1489 3103 1658 3168 ultra
1711 3114 1961 3168 reatum
2017 3106 2306 3191 periurii,
2363 3105 2536 3192 quod
2593 3107 2736 3192 ipso
2779 3105 2952 3169 facto
3005 3106 3309 3190 incurrit,
3369 3117 3433 3172 et
3471 3116 3715 3172 centum

875 3205 1268 3271 florenorum
1311 3226 1614 3291 poenam,
1652 3226 1923 3291 quorum
1971 3204 2283 3269 medietas
2333 3203 2524 3270 cedat
2565 3203 2661 3268 illi
2706 3205 2810 3269 vel
2852 3203 3003 3288 illis,
3048 3227 3241 3292 quem
3281 3205 3387 3271 vel
3428 3228 3588 3291 quos
3630 3209 3716 3271 sie

875 3305 1130 3392 impetit
1167 3302 1273 3368 vel
1328 3302 1642 3386 molestat,
1700 3305 1830 3369 alia
1874 3304 2187 3369 medietas
2232 3303 2422 3369 cedat
2465 3304 2783 3387 facultati,
2838 3305 3042 3368 eciam
3085 3315 3402 3390 perpetuo
3445 3328 3486 3370 a
3525 3305 3712 3371 facul·

790 3414 858 3471 25
879 3414 1010 3469 tate
1062 3406 1311 3468 arcium
1364 3403 1448 3467 sit
1490 3402 1808 3468 exclusus.
1892 3403 2176 3468 Tenetur
2221 3404 2428 3468 eciam
2480 3402 2755 3481 facultas
2810 3401 2905 3467 illi
2947 3401 3052 3467 vel
3106 3402 3258 3485 illis,
3312 3407 3423 3492 qui
3473 3406 3569 3469 sic
3609 3406 3715 3469 im-

877 3505 1121 3591 petitur
1163 3501 1268 3567 vel
1308 3503 1722 3588 impetuntur,
1766 3503 2141 3569 molestatur
2169 3501 2275 3566 vel
2314 3501 2756 3583 molestantur,
2798 3502 3060 3566 realiter
3104 3525 3250 3568 cum
3293 3505 3526 3593 effectu
3567 3507 3712 3569 assi·

876 3614 1045 3668 stere
1097 3614 1194 3684 et,
1259 3604 1317 3665 si
1360 3624 1522 3687 opus
1564 3603 1786 3685 fuerit,
1847 3604 2056 3683 eciam
2099 3601 2217 3668 sub
2267 3605 2572 3688 expensis
2613 3600 2940 3666 facultatis
2979 3603 3265 3689 propriis
3309 3603 3584 3668 eundem
3621 3600 3716 3667 vel

877 3700 1159 3782 eosdem,
1215 3702 1422 3765 eciam
1466 3722 1507 3765 a
1557 3700 2063 3789 quibuscunque,
2122 3703 2274 3766 totis
2316 3699 2566 3765 viribus
2623 3700 2961 3767 defensare
3015 3711 3110 3785 et,
3169 3711 3481 3789 quantum
3536 3704 3602 3766 in
3642 3723 3710 3766 es

873 3801 1086 3883 fuerit,
1129 3822 1506 3865 assecurare
1552 3822 1672 3866 nec
1717 3824 1847 3866 non
1883 3801 2166 3867 totaliter
2210 3799 2574 3894 exbrigare.

792 4166 861 4223 30
1583 4158 1684 4222 28.
1728 4158 2061 4234 ΒΡὰῗεενΙιίπ
2102 4162 2576 4237 nachyetraqene
2616 4159 2984 4218 Beschlt'lsse.
2995 4153 3019 4194 ²

1871 4322 1919 4370 a,
1955 4323 2075 4357 aus
2111 4309 2252 4358 dem
2285 4308 2705 4360 Jahn-0144&

1089 4454 1473 4503 Assmss’clo
1515 4454 1610 4501 AD
1656 4452 2030 4503 CONSILIUM
2071 4455 2498 4506 FACULTATIS
2536 4458 2771 4506 DEBET
2813 4456 2977 4519 ESSE
3022 4457 3362 4507 GRACIOSA
3401 4449 3523 4506 ete.

1038 4571 1205 4637 Item
1263 4592 1432 4636 anno
1493 4570 1735 4635 domini
1778 4569 1884 4634 Μ0
1925 4568 2380 4637 CCCCXLIII
2437 4574 2506 4638 in
2560 4572 2882 4638 decanatu
2936 4574 3234 4660 magistri
3284 4572 3586 4639 Andreae
3634 4569 3703 4635 de

881 4670 1280 4753 Namslavia,
1333 4671 1506 4735 facta
1549 4669 1743 4757 plena
1785 4672 2299 4756 congregacione
2339 4674 2801 4758 magistrorum
2843 4672 2934 4737 dev
2962 4671 3232 4738 consilio
3274 4673 3609 4755 facultatis,
3645 4672 3700 4734 in

1040 4844 1059 4892 1
1100 4836 1214 4892 Die
1248 4836 1492 4908 Endung
1527 4835 1603 4893 ist
1635 4834 1957 4906 abgekiirzt.
2004 4833 2179 4891 Sollte
2214 4852 2272 4890 es
2304 4835 2404 4890 das
2438 4837 2723 4893 Gerundiv
2759 4837 2893 4907 sein,
2925 4855 2987 4893 so
3019 4837 3173 4893 hatte
3205 4854 3265 4893 es
3295 4837 3373 4891 im
3407 4833 3697 4908 Folgenden

880 4921 1096 4977 heissen
1134 4925 1353 4975 miissen
1386 4920 1818 4990 promovendam
1848 4919 1936 4972 vel
1961 4922 2381 4989 promovendos.

1026 5010 1056 5061 2
1093 5004 1185 5060 sie
1219 5003 1341 5058 sind
1378 5014 1488 5059 von
1522 5009 1553 5059 2
1587 5002 1899 5071 iihnlichen,
1949 5001 2083 5057 aber
2116 5002 2260 5058 doch
2294 5002 2439 5058 wohl
2474 5003 2632 5059 nicht
2675 5005 3016 5061 identischen
3047 5004 3287 5060 Handen
3332 5003 3460 5061 sehr
3494 5000 3696 5070 fliichtig

880 5090 985 5145 auf
1011 5089 1121 5144 den
1168 5089 1282 5144 leer
1319 5087 1676 5159 gebliebenen
1712 5089 1893 5143 Raum
1929 5088 2107 5142 dieser
2141 5086 2290 5142 Seite
2336 5087 2710 5158 geschrieben,
2764 5108 2835 5144 zu
2877 5089 3028 5145 einer
3061 5089 3185 5145 Zeit
3230 5089 3315 5144 als
3357 5090 3552 5146 bereits
3590 5087 3693 5142 eine

881 5191 1021 5228 neue
1068 5171 1613 5228 Statutenredaction
1652 5173 1863 5244 vorlag.
1938 5171 2049 5226 Die
2089 5171 2253 5228 letzte
2286 5171 2434 5228 Zeile
2475 5173 2551 5228 ist
2594 5173 2740 5229 beim
2781 5172 3158 5229 Beschneiden
3207 5175 3306 5230 des
3347 5174 3559 5230 Buches
3595 5186 3690 5227 ver-

876 5255 1031 5315 loren
1063 5273 1371 5331 gegangen.
