4038 6358
885 647 998 710 178
2013 647 2125 696 Das
2160 661 2346 711 grosse
2382 646 2588 712 Colleg.

915 865 1006 925 10.
1051 875 1144 922 DE
1187 875 1387 924 MODO
1434 875 1885 924 PROPONENDI
1926 879 2255 926 FAMILIAE
2299 879 2435 927 VEL
2479 878 2920 929 SCHOLARIUM
2961 878 3240 927 CONTRA
3279 878 3648 930 PRAEPOSI·

1526 975 1709 1041 TUM,
1757 976 2255 1027 COLLEGIATUM
2295 979 2430 1026 VEL
2475 977 3009 1027 COMMENSALEM.

1042 1092 1207 1156 Item
1249 1090 1462 1156 nullus
1506 1090 1586 1155 de
1641 1091 1889 1156 familia
1931 1092 2187 1180 collegii
2237 1116 2447 1180 neque
2502 1093 2738 1183 aliquis
2793 1094 3204 1176 scholarium,
3234 1156 3237 1159 ,
3262 1094 3740 1179 magistrorum

874 1191 978 1256 vel
1021 1189 1550 1256 commensalium
1582 1190 1663 1255 de
1694 1190 1965 1277 collegio
1990 1202 2318 1280 proponat
2356 1192 2602 1282 aliquid
2644 1203 2869 1260 contra
2911 1194 3353 1280 praepositum
3377 1192 3484 1257 vel
3525 1194 3739 1279 magi-

791 1301 824 1356 5
879 1300 1081 1356 strum
1122 1290 1225 1356 vel
1284 1290 1777 1356 commensalem
1819 1291 1991 1356 infra
2035 1314 2347 1375 mensam,
2407 1293 2523 1358 sed
2579 1296 2637 1359 si
2692 1292 2974 1381 aliquem
3026 1293 3344 1358 defectum
3402 1292 3736 1372 habuerit,

876 1390 1051 1455 dicat
1108 1392 1480 1477 praeposito
1536 1389 1640 1455 vel
1702 1392 2015 1477 magistro
2077 1415 2212 1475 suo,
2269 1402 2530 1477 servata
2589 1393 2924 1459 honestate
2975 1391 3179 1458 verbo
3233 1401 3298 1457 et
3351 1391 3546 1474 facto,
3598 1391 3737 1456 sub

876 1511 1085 1575 poena
1127 1489 1516 1556 exclusionis
1564 1488 1644 1554 de
1685 1489 1957 1577 collegio
2000 1514 2206 1579 usque
2246 1491 2332 1557 ad
2377 1492 2633 1579 collegii
2673 1492 3280 1559 reconciliationem.

964 1682 1055 1742 11.
1097 1693 1193 1741 DE
1233 1689 1432 1739 MODO
1476 1689 1887 1740 EMENDANDI
1929 1691 2327 1742 SOHOLARES
2371 1678 2901 1743 MAGISTRORUw
2944 1694 3079 1742 PER
3121 1693 3618 1742 PRAEPOSITUH.

1041 1808 1207 1873 Item
1264 1809 1321 1872 si
1377 1808 1788 1894 praepositus
1831 1806 2029 1872 habet
2072 1808 2548 1897 displicentiam
2599 1831 2793 1896 super
2850 1810 3022 1875 facto
3077 1807 3354 1874 alicuius
3413 1808 3732 1876 scholaris

798 1917 862 1973 10
879 1908 1230 1994 magistri,²
1271 1906 1444 1995 quod
1488 1905 1827 1992 collegium
1870 1907 2100 1993 tangit,
2144 1917 2382 1973 extunc
2424 1909 2835 1995 praepositus
2877 1917 3200 1996 proponat
3239 1910 3555 1994 magistro
3578 1908 3734 1973 talis

877 2006 1211 2090 scholaris,
1255 2028 1523 2072 monens
1566 2028 1711 2072 eum
1749 2029 1945 2094 super
1986 2009 2387 2074 correctione
2429 2008 2718 2074 eiusdem
2762 2008 3052 2075 scolaris.
3126 2006 3380 2089 Quodsi
3418 2011 3733 2095 magister

876 2106 1071 2172 talem
1118 2106 1477 2172 scholarem
1527 2107 1856 2193 corrigere
1895 2129 2026 2173 non
2066 2109 2394 2173 curaverit
2448 2118 2561 2176 aut
2616 2107 2931 2174 scholaris
2989 2130 3106 2194 per
3161 2107 3544 2193 magistrum
3586 2128 3732 2171 cor·

877 2216 1092 2272 rectus
1150 2229 1220 2271 se
1272 2229 1402 2272 non
1454 2204 1926 2289 emendaverit,
1986 2216 2224 2272 extunc
2277 2209 2689 2295 praepositus
2742 2207 2998 2294 collegii
3054 2228 3318 2271 causam
3364 2208 3554 2272 istam
3597 2205 3731 2270 col·

875 2306 1046 2392 legio
1089 2316 1438 2393 proponat,
1478 2327 1672 2394 quam
1717 2305 2058 2393 collegium
2103 2310 2288 2374 iuxta
2324 2307 2699 2394 qualitatem
2740 2309 2900 2374 facti
2942 2305 3223 2374 decidat.
3293 2311 3304 2318 ’

801 2483 861 2539 15
1555 2480 1650 2542 12.
1690 2492 1787 2539 ΒΕ
1830 2491 2245 2542 ΗΟΝΕΒΤΑΤΕ
2291 2491 2620 2541 connnen
2663 2492 3040 2542 snRvAnnA.

1042 2608 1206 2673 Item
1265 2609 1676 2695 praepositus
1721 2617 1977 2674 tenetur
2018 2629 2165 2673 cum
2219 2607 2558 2694 diligentia
2612 2610 2958 2696 respicere,
3016 2617 3325 2696 quantum
3378 2607 3447 2670 in
3488 2628 3563 2670 eo
3608 2614 3728 2686 est,

879 2718 943 2773 et
980 2730 1100 2795 per
1136 2705 1448 2773 familiam
1492 2730 1678 2774 suam
1722 2718 1788 2773 et
1830 2729 1947 2795 per
1991 2705 2363 2794 inquilinos,
2406 2707 2581 2795 quod
2623 2717 2918 2774 servetur
2959 2707 3265 2774 honestas
3309 2704 3567 2790 collegii
3606 2726 3726 2791 per

880 2807 1053 2874 diem
1095 2816 1160 2873 et
1198 2816 1472 2873 noctem.

1110 2981 1201 3042 13.
1245 2992 1339 3039 ΒΕ
1383 2990 1774 3040 smULTATE
1818 2989 2279 3040 coMEs'rloms
2321 2991 2413 3037 ΕΤ
2456 2989 2657 3038 nono
2700 2987 3011 3039 ΒΕαΕΝΒι
3054 2990 3479 3044 ΒΕΝΕΒῙΟῙΤΕ

797 3083 868 3141 20
2069 3092 2159 3139 ΕΤ
2205 3089 2519 3139 GRATIAS·

1042 3209 1205 3275 Item
1246 3207 1544 3294 magistri
1585 3228 1806 3272 omnes
1846 3206 2188 3273 comedant
2234 3206 2423 3272 simul
2481 3209 2548 3273 in
2591 3229 2833 3291 mensa,
2883 3217 2948 3273 et
2989 3217 3139 3273 ante
3196 3207 3581 3273 locationem
3637 3203 3719 3270 ad

881 3331 1170 3374 mensam
1213 3317 1364 3394 post
1409 3306 1713 3372 lotionem
1755 3306 1976 3372 dicant
2011 3317 2387 3372 reverenter
2426 3306 2810 3391 benedicite,
2864 3316 3110 3373 stantes
3155 3307 3509 3373 secundum
3553 3304 3717 3370 ordi-

881 3431 1030 3474 nem
1072 3406 1328 3493 collegii
1372 3416 1436 3472 et
1476 3415 1708 3494 postea
1751 3407 2235 3491 commensales,
2292 3406 2466 3495 quod
2509 3406 2686 3473 dicat
2725 3408 3156 3496 praepositus,
3200 3409 3258 3474 si
3295 3407 3498 3472 fuerit
3545 3427 3727 3492 prae·

886 3530 1032 3574 sens
1096 3516 1160 3572 et
1223 3506 1587 3594 presbyter.
1672 3505 1805 3572 Sed
1868 3509 2240 3594 praeposito
2307 3506 2576 3573 absente
2639 3530 2717 3573 ac
2777 3530 2908 3575 non
2968 3508 3288 3575 existente
3349 3505 3726 3595 presbytero

801 3617 867 3674 ὅ
886 3608 1062 3674 dicat
1110 3609 1323 3673 senior
1365 3606 1675 3693 magister
1718 3605 2065 3694 presbyter
2127 3628 2455 3694 praesens.
2543 3606 2795 3689 Quodsi
2850 3630 2980 3674 non
3033 3610 3345 3693 magister
3389 3606 3729 3694 presbyter

886 3729 1195 3797 praesens
1256 3707 1479 3790 fuerit,
1539 3712 1775 3771 extunc
1833 3704 2012 3771 dicat
2067 3704 2414 3794 presbyter
2470 3707 2920 3775 commensalis
2979 3707 3085 3772 vel
3150 3708 3366 3772 senior
3426 3708 3731 3791 magister

837 3847 841 3851 .
885 3831 1013 3874 non
1066 3806 1430 3895 presbyter.
1505 3806 1594 3871 Et
1646 3813 1990 3894 postquam
2046 3805 2127 3870 de
2179 3827 2406 3871 mensa
2450 3807 2879 3889 surrexerint,
2933 3806 3154 3893 legant
3210 3804 3562 3870 secundum
3605 3825 3725 3868 mo-

887 3908 1040 3973 dum
1083 3906 1487 3995 praedictum
1526 3907 1795 3993 gratias,
1837 3913 2082 3971 stantes
2121 3905 2190 3970 in
2229 3904 2457 3971 ordine
2496 3928 2612 3972 suo
2655 3915 2720 3971 et
2761 3916 2988 3994 postea
3029 3903 3519 3973 commensales.

1716 4080 1811 4140 14.
1855 4091 1949 4138 ΒΕ
1993 4090 2353 4141 ΒῑΒΙΤΙοΝΕ
2398 4090 2542 4140 cnm
2585 4090 2899 4140 GRATIAS.

809 4217 878 4274 30
1044 4207 1205 4273 Item
1263 4207 1675 4294 praepositus
1718 4206 1821 4274 vel
1878 4207 1947 4271 in
2002 4208 2217 4294 capite
2259 4228 2523 4273 mensae
2573 4206 2804 4273 sedens
2856 4206 3125 4272 absente
3167 4206 3546 4292 praeposito
3588 4212 3732 4291 post

889 4330 1199 4391 mensam,
1256 4308 1430 4375 facta
1482 4306 1739 4384 lotione,
1790 4306 2068 4393 primam
2122 4305 2502 4372 bibitionem
2558 4306 2788 4389 faciat,
2847 4326 2978 4393 qua
3031 4327 3148 4393 per
3191 4315 3399 4371 totam
3441 4324 3726 4369 mensam

890 4407 1232 4495 completa,
1279 4407 1495 4471 statim
1538 4404 1624 4470 ad
1665 4406 1915 4492 gratias
1963 4403 2307 4470 dicendum
2349 4417 2621 4494 surgant
2664 4406 2747 4471 de
2788 4429 3032 4473 mensa.

1155 4580 1247 4639 15.
1290 4590 1384 4638 ΒΕ
1427 4589 1571 4638 non
1614 4587 1854 4637 ΒΑΝΒΟ
1895 4588 2217 4638 FERCULO
2258 4590 2494 4640 nxTRA
2533 4592 2813 4641 MENSAM
2853 4586 3408 4640 οοΜΕΒΕΝΤῑΒΒε.

1052 4706 1213 4771 Item
1260 4705 1671 4793 praepositus
1717 4713 1972 4771 tenetur
2014 4704 2380 4792 providere,
2435 4705 2607 4793 quod
2649 4705 2810 4771 nulli
2853 4705 3040 4771 detur
3080 4705 3291 4793 primo
3335 4712 3527 4769 extra
3565 4725 3732 4769 men·

809 4818 874 4873 35
893 4830 1031 4873 sam
1084 4806 1167 4871 de
1210 4804 1424 4890 aliquo
1474 4803 1883 4887 ferculorum,
1934 4805 2065 4870 nisi
2117 4807 2451 4892 magistris
2505 4805 2940 4873 residentibus
2982 4807 3052 4870 in
3091 4827 3315 4870 mensa
3362 4803 3495 4869 tale
3537 4805 3733 4869 fercu-

892 4907 1026 4972 lum
1070 4908 1154 4972 sit
1196 4907 1406 4993 primo
1448 4904 1984 4973 administratum.
2211 4900 2222 4905 ’

1053 5244 1085 5381 ἑ
1115 5244 1574 5378 ἳῑὶηιζιῖῗὺἰὲῗὲνο
1587 5336 1616 5374 r
1647 5319 1921 5375 scholaris
1953 5319 2385 5391 nachgetragen.
2442 5318 2926 5377 Wahrscheinlich
2962 5317 3164 5390 gehiirt
3194 5335 3254 5374 es
3287 5336 3388 5375 vor
3417 5320 3682 5390 ηιαςίεεπ.
