4038 6358
1458 638 1561 689 Dio
1597 635 1800 688 smum
1838 636 2087 701 legibilia.
3079 627 3199 697 347

926 860 983 921 2.
1038 872 1132 919 DE
1173 872 1560 923 Exssnclcns
1587 872 1741 922 ·PRO
1785 872 2021 921 GRADU
2063 867 2641 920 BACCALARIATUS.

1496 995 1614 1058 vgl.
1652 996 1948 1058 Hauptstat.
1991 993 2075 1045 23.

512 1104 687 1171 Item
742 1103 954 1169 nullus
1016 1104 1208 1171 debet
1264 1108 1516 1173 admitti
1573 1109 1659 1173 ad
1719 1130 1993 1174 examen
2048 1105 2562 1171 baccalariorum
2621 1105 2689 1167 in
2752 1100 3019 1183 artibus,
3077 1098 3204 1163 nisi

306 1203 548 1287 prius
594 1205 843 1269 steterit
882 1206 950 1269 in
989 1207 1328 1272 exerciciis
1368 1208 1435 1272 in
1476 1208 1646 1273 hunc
1687 1207 1973 1274 modum:
2055 1205 2249 1270 semel
2294 1207 2362 1269 in
2407 1204 2630 1291 parvis
2687 1199 3045 1288 loycalibus
3090 1197 3202 1262 ad-

304 1303 598 1386 minus,
658 1303 855 1370 semel
909 1307 979 1370 in
1031 1305 1403 1393 sophistria,
1458 1307 1561 1373 bis
1604 1310 1673 1373 in
1714 1307 1919 1372 veteri
1962 1317 2122 1388 arte,
2178 1304 2372 1370 semel
2414 1306 2483 1368 in
2523 1325 2696 1368 nova
2742 1301 2951 1387 loyca,
3010 1296 3204 1364 semel
3255 1306 3288 1361 5

307 1401 393 1465 in
482 1402 897 1489 phisicorum
953 1415 1017 1470 et
1061 1405 1256 1471 semel
1312 1406 1381 1471 in
1439 1406 1519 1472 de
1573 1409 1825 1489 anima3
1880 1416 1943 1471 et
1997 1430 2117 1493 pro
2169 1416 2461 1491 tempore
2514 1426 2644 1467 non
2699 1399 2966 1465 habebit
3017 1398 3209 1485 plura

307 1503 687 1568 exercicia
732 1526 922 1591 quam
964 1505 1110 1588 du0,
1149 1500 1425 1593 excepta
1469 1507 1839 1593 sophistria,
1883 1528 2079 1595 quam
2121 1528 2240 1592 pro
2286 1505 2486 1569 tercio
2529 1500 2770 1569 habere
2812 1501 3066 1587 poterit.

1152 1678 1211 1740 3.
1256 1691 1349 1737 DE
1395 1690 1593 1739 nono
1636 1692 1975 1740 nmmum
2016 1690 2417 1740 LsccloNES.

1508 1810 1628 1873 Vgl.
1670 1813 1967 1874 Hauptstat.
2004 1810 2082 1861 26.

528 1921 768 1989 Modus
813 1931 1026 1988 autem
1070 1922 1377 1988 audiendi
1429 1924 1745 1991 lecciones
1802 1927 1925 1989 erit
1979 1924 2148 2006 talis,
2209 1922 2384 2011 quod
2442 1922 2711 2010 quilibet
2768 1919 3038 1985 audiens
3097 1918 3296 1982 ali-10

324 2043 559 2107 quam
621 2020 967 2087 leccionem
1023 2044 1144 2109 pro
1200 2022 1415 2109 aliquo
1474 2025 1685 2108 gradu
1740 2026 1806 2088 in
1862 2022 2136 2105 artibus,
2190 2023 2481 2108 exceptis
2534 2018 3157 2085 mathematicalibus
3173 2020 3211 2099 ¹,

324 2118 559 2205 loyca
601 2120 845 2186 Hesbri
899 2131 965 2187 et
1007 2120 1437 2207 politicorum,
1489 2134 1741 2188 tenetur
1785 2146 1927 2189 eam
1969 2122 2196 2187 audire
2242 2123 2308 2185 in
2351 2121 2537 2201 libro,
2600 2121 2710 2206 qui
2754 2119 3009 2204 legitur,
3066 2141 3211 2182 cum

332 2218 736 2305 diligencia,
789 2223 884 2287 sic
936 2222 1107 2310 quod
1151 2234 1284 2287 tres
1339 2222 1656 2288 lecciones
1700 2222 2048 2287 inmediate
2099 2244 2167 2287 se
2210 2230 2548 2307 sequentes
2592 2221 2731 2283 sine
2774 2241 2975 2283 causa
3015 2219 3210 2283 ratio-

332 2318 572 2384 nabili
624 2343 751 2387 non
801 2320 1089 2407 negligat
1099 2366 1125 2403 ,-
1173 2344 1294 2387 nec
1346 2321 1465 2387 sub
1520 2345 1651 2388 una
1693 2322 1857 2387 hora
1912 2322 2075 2387 duas
2133 2322 2453 2386 lecciones
2511 2317 2777 2400 habeat,
2838 2318 2956 2383 sub
3002 2338 3213 2404 poena

336 2441 492 2483 non
558 2422 1067 2507 computacionis
1131 2422 1320 2487 istius
1385 2420 1536 2485 libri
1597 2421 1813 2488 totalis
1870 2421 1974 2486 vel
2037 2421 2365 2509 parcialis.
2454 2419 2633 2486 Idem
2693 2417 3071 2505 intelligitur
3128 2414 3209 2479 de
3232 2424 3292 2480 15

342 2539 726 2585 exercicns.

1203 2646 1261 2705 4.
1306 2655 1399 2703 DE
1444 2655 1642 2703 nono
1690 2655 2036 2704 somnum
2084 2656 2378 2704 PAs‘rma.

1514 2775 1634 2838 Vgl.
1671 2776 1962 2838 Hauptstat.
1997 2775 2078 2826 27.

532 2886 693 2951 Item
737 2884 1007 2951 audiens
1049 2887 1331 2974 aliquam
1374 2887 1728 2954 leccionem
1753 2889 1855 2954 vel
1895 2891 2286 2955 exercicium
2327 2911 2445 2975 pro
2485 2885 2696 2973 gradu
2738 2885 3210 2952 baccalariatus

354 2987 429 3049 in
477 2983 729 3049 artibus
772 2993 839 3049 et
879 2987 987 3071 qui
1034 2997 1131 3051 est
1173 2988 1478 3053 solvendo
1490 2989 1532 3070 ²,
1577 2990 1889 3074 magistro
1932 2988 2171 3074 legenti
2213 2988 2317 3053 vel
2359 2987 2714 3074 disputanti
2760 2986 2878 3051 sub
2925 2987 3295 3051 leccione20

354 3085 471 3150 vel
532 3085 853 3149 exercicio
910 3107 1029 3171 per
1086 3089 1446 3172 pecuniam,
1499 3088 1734 3174 pignus
1793 3088 2115 3153 sufficiens
2155 3087 2259 3152 vel
2317 3088 2687 3152 caucionem
2742 3084 3214 3150 fideiussoriam

357 3189 555 3252 iuxta
594 3195 818 3251 taxam
865 3207 906 3249 a
947 3186 1253 3282 facultate
1307 3188 1545 3253 factam
1589 3198 1842 3253 tenetur
1888 3190 2282 3253 satisfacere.
2363 3188 2507 3252 Non
2552 3187 2796 3252 habens
2842 3210 2995 3250 vero
3041 3185 3211 3248 infra

359 3286 543 3352 idem
586 3295 844 3372 tempus
886 3287 1269 3372 magistrum
1324 3287 1640 3375 legentem
1682 3287 1785 3352 vel
1829 3287 2267 3374 disputantem
2313 3285 2416 3374 [33
2430 3285 2481 3374 ⁸]
2529 3287 2609 3352 de
2666 3309 2785 3351 sua
2830 3295 3212 3373 paupertate

363 3385 762 3451 sufficienter
805 3385 1157 3451 informare
1199 3395 1471 3470 tenetur,
1530 3386 1649 3452 sub
1695 3408 1907 3474 poena
1949 3410 2080 3451 non
2124 3387 2632 3473 computacionis
2687 3387 2870 3451 istius
2911 3384 3212 3449 leccionis

359 3484 470 3549 vel
534 3485 857 3549 exercicii.
942 3484 1229 3550 Tenetur
1293 3505 1434 3551 cum
1497 3486 1620 3551 hoc
1682 3486 1830 3551 talis
1887 3485 2339 3551 nichilominus
2398 3486 2712 3571 magistro
2772 3484 2889 3549 tali
2952 3483 3033 3548 de
3091 3482 3293 3546 tali25

359 3584 651 3650 leccione
691 3582 797 3648 vel
854 3585 1175 3650 exercicio
1232 3585 1523 3672 plenarie
1567 3585 1962 3668 satisfacere,
2018 3584 2181 3649 alias
2240 3584 2327 3649 ad
2386 3606 2660 3649 examen
2702 3584 3214 3649 baccalariorum

362 3707 497 3750 non
555 3682 949 3748 admittatur.
1027 3683 1255 3749 Talem
1309 3686 1515 3749 eciam
1570 3693 1832 3771 reputat
1890 3683 2170 3749 facultas
2226 3685 2472 3748 arcium
2523 3685 2934 3770 magistrum,
2990 3706 3032 3747 a
3086 3704 3211 3769 quo

361 3783 719 3850 leccionem
760 3781 866 3848 vel
911 3785 1300 3849 exercicium
1343 3781 1611 3864 audivit,
1658 3784 1737 3848 de
1793 3806 1911 3849 sua
1954 3792 2336 3870 paupertate
2378 3783 2767 3848 sufficienter
2807 3783 3210 3865 informasse,

364 3884 481 3972 qui
534 3881 656 3948 sub
706 3881 993 3948 leccione
1047 3881 1151 3948 vel
1206 3883 1546 3966 exercicio,
1605 3892 1676 3946 ut
1732 3886 2160 3969 praemissum
2214 3893 2341 3964 est,
2398 3884 2709 3968 magistro
2767 3881 2881 3946 tali
2940 3884 3006 3946 in
3064 3904 3210 3947 con-

364 3983 649 4048 sciencia
703 4004 821 4046 sua
873 3981 1070 4065 dixit,
1126 3982 1300 4070 quod
1354 3981 1553 4047 nichil
1610 3982 1846 4048 habeat
1890 3981 2015 4046 sibi
2061 3981 2217 4046 dare
2262 3980 2364 4045 vel
2408 3981 2580 4066 quod
2634 3982 3040 4048 commodose
3084 3981 3210 4045 sibi
3227 3991 3295 4046 30

369 4081 520 4169 plus
561 4080 719 4147 dare
758 4104 888 4146 non
928 4084 1155 4169 potuit,
1199 4105 1393 4170 quam
1437 4081 1564 4146 sibi
1602 4081 1761 4146 dare
1801 4079 2021 4146 voluit.
2090 4080 2178 4145 Et
2221 4103 2366 4146 cum
2408 4081 2530 4146 hoc
2571 4081 2809 4146 habeat
2848 4104 3044 4146 unum
3083 4080 3211 4145 fide

366 4182 658 4269 dignum,
702 4182 813 4267 qui
856 4180 1079 4247 credat
1119 4183 1214 4248 ita
1254 4181 1391 4247 fore
1434 4180 1555 4246 sub
1600 4204 1719 4246 sua
1759 4180 2181 4247 consciencia.

449 4357 509 4417 5.
572 4367 692 4428 QUI
730 4365 1040 4415 POSSUNT
1080 4366 1376 4415 ADMITTI
1416 4365 1509 4413 AD
1554 4365 1842 4413 EXAMEN
1885 4364 2466 4430 BACCALARIATUS,
2509 4366 2600 4413 ET
2641 4366 2735 4412 DE
2782 4365 3127 4413 TEMPORE.

1515 4484 1637 4548 vgl.
1673 4485 1968 4547 Hauptstat.
2010 4483 2092 4534 35.

530 4599 694 4666 Item
736 4597 951 4664 nullus
1000 4598 1192 4665 debet
1241 4597 1497 4663 admitti
1549 4596 1634 4662 ad
1693 4620 1968 4663 examen
2017 4596 2514 4679 baccalariatus,
2575 4599 2686 4683 qui
2731 4599 2911 4684 prius
2965 4600 3032 4663 in
3080 4598 3293 4664 alia35

365 4699 788 4765 universitate
825 4721 957 4763 non
997 4699 1190 4780 stetit,
1229 4700 1355 4763 nisi
1400 4696 1485 4762 ad
1526 4699 1739 4761 minus
1781 4698 1850 4760 in
1890 4696 2017 4760 ista
2060 4697 2309 4760 steterit
2357 4698 2541 4782 quasi
2587 4696 2672 4760 ad
2715 4696 2987 4761 alterum
3028 4697 3211 4762 dimi-

368 4798 550 4864 dium
590 4820 862 4881 annum3
905 4807 969 4862 et
1005 4797 1128 4864 hoc
1167 4794 1406 4884 ‘quasi'
1452 4820 1582 4862 non
1627 4796 1940 4861 diminuet
1983 4795 2127 4881 plus
2174 4817 2364 4882 quam
2410 4818 2525 4859 sex
2572 4797 2988 4883 septimanas,
3045 4797 3210 4862 Item

366 4897 583 4963 nullus
623 4898 891 4962 veniens
934 4896 1014 4962 de
1054 4896 1186 4962 alia
1228 4898 1650 4963 universitate
1693 4896 2062 4982 promoveri
2105 4894 2297 4959 debet
2340 4895 2425 4960 ad
2482 4895 2758 4980 gradum
2810 4895 3211 4962 baccalaria-

410 5204 425 5218 ,
543 5152 563 5201 1
604 5145 979 5203 Geschrieben
1014 5146 1161 5203 steht
1193 5110 1459 5201 matheb9'
1558 5144 1711 5199 Aber
1742 5143 1850 5214 vgl.
1888 5147 2061 5197 unten
2094 5160 2164 5196 zu
2197 5141 2275 5211 H,
2305 5148 2352 5198 4.

369 5315 425 5370 Η
541 5235 573 5286 2
606 5231 683 5285 Es
716 5230 790 5285 ist
821 5230 910 5285 die
942 5230 1290 5301 Abkiirzung
1324 5229 1416 5285 fiir
1447 5230 1537 5286 die
1570 5229 1813 5299 Endung
1843 5245 1908 5281 us
1940 5225 2314 5298 geschrieben.
2359 5227 2486 5298 vgl.
2519 5226 2608 5282 die
2641 5226 2807 5282 Anm.
2842 5245 2913 5281 zu
2947 5233 2978 5294 ξ
3012 5233 3076 5283 27
3112 5229 3212 5284 der

427 5319 829 5386 auptstatuten.
