<?xml version="1.0" encoding="UTF-8"?>
<!DOCTYPE html PUBLIC "-//W3C//DTD XHTML 1.0 Transitional//EN"
    "http://www.w3.org/TR/xhtml1/DTD/xhtml1-transitional.dtd">
<html xmlns="http://www.w3.org/1999/xhtml" xml:lang="en" lang="en">
 <head>
  <title>
</title>
<meta http-equiv="Content-Type" content="text/html;charset=utf-8" />
  <meta name='ocr-system' content='tesseract 3.04.00' />
  <meta name='ocr-capabilities' content='ocr_page ocr_carea ocr_par ocr_line ocrx_word'/>
</head>
<body>
  <div class='ocr_page' id='page_1' title='image "./diestatutenbche02leipgoog_0467.png"; bbox 0 0 4038 6358; ppageno 0'>
   <div class='ocr_carea' id='block_1_1' title="bbox 1099 615 3169 687">
    <p class='ocr_par' dir='ltr' id='par_1_1' title="bbox 1099 615 3169 687">
     <span class='ocr_line' id='line_1_1' title="bbox 1099 615 3169 687; baseline 0.006 -19"><span class='ocrx_word' id='word_1_1' title='bbox 1099 618 1276 669; x_wconf 83' lang='lat' dir='ltr'><strong>Vierte</strong></span> <span class='ocrx_word' id='word_1_2' title='bbox 1313 615 1842 681; x_wconf 74' lang='lat' dir='ltr'><strong>Statutenredaction‚</strong></span> <span class='ocrx_word' id='word_1_3' title='bbox 1876 632 1984 672; x_wconf 78' lang='lat' dir='ltr'><strong>von</strong></span> <span class='ocrx_word' id='word_1_4' title='bbox 2024 619 2387 673; x_wconf 77' lang='lat'><strong>1499—1522.</strong></span> <span class='ocrx_word' id='word_1_5' title='bbox 3056 622 3169 687; x_wconf 78' lang='grc'><strong>451</strong></span> 
     </span>
    </p>
   </div>
   <div class='ocr_carea' id='block_1_2' title="bbox 799 804 2684 897">
    <p class='ocr_par' dir='ltr' id='par_1_2' title="bbox 799 804 2684 897">
     <span class='ocr_line' id='line_1_2' title="bbox 799 804 2684 897; baseline 0.003 -33"><span class='ocrx_word' id='word_1_6' title='bbox 799 804 892 867; x_wconf 84' lang='grc'><strong>19.</strong></span> <span class='ocrx_word' id='word_1_7' title='bbox 937 817 1009 865; x_wconf 82' lang='lat' dir='ltr'><strong>m</strong></span> <span class='ocrx_word' id='word_1_8' title='bbox 1044 818 1299 897; x_wconf 74' lang='lat' dir='ltr'><strong>omnus</strong></span> <span class='ocrx_word' id='word_1_9' title='bbox 1338 817 1539 867; x_wconf 76' lang='lat' dir='ltr'><strong>Locls</strong></span> <span class='ocrx_word' id='word_1_10' title='bbox 1575 819 2069 869; x_wconf 73' lang='lat' dir='ltr'><strong>rnouo&#39;rmims</strong></span> <span class='ocrx_word' id='word_1_11' title='bbox 2109 821 2298 868; x_wconf 71' lang='lat' dir='ltr'><strong>mam</strong></span> <span class='ocrx_word' id='word_1_12' title='bbox 2340 819 2684 870; x_wconf 66' lang='lat' dir='ltr'><strong>nnsnmr.</strong></span> 
     </span>
    </p>
   </div>
   <div class='ocr_carea' id='block_1_3' title="bbox 305 943 3269 1333">
    <p class='ocr_par' dir='ltr' id='par_1_3' title="bbox 305 943 3269 1333">
     <span class='ocr_line' id='line_1_3' title="bbox 481 943 3187 1042; baseline 0.003 -32"><span class='ocrx_word' id='word_1_13' title='bbox 481 943 742 1012; x_wconf 78' lang='lat' dir='ltr'>Placet</span> <span class='ocrx_word' id='word_1_14' title='bbox 782 971 904 1036; x_wconf 87' lang='lat' dir='ltr'><strong>pro</strong></span> <span class='ocrx_word' id='word_1_15' title='bbox 942 951 1172 1014; x_wconf 85' lang='lat' dir='ltr'><strong>maiori</strong></span> <span class='ocrx_word' id='word_1_16' title='bbox 1212 949 1547 1018; x_wconf 89' lang='lat' dir='ltr'><strong>honestate</strong></span> <span class='ocrx_word' id='word_1_17' title='bbox 1591 952 2214 1038; x_wconf 91' lang='lat' dir='ltr'><strong>promovendorum,</strong></span> <span class='ocrx_word' id='word_1_18' title='bbox 2274 951 2447 1040; x_wconf 89' lang='lat' dir='ltr'><strong>quod</strong></span> <span class='ocrx_word' id='word_1_19' title='bbox 2494 952 2789 1039; x_wconf 89' lang='lat' dir='ltr'><strong>publicae</strong></span> <span class='ocrx_word' id='word_1_20' title='bbox 2831 954 3187 1042; x_wconf 89' lang='lat' dir='ltr'><strong>promocio—</strong></span> 
     </span>
     <span class='ocr_line' id='line_1_4' title="bbox 305 1046 3189 1138; baseline 0.003 -30"><span class='ocrx_word' id='word_1_21' title='bbox 305 1066 430 1108; x_wconf 86' lang='lat' dir='ltr'><strong>nes</strong></span> <span class='ocrx_word' id='word_1_22' title='bbox 475 1053 639 1110; x_wconf 82' lang='lat' dir='ltr'><strong>tam</strong></span> <span class='ocrx_word' id='word_1_23' title='bbox 700 1046 1345 1114; x_wconf 87' lang='lat' dir='ltr'><strong>baccalariandorum</strong></span> <span class='ocrx_word' id='word_1_24' title='bbox 1402 1073 1596 1137; x_wconf 91' lang='lat' dir='ltr'><strong>quam</strong></span> <span class='ocrx_word' id='word_1_25' title='bbox 1649 1051 2243 1137; x_wconf 88' lang='lat' dir='ltr'><strong>magistrandorum</strong></span> <span class='ocrx_word' id='word_1_26' title='bbox 2301 1054 2369 1115; x_wconf 90' lang='lat' dir='ltr'><strong>in</strong></span> <span class='ocrx_word' id='word_1_27' title='bbox 2422 1052 2830 1138; x_wconf 89' lang='lat' dir='ltr'><strong>paedagogio</strong></span> <span class='ocrx_word' id='word_1_28' title='bbox 2878 1054 3017 1118; x_wconf 88' lang='lat' dir='ltr'><strong>fieri</strong></span> <span class='ocrx_word' id='word_1_29' title='bbox 3060 1076 3189 1118; x_wconf 89' lang='lat' dir='ltr'><strong>non</strong></span> 
     </span>
     <span class='ocr_line' id='line_1_5' title="bbox 307 1141 3189 1234; baseline 0.003 -27"><span class='ocrx_word' id='word_1_30' title='bbox 307 1141 577 1209; x_wconf 89' lang='lat' dir='ltr'><strong>debent</strong></span> <span class='ocrx_word' id='word_1_31' title='bbox 630 1146 750 1211; x_wconf 88' lang='lat' dir='ltr'><strong>sed</strong></span> <span class='ocrx_word' id='word_1_32' title='bbox 788 1156 1041 1213; x_wconf 86' lang='lat' dir='ltr'><strong>tantum</strong></span> <span class='ocrx_word' id='word_1_33' title='bbox 1085 1152 1152 1213; x_wconf 89' lang='lat' dir='ltr'><strong>in</strong></span> <span class='ocrx_word' id='word_1_34' title='bbox 1199 1145 1486 1234; x_wconf 79' lang='lat' dir='ltr'><strong>collegiis</strong></span> <span class='ocrx_word' id='word_1_35' title='bbox 1528 1149 1712 1214; x_wconf 88' lang='lat' dir='ltr'><strong>iuxta</strong></span> <span class='ocrx_word' id='word_1_36' title='bbox 1755 1151 2123 1216; x_wconf 87' lang='lat' dir='ltr'><strong>conclusum</strong></span> <span class='ocrx_word' id='word_1_37' title='bbox 2166 1154 2374 1217; x_wconf 90' lang='lat' dir='ltr'><strong>tocius</strong></span> <span class='ocrx_word' id='word_1_38' title='bbox 2415 1151 2736 1215; x_wconf 79' lang='lat' dir='ltr'><strong>facultatis</strong></span> <span class='ocrx_word' id='word_1_39' title='bbox 2763 1152 2881 1220; x_wconf 87' lang='lat' dir='ltr'><strong>sub</strong></span> <span class='ocrx_word' id='word_1_40' title='bbox 2909 1153 3189 1217; x_wconf 90' lang='lat' dir='ltr'><strong>secundo</strong></span> 
     </span>
     <span class='ocr_line' id='line_1_6' title="bbox 307 1241 3269 1333; baseline 0.003 -26"><span class='ocrx_word' id='word_1_41' title='bbox 307 1241 678 1311; x_wconf 84' lang='lat' dir='ltr'><strong>decanatu</strong></span> <span class='ocrx_word' id='word_1_42' title='bbox 717 1248 1014 1333; x_wconf 80' lang='lat' dir='ltr'>magistri</span> <span class='ocrx_word' id='word_1_43' title='bbox 1056 1247 1345 1314; x_wconf 81' lang='lat' dir='ltr'><strong>Thomas</strong></span> <span class='ocrx_word' id='word_1_44' title='bbox 1386 1247 1689 1316; x_wconf 88' lang='lat' dir='ltr'><strong>Werneri</strong></span> <span class='ocrx_word' id='word_1_45' title='bbox 1731 1254 1920 1328; x_wconf 85' lang='lat'>(1479</span> <span class='ocrx_word' id='word_1_46' title='bbox 1935 1252 1990 1330; x_wconf 83' lang='lat' dir='ltr'><strong>b)</strong></span> <span class='ocrx_word' id='word_1_47' title='bbox 2037 1248 2518 1315; x_wconf 79' lang='lat' dir='ltr'><strong>racionabiliter</strong></span> <span class='ocrx_word' id='word_1_48' title='bbox 2561 1252 2820 1315; x_wconf 86' lang='lat' dir='ltr'><strong>factum.</strong></span> <span class='ocrx_word' id='word_1_49' title='bbox 3237 1261 3269 1315; x_wconf 89' lang='lat'>5</span> 
     </span>
    </p>
   </div>
   <div class='ocr_carea' id='block_1_4' title="bbox 1165 1499 2373 1570">
    <p class='ocr_par' dir='ltr' id='par_1_4' title="bbox 1165 1499 2373 1570">
     <span class='ocr_line' id='line_1_7' title="bbox 1165 1499 2373 1570; baseline 0.004 -5"><span class='ocrx_word' id='word_1_50' title='bbox 1165 1499 1309 1568; x_wconf 87' lang='lat' dir='ltr'><strong>VH.</strong></span> <span class='ocrx_word' id='word_1_51' title='bbox 1356 1517 1856 1567; x_wconf 77' lang='lat' dir='ltr'>CAPITULUM</span> <span class='ocrx_word' id='word_1_52' title='bbox 1917 1519 2373 1570; x_wconf 67' lang='lat' dir='ltr'><strong>sarmium.</strong></span> 
     </span>
    </p>
   </div>
   <div class='ocr_carea' id='block_1_5' title="bbox 495 1664 3195 1854">
    <p class='ocr_par' dir='ltr' id='par_1_5' title="bbox 495 1664 3195 1854">
     <span class='ocr_line' id='line_1_8' title="bbox 495 1664 3195 1755; baseline 0.003 -26"><span class='ocrx_word' id='word_1_53' title='bbox 495 1664 847 1730; x_wconf 86' lang='lat' dir='ltr'><strong>Statuta</strong></span> <span class='ocrx_word' id='word_1_54' title='bbox 887 1688 1164 1734; x_wconf 86' lang='lat' dir='ltr'><strong>omnes</strong></span> <span class='ocrx_word' id='word_1_55' title='bbox 1217 1667 1666 1752; x_wconf 88' lang='lat' dir='ltr'><strong>magistros</strong></span> <span class='ocrx_word' id='word_1_56' title='bbox 1720 1668 2241 1754; x_wconf 88' lang='lat' dir='ltr'><strong>generaliter</strong></span> <span class='ocrx_word' id='word_1_57' title='bbox 2295 1670 2920 1751; x_wconf 81' lang='lat' dir='ltr'><strong>concernentia,</strong></span> <span class='ocrx_word' id='word_1_58' title='bbox 2978 1691 3195 1755; x_wconf 91' lang='lat' dir='ltr'><strong>quae</strong></span> 
     </span>
     <span class='ocr_line' id='line_1_9' title="bbox 637 1764 2905 1854; baseline 0.001 -24"><span class='ocrx_word' id='word_1_59' title='bbox 637 1764 814 1851; x_wconf 88' lang='lat' dir='ltr'><strong>legi</strong></span> <span class='ocrx_word' id='word_1_60' title='bbox 858 1765 1158 1830; x_wconf 89' lang='lat' dir='ltr'><strong>debent</strong></span> <span class='ocrx_word' id='word_1_61' title='bbox 1198 1788 1346 1853; x_wconf 88' lang='lat' dir='ltr'><strong>per</strong></span> <span class='ocrx_word' id='word_1_62' title='bbox 1389 1766 1778 1832; x_wconf 89' lang='lat' dir='ltr'><strong>decanum</strong></span> <span class='ocrx_word' id='word_1_63' title='bbox 1814 1769 1895 1832; x_wconf 89' lang='lat' dir='ltr'><strong>in</strong></span> <span class='ocrx_word' id='word_1_64' title='bbox 1938 1769 2418 1854; x_wconf 80' lang='lat' dir='ltr'><strong>receptione</strong></span> <span class='ocrx_word' id='word_1_65' title='bbox 2463 1767 2905 1834; x_wconf 89' lang='lat' dir='ltr'><strong>ordinarii.</strong></span> 
     </span>
    </p>
   </div>
   <div class='ocr_carea' id='block_1_6' title="bbox 836 1972 2704 2054">
    <p class='ocr_par' dir='ltr' id='par_1_6' title="bbox 836 1972 2704 2054">
     <span class='ocr_line' id='line_1_10' title="bbox 836 1972 2704 2054; baseline 0 -23"><span class='ocrx_word' id='word_1_66' title='bbox 836 1972 885 2031; x_wconf 81' lang='lat'><strong>1.</strong></span> <span class='ocrx_word' id='word_1_67' title='bbox 949 1982 1234 2043; x_wconf 80' lang='lat' dir='ltr'><strong>QUANDO</strong></span> <span class='ocrx_word' id='word_1_68' title='bbox 1279 1984 1514 2054; x_wconf 70' lang='lat' dir='ltr'><strong>DEBET</strong></span> <span class='ocrx_word' id='word_1_69' title='bbox 1559 1984 1747 2046; x_wconf 74' lang='lat' dir='ltr'><strong>FOERI</strong></span> <span class='ocrx_word' id='word_1_70' title='bbox 1786 1984 2236 2033; x_wconf 82' lang='lat' dir='ltr'>DISTRIBUTIO</span> <span class='ocrx_word' id='word_1_71' title='bbox 2278 1984 2704 2032; x_wconf 75' lang='lat' dir='ltr'><strong>LEC&#39;MONUM.</strong></span> 
     </span>
    </p>
   </div>
   <div class='ocr_carea' id='block_1_7' title="bbox 317 2095 3281 2778">
    <p class='ocr_par' dir='ltr' id='par_1_7' title="bbox 317 2095 3281 2778">
     <span class='ocr_line' id='line_1_11' title="bbox 496 2095 3281 2185; baseline 0.003 -26"><span class='ocrx_word' id='word_1_72' title='bbox 496 2095 824 2161; x_wconf 82' lang='lat' dir='ltr'><strong>Decanus</strong></span> <span class='ocrx_word' id='word_1_73' title='bbox 868 2098 938 2161; x_wconf 90' lang='lat' dir='ltr'><strong>in</strong></span> <span class='ocrx_word' id='word_1_74' title='bbox 977 2098 1142 2163; x_wconf 89' lang='lat' dir='ltr'><strong>festo</strong></span> <span class='ocrx_word' id='word_1_75' title='bbox 1186 2101 1395 2164; x_wconf 86' lang='lat' dir='ltr'><strong>sancti</strong></span> <span class='ocrx_word' id='word_1_76' title='bbox 1433 2098 1700 2185; x_wconf 87' lang='lat' dir='ltr'><strong>Aegidii</strong></span> <span class='ocrx_word' id='word_1_77' title='bbox 1758 2099 1951 2164; x_wconf 87' lang='lat' dir='ltr'><strong>debet</strong></span> <span class='ocrx_word' id='word_1_78' title='bbox 2007 2122 2151 2164; x_wconf 90' lang='lat' dir='ltr'><strong>esse</strong></span> <span class='ocrx_word' id='word_1_79' title='bbox 2206 2101 2508 2165; x_wconf 82' lang='lat' dir='ltr'><strong>astrictus</strong></span> <span class='ocrx_word' id='word_1_80' title='bbox 2559 2121 2918 2165; x_wconf 82' lang='lat' dir='ltr'><strong>convocare</strong></span> <span class='ocrx_word' id='word_1_81' title='bbox 2975 2123 3196 2166; x_wconf 88' lang='lat' dir='ltr'><strong>omnes</strong></span> <span class='ocrx_word' id='word_1_82' title='bbox 3219 2111 3281 2166; x_wconf 90' lang='grc'><strong>10</strong></span> 
     </span>
     <span class='ocr_line' id='line_1_12' title="bbox 317 2193 3193 2286; baseline 0.001 -26"><span class='ocrx_word' id='word_1_83' title='bbox 317 2198 704 2282; x_wconf 75' lang='lat' dir='ltr'><strong>magistros</strong></span> <span class='ocrx_word' id='word_1_84' title='bbox 746 2193 829 2260; x_wconf 90' lang='lat' dir='ltr'><strong>de</strong></span> <span class='ocrx_word' id='word_1_85' title='bbox 870 2196 1179 2262; x_wconf 81' lang='lat' dir='ltr'><strong>facultate</strong></span> <span class='ocrx_word' id='word_1_86' title='bbox 1224 2197 1467 2263; x_wconf 81' lang='lat' dir='ltr'><strong>arcium</strong></span> <span class='ocrx_word' id='word_1_87' title='bbox 1513 2199 1597 2263; x_wconf 88' lang='lat' dir='ltr'><strong>ad</strong></span> <span class='ocrx_word' id='word_1_88' title='bbox 1643 2198 2160 2264; x_wconf 89' lang='lat' dir='ltr'><strong>distribuendum</strong></span> <span class='ocrx_word' id='word_1_89' title='bbox 2201 2199 2401 2264; x_wconf 89' lang='lat' dir='ltr'><strong>libros</strong></span> <span class='ocrx_word' id='word_1_90' title='bbox 2462 2222 2655 2286; x_wconf 89' lang='lat' dir='ltr'><strong>super</strong></span> <span class='ocrx_word' id='word_1_91' title='bbox 2708 2202 3059 2264; x_wconf 81' lang='lat' dir='ltr'><strong>mutatione</strong></span> <span class='ocrx_word' id='word_1_92' title='bbox 3099 2201 3193 2265; x_wconf 82' lang='lat' dir='ltr'><strong>fu·</strong></span> 
     </span>
     <span class='ocr_line' id='line_1_13' title="bbox 319 2294 3196 2384; baseline 0.001 -25"><span class='ocrx_word' id='word_1_93' title='bbox 319 2305 480 2360; x_wconf 79' lang='lat' dir='ltr'><strong>tura</strong></span> <span class='ocrx_word' id='word_1_94' title='bbox 527 2294 839 2380; x_wconf 76' lang='lat' dir='ltr'><strong>hiemali3</strong></span> <span class='ocrx_word' id='word_1_95' title='bbox 881 2296 1054 2360; x_wconf 90' lang='lat' dir='ltr'><strong>idem</strong></span> <span class='ocrx_word' id='word_1_96' title='bbox 1096 2297 1208 2361; x_wconf 89' lang='lat' dir='ltr'><strong>fiet</strong></span> <span class='ocrx_word' id='word_1_97' title='bbox 1246 2299 1313 2363; x_wconf 91' lang='lat' dir='ltr'><strong>in</strong></span> <span class='ocrx_word' id='word_1_98' title='bbox 1359 2297 1463 2363; x_wconf 80' lang='lat' dir='ltr'><strong>die</strong></span> <span class='ocrx_word' id='word_1_99' title='bbox 1510 2298 1816 2384; x_wconf 82' lang='lat' dir='ltr'><strong>Gregorii</strong></span> <span class='ocrx_word' id='word_1_100' title='bbox 1862 2320 2057 2383; x_wconf 90' lang='lat' dir='ltr'><strong>super</strong></span> <span class='ocrx_word' id='word_1_101' title='bbox 2100 2301 2465 2364; x_wconf 80' lang='lat' dir='ltr'><strong>mutacione</strong></span> <span class='ocrx_word' id='word_1_102' title='bbox 2511 2298 2824 2363; x_wconf 76' lang='lat' dir='ltr'><strong>aestivali.</strong></span> <span class='ocrx_word' id='word_1_103' title='bbox 2909 2299 2997 2363; x_wconf 84' lang='lat' dir='ltr'><strong>Et</strong></span> <span class='ocrx_word' id='word_1_104' title='bbox 3044 2310 3196 2364; x_wconf 86' lang='lat' dir='ltr'><strong>tunc</strong></span> 
     </span>
     <span class='ocr_line' id='line_1_14' title="bbox 324 2394 3195 2484; baseline 0.002 -26"><span class='ocrx_word' id='word_1_105' title='bbox 324 2394 512 2459; x_wconf 89' lang='lat' dir='ltr'><strong>idem</strong></span> <span class='ocrx_word' id='word_1_106' title='bbox 561 2394 854 2460; x_wconf 86' lang='lat' dir='ltr'><strong>decanus</strong></span> <span class='ocrx_word' id='word_1_107' title='bbox 900 2395 1091 2460; x_wconf 88' lang='lat' dir='ltr'><strong>debet</strong></span> <span class='ocrx_word' id='word_1_108' title='bbox 1131 2396 1349 2483; x_wconf 88' lang='lat' dir='ltr'><strong>legere</strong></span> <span class='ocrx_word' id='word_1_109' title='bbox 1390 2406 1454 2461; x_wconf 91' lang='lat' dir='ltr'><strong>et</strong></span> <span class='ocrx_word' id='word_1_110' title='bbox 1491 2396 1830 2484; x_wconf 87' lang='lat' dir='ltr'><strong>publicare</strong></span> <span class='ocrx_word' id='word_1_111' title='bbox 1885 2399 2106 2461; x_wconf 91' lang='lat' dir='ltr'><strong>omnia</strong></span> <span class='ocrx_word' id='word_1_112' title='bbox 2159 2407 2222 2462; x_wconf 93' lang='lat' dir='ltr'><strong>et</strong></span> <span class='ocrx_word' id='word_1_113' title='bbox 2270 2397 2526 2483; x_wconf 86' lang='lat' dir='ltr'><strong>singula</strong></span> <span class='ocrx_word' id='word_1_114' title='bbox 2568 2407 2810 2462; x_wconf 85' lang='lat' dir='ltr'><strong>statuta</strong></span> <span class='ocrx_word' id='word_1_115' title='bbox 2847 2400 3195 2484; x_wconf 88' lang='lat' dir='ltr'><strong>magistros</strong></span> 
     </span>
     <span class='ocr_line' id='line_1_15' title="bbox 327 2489 3190 2583; baseline 0.002 -26"><span class='ocrx_word' id='word_1_116' title='bbox 327 2496 841 2577; x_wconf 83' lang='lat' dir='ltr'><strong>concernencia,</strong></span> <span class='ocrx_word' id='word_1_117' title='bbox 906 2489 1025 2559; x_wconf 87' lang='lat' dir='ltr'><strong>sub</strong></span> <span class='ocrx_word' id='word_1_118' title='bbox 1089 2518 1300 2582; x_wconf 90' lang='lat' dir='ltr'><strong>poena</strong></span> <span class='ocrx_word' id='word_1_119' title='bbox 1361 2498 1549 2561; x_wconf 90' lang='lat' dir='ltr'><strong>unius</strong></span> <span class='ocrx_word' id='word_1_120' title='bbox 1605 2518 1974 2583; x_wconf 85' lang='lat' dir='ltr'><strong>sexagenae</strong></span> <span class='ocrx_word' id='word_1_121' title='bbox 2037 2519 2248 2561; x_wconf 90' lang='lat' dir='ltr'><strong>novae</strong></span> <span class='ocrx_word' id='word_1_122' title='bbox 2307 2497 2599 2562; x_wconf 84' lang='lat' dir='ltr'><strong>facultati</strong></span> <span class='ocrx_word' id='word_1_123' title='bbox 2652 2497 3190 2562; x_wconf 81' lang='lat' dir='ltr'><strong>irremissibiliter</strong></span> 
     </span>
     <span class='ocr_line' id='line_1_16' title="bbox 329 2592 3274 2682; baseline 0.001 -24"><span class='ocrx_word' id='word_1_124' title='bbox 329 2592 844 2679; x_wconf 68' lang='lat' dir='ltr'><strong>persolvendae,</strong></span> <span class='ocrx_word' id='word_1_125' title='bbox 884 2617 966 2659; x_wconf 89' lang='lat' dir='ltr'><strong>ne</strong></span> <span class='ocrx_word' id='word_1_126' title='bbox 1001 2597 1298 2681; x_wconf 77' lang='lat' dir='ltr'><strong>magistri</strong></span> <span class='ocrx_word' id='word_1_127' title='bbox 1342 2595 1425 2661; x_wconf 91' lang='lat' dir='ltr'><strong>ab</strong></span> <span class='ocrx_word' id='word_1_128' title='bbox 1469 2595 1936 2661; x_wconf 78' lang='lat' dir='ltr'><strong>observacione</strong></span> <span class='ocrx_word' id='word_1_129' title='bbox 1989 2595 2357 2660; x_wconf 88' lang='lat' dir='ltr'><strong>huiusmodi</strong></span> <span class='ocrx_word' id='word_1_130' title='bbox 2413 2606 2795 2661; x_wconf 86' lang='lat' dir='ltr'><strong>statutorum</strong></span> <span class='ocrx_word' id='word_1_131' title='bbox 2851 2607 3195 2682; x_wconf 86' lang='lat' dir='ltr'><strong>praetextu</strong></span> <span class='ocrx_word' id='word_1_132' title='bbox 3214 2608 3274 2661; x_wconf 78' lang='lat'><strong>15</strong></span> 
     </span>
     <span class='ocr_line' id='line_1_17' title="bbox 333 2693 2062 2778; baseline 0.002 -22"><span class='ocrx_word' id='word_1_133' title='bbox 333 2693 774 2778; x_wconf 88' lang='lat' dir='ltr'><strong>ignoranciae</strong></span> <span class='ocrx_word' id='word_1_134' title='bbox 811 2716 882 2759; x_wconf 85' lang='lat' dir='ltr'><strong>se</strong></span> <span class='ocrx_word' id='word_1_135' title='bbox 921 2695 1152 2778; x_wconf 88' lang='lat' dir='ltr'><strong>quovis</strong></span> <span class='ocrx_word' id='word_1_136' title='bbox 1185 2694 1375 2760; x_wconf 90' lang='lat' dir='ltr'><strong>modo</strong></span> <span class='ocrx_word' id='word_1_137' title='bbox 1419 2695 1682 2760; x_wconf 85' lang='lat' dir='ltr'><strong>valeant</strong></span> <span class='ocrx_word' id='word_1_138' title='bbox 1724 2717 2062 2760; x_wconf 82' lang='lat' dir='ltr'><strong>excusare.</strong></span> 
     </span>
    </p>
   </div>
   <div class='ocr_carea' id='block_1_8' title="bbox 1201 2843 2258 2927">
    <p class='ocr_par' dir='ltr' id='par_1_8' title="bbox 1201 2843 2258 2927">
     <span class='ocr_line' id='line_1_18' title="bbox 1201 2843 2258 2927; baseline -0.003 0"><span class='ocrx_word' id='word_1_139' title='bbox 1201 2867 1255 2927; x_wconf 85' lang='lat'><strong>2.</strong></span> <span class='ocrx_word' id='word_1_140' title='bbox 1297 2880 1391 2926; x_wconf 80' lang='lat' dir='ltr'><strong>DE</strong></span> <span class='ocrx_word' id='word_1_141' title='bbox 1437 2877 1933 2926; x_wconf 77' lang='lat' dir='ltr'>COMPLETIONE</span> <span class='ocrx_word' id='word_1_142' title='bbox 1976 2843 2258 2926; x_wconf 65' lang='lat' dir='ltr'><strong>amima.</strong></span> 
     </span>
    </p>
   </div>
   <div class='ocr_carea' id='block_1_9' title="bbox 337 2992 3278 3379">
    <p class='ocr_par' dir='ltr' id='par_1_9' title="bbox 337 2992 3278 3379">
     <span class='ocr_line' id='line_1_19' title="bbox 509 2992 3193 3080; baseline 0 -22"><span class='ocrx_word' id='word_1_143' title='bbox 509 2992 761 3058; x_wconf 89' lang='lat' dir='ltr'><strong>Volens</strong></span> <span class='ocrx_word' id='word_1_144' title='bbox 805 2992 1129 3079; x_wconf 89' lang='lat' dir='ltr'><strong>complere</strong></span> <span class='ocrx_word' id='word_1_145' title='bbox 1173 2992 1502 3059; x_wconf 88' lang='lat' dir='ltr'><strong>biennium</strong></span> <span class='ocrx_word' id='word_1_146' title='bbox 1546 2994 1911 3079; x_wconf 85' lang='lat' dir='ltr'><strong>magisterii</strong></span> <span class='ocrx_word' id='word_1_147' title='bbox 1952 2995 2051 3058; x_wconf 89' lang='lat' dir='ltr'><strong>sui</strong></span> <span class='ocrx_word' id='word_1_148' title='bbox 2104 3002 2356 3057; x_wconf 88' lang='lat' dir='ltr'><strong>tenetur</strong></span> <span class='ocrx_word' id='word_1_149' title='bbox 2411 3013 2528 3079; x_wconf 85' lang='lat' dir='ltr'><strong>per</strong></span> <span class='ocrx_word' id='word_1_150' title='bbox 2590 2992 2754 3058; x_wconf 88' lang='lat' dir='ltr'><strong>duos</strong></span> <span class='ocrx_word' id='word_1_151' title='bbox 2793 3016 2995 3058; x_wconf 86' lang='lat' dir='ltr'><strong>annos</strong></span> <span class='ocrx_word' id='word_1_152' title='bbox 3039 3017 3193 3080; x_wconf 91' lang='lat' dir='ltr'><strong>quo-</strong></span> 
     </span>
     <span class='ocr_line' id='line_1_20' title="bbox 337 3090 3195 3182; baseline 0.001 -27"><span class='ocrx_word' id='word_1_153' title='bbox 337 3090 506 3157; x_wconf 88' lang='lat' dir='ltr'><strong>libet</strong></span> <span class='ocrx_word' id='word_1_154' title='bbox 552 3092 782 3157; x_wconf 71' lang='lat' dir='ltr'><strong>medio·</strong></span> <span class='ocrx_word' id='word_1_155' title='bbox 814 3115 980 3155; x_wconf 90' lang='lat' dir='ltr'><strong>anno</strong></span> <span class='ocrx_word' id='word_1_156' title='bbox 1023 3092 1240 3178; x_wconf 91' lang='lat' dir='ltr'><strong>legere</strong></span> <span class='ocrx_word' id='word_1_157' title='bbox 1282 3093 1367 3157; x_wconf 91' lang='lat' dir='ltr'><strong>ad</strong></span> <span class='ocrx_word' id='word_1_158' title='bbox 1405 3094 1616 3158; x_wconf 87' lang='lat' dir='ltr'><strong>minus</strong></span> <span class='ocrx_word' id='word_1_159' title='bbox 1658 3117 1779 3182; x_wconf 89' lang='lat' dir='ltr'><strong>per</strong></span> <span class='ocrx_word' id='word_1_160' title='bbox 1817 3102 1951 3158; x_wconf 89' lang='lat' dir='ltr'><strong>tres</strong></span> <span class='ocrx_word' id='word_1_161' title='bbox 1993 3116 2247 3157; x_wconf 91' lang='lat' dir='ltr'><strong>menses</strong></span> <span class='ocrx_word' id='word_1_162' title='bbox 2292 3091 2540 3177; x_wconf 89' lang='lat' dir='ltr'><strong>aliquas</strong></span> <span class='ocrx_word' id='word_1_163' title='bbox 2568 3091 2876 3156; x_wconf 88' lang='lat' dir='ltr'><strong>lectiones</strong></span> <span class='ocrx_word' id='word_1_164' title='bbox 2904 3091 3006 3156; x_wconf 85' lang='lat' dir='ltr'><strong>&#39;ad</strong></span> <span class='ocrx_word' id='word_1_165' title='bbox 3049 3117 3195 3178; x_wconf 88' lang='lat' dir='ltr'><strong>gra-</strong></span> 
     </span>
     <span class='ocr_line' id='line_1_21' title="bbox 339 3191 3278 3281; baseline 0.001 -25"><span class='ocrx_word' id='word_1_166' title='bbox 339 3191 503 3257; x_wconf 89' lang='lat' dir='ltr'><strong>dum</strong></span> <span class='ocrx_word' id='word_1_167' title='bbox 548 3194 912 3278; x_wconf 85' lang='lat' dir='ltr'><strong>magisterii</strong></span> <span class='ocrx_word' id='word_1_168' title='bbox 952 3192 1057 3257; x_wconf 89' lang='lat' dir='ltr'><strong>vel</strong></span> <span class='ocrx_word' id='word_1_169' title='bbox 1097 3192 1576 3258; x_wconf 86' lang='lat' dir='ltr'><strong>baccalariatus</strong></span> <span class='ocrx_word' id='word_1_170' title='bbox 1622 3196 2050 3281; x_wconf 86' lang='lat' dir='ltr'><strong>pertinentes;</strong></span> <span class='ocrx_word' id='word_1_171' title='bbox 2110 3203 2175 3258; x_wconf 89' lang='lat' dir='ltr'><strong>et</strong></span> <span class='ocrx_word' id='word_1_172' title='bbox 2226 3203 2574 3278; x_wconf 89' lang='lat' dir='ltr'><strong>antequam</strong></span> <span class='ocrx_word' id='word_1_173' title='bbox 2616 3192 2978 3261; x_wconf 87' lang='lat' dir='ltr'><strong>huiusmodi</strong></span> <span class='ocrx_word' id='word_1_174' title='bbox 3022 3193 3278 3258; x_wconf 80' lang='lat' dir='ltr'><strong>bien-20</strong></span> 
     </span>
     <span class='ocr_line' id='line_1_22' title="bbox 342 3291 3005 3379; baseline 0.001 -24"><span class='ocrx_word' id='word_1_175' title='bbox 342 3293 528 3356; x_wconf 88' lang='lat' dir='ltr'><strong>nium</strong></span> <span class='ocrx_word' id='word_1_176' title='bbox 578 3291 1017 3379; x_wconf 85' lang='lat' dir='ltr'><strong>compleverit,</strong></span> <span class='ocrx_word' id='word_1_177' title='bbox 1061 3291 1170 3357; x_wconf 88' lang='lat' dir='ltr'><strong>hic</strong></span> <span class='ocrx_word' id='word_1_178' title='bbox 1208 3292 1312 3358; x_wconf 89' lang='lat' dir='ltr'><strong>vel</strong></span> <span class='ocrx_word' id='word_1_179' title='bbox 1358 3292 1515 3357; x_wconf 90' lang='lat' dir='ltr'><strong>alibi</strong></span> <span class='ocrx_word' id='word_1_180' title='bbox 1561 3293 1644 3357; x_wconf 88' lang='lat' dir='ltr'><strong>ad</strong></span> <span class='ocrx_word' id='word_1_181' title='bbox 1690 3292 2026 3357; x_wconf 86' lang='lat' dir='ltr'><strong>consilium</strong></span> <span class='ocrx_word' id='word_1_182' title='bbox 2064 3291 2394 3357; x_wconf 84' lang='lat' dir='ltr'><strong>facultatis</strong></span> <span class='ocrx_word' id='word_1_183' title='bbox 2433 3315 2563 3373; x_wconf 86' lang='lat' dir='ltr'><strong>non</strong></span> <span class='ocrx_word' id='word_1_184' title='bbox 2607 3292 3005 3357; x_wconf 84' lang='lat' dir='ltr'><strong>admittatur.</strong></span> 
     </span>
    </p>
   </div>
   <div class='ocr_carea' id='block_1_10' title="bbox 933 3454 2614 3535">
    <p class='ocr_par' dir='ltr' id='par_1_10' title="bbox 933 3454 2614 3535">
     <span class='ocr_line' id='line_1_23' title="bbox 933 3454 2614 3535; baseline -0.001 -12"><span class='ocrx_word' id='word_1_185' title='bbox 933 3462 988 3523; x_wconf 90' lang='lat'><strong>3.</strong></span> <span class='ocrx_word' id='word_1_186' title='bbox 1033 3476 1126 3522; x_wconf 76' lang='lat' dir='ltr'><strong>nn</strong></span> <span class='ocrx_word' id='word_1_187' title='bbox 1169 3474 1539 3523; x_wconf 70' lang='lat' dir='ltr'><strong>nAm&#39;rmth</strong></span> <span class='ocrx_word' id='word_1_188' title='bbox 1582 3454 1976 3523; x_wconf 63' lang='lat' dir='ltr'><strong>Poa‘TANms</strong></span> <span class='ocrx_word' id='word_1_189' title='bbox 2018 3475 2303 3535; x_wconf 79' lang='lat' dir='ltr'><strong>QUANDO</strong></span> <span class='ocrx_word' id='word_1_190' title='bbox 2343 3476 2435 3521; x_wconf 77' lang='lat' dir='ltr'><strong>m·</strong></span> <span class='ocrx_word' id='word_1_191' title='bbox 2480 3476 2614 3522; x_wconf 83' lang='lat' dir='ltr'><strong>UBI.</strong></span> 
     </span>
    </p>
   </div>
   <div class='ocr_carea' id='block_1_11' title="bbox 343 3584 3275 4175">
    <p class='ocr_par' dir='ltr' id='par_1_11' title="bbox 343 3584 3275 4175">
     <span class='ocr_line' id='line_1_24' title="bbox 506 3584 3188 3677; baseline -0.001 -21"><span class='ocrx_word' id='word_1_192' title='bbox 506 3591 593 3656; x_wconf 90' lang='lat' dir='ltr'><strong>In</strong></span> <span class='ocrx_word' id='word_1_193' title='bbox 630 3590 932 3677; x_wconf 80' lang='lat' dir='ltr'><strong>electioni</strong></span> <span class='ocrx_word' id='word_1_194' title='bbox 980 3590 1230 3675; x_wconf 87' lang='lat' dir='ltr'><strong>decani,</strong></span> <span class='ocrx_word' id='word_1_195' title='bbox 1273 3592 1341 3656; x_wconf 89' lang='lat' dir='ltr'><strong>in</strong></span> <span class='ocrx_word' id='word_1_196' title='bbox 1379 3590 1803 3659; x_wconf 88' lang='lat' dir='ltr'><strong>licenciatura</strong></span> <span class='ocrx_word' id='word_1_197' title='bbox 1849 3613 1962 3655; x_wconf 89' lang='lat' dir='ltr'><strong>seu</strong></span> <span class='ocrx_word' id='word_1_198' title='bbox 2008 3588 2571 3656; x_wconf 89' lang='lat' dir='ltr'><strong>commendacione</strong></span> <span class='ocrx_word' id='word_1_199' title='bbox 2595 3584 3079 3654; x_wconf 88' lang='lat' dir='ltr'><strong>licenciatorum</strong></span> <span class='ocrx_word' id='word_1_200' title='bbox 3121 3593 3188 3655; x_wconf 91' lang='lat' dir='ltr'><strong>in</strong></span> 
     </span>
     <span class='ocr_line' id='line_1_25' title="bbox 344 3682 3189 3777; baseline -0 -22"><span class='ocrx_word' id='word_1_201' title='bbox 344 3689 637 3774; x_wconf 80' lang='lat' dir='ltr'><strong>artibus,</strong></span> <span class='ocrx_word' id='word_1_202' title='bbox 692 3691 759 3755; x_wconf 91' lang='lat' dir='ltr'><strong>in</strong></span> <span class='ocrx_word' id='word_1_203' title='bbox 823 3689 1266 3777; x_wconf 81' lang='lat' dir='ltr'><strong>disputacione</strong></span> <span class='ocrx_word' id='word_1_204' title='bbox 1325 3682 1687 3774; x_wconf 83' lang='lat' dir='ltr'><strong>ordinaria,</strong></span> <span class='ocrx_word' id='word_1_205' title='bbox 1742 3692 1809 3753; x_wconf 90' lang='lat' dir='ltr'><strong>in</strong></span> <span class='ocrx_word' id='word_1_206' title='bbox 1850 3686 2177 3776; x_wconf 76' lang='lat' dir='ltr'><strong>extraor[l</strong></span> <span class='ocrx_word' id='word_1_207' title='bbox 2198 3696 2225 3755; x_wconf 89' lang='lat'>1</span> <span class='ocrx_word' id='word_1_208' title='bbox 2247 3685 2299 3776; x_wconf 84' lang='lat' dir='ltr'><strong>b]</strong></span> <span class='ocrx_word' id='word_1_209' title='bbox 2317 3689 2588 3753; x_wconf 89' lang='lat' dir='ltr'><strong>dinariis</strong></span> <span class='ocrx_word' id='word_1_210' title='bbox 2643 3687 3189 3774; x_wconf 88' lang='lat' dir='ltr'><strong>disputationibus</strong></span> 
     </span>
     <span class='ocr_line' id='line_1_26' title="bbox 343 3786 3275 3885; baseline 0.001 -33"><span class='ocrx_word' id='word_1_211' title='bbox 343 3792 834 3876; x_wconf 87' lang='lat' dir='ltr'><strong>magistrorum,</strong></span> <span class='ocrx_word' id='word_1_212' title='bbox 877 3790 946 3854; x_wconf 92' lang='lat' dir='ltr'><strong>in</strong></span> <span class='ocrx_word' id='word_1_213' title='bbox 988 3791 1367 3877; x_wconf 89' lang='lat' dir='ltr'><strong>recepcione</strong></span> <span class='ocrx_word' id='word_1_214' title='bbox 1411 3790 1723 3855; x_wconf 89' lang='lat' dir='ltr'><strong>ordinarii</strong></span> <span class='ocrx_word' id='word_1_215' title='bbox 1765 3790 1833 3853; x_wconf 93' lang='lat' dir='ltr'><strong>in</strong></span> <span class='ocrx_word' id='word_1_216' title='bbox 1870 3788 2200 3853; x_wconf 89' lang='lat' dir='ltr'><strong>habitibus</strong></span> <span class='ocrx_word' id='word_1_217' title='bbox 2242 3790 2539 3874; x_wconf 78' lang='lat' dir='ltr'><strong>magistri</strong></span> <span class='ocrx_word' id='word_1_218' title='bbox 2581 3786 2819 3851; x_wconf 89' lang='lat' dir='ltr'><strong>debent</strong></span> <span class='ocrx_word' id='word_1_219' title='bbox 2853 3798 3275 3885; x_wconf 54' lang='lat' dir='ltr'><strong>apparere325</strong></span> 
     </span>
     <span class='ocr_line' id='line_1_27' title="bbox 343 3885 3193 3975; baseline -0 -21"><span class='ocrx_word' id='word_1_220' title='bbox 343 3887 510 3954; x_wconf 85' lang='lat' dir='ltr'><strong>Item</strong></span> <span class='ocrx_word' id='word_1_221' title='bbox 554 3887 768 3954; x_wconf 85' lang='lat' dir='ltr'><strong>nullus</strong></span> <span class='ocrx_word' id='word_1_222' title='bbox 812 3890 1272 3975; x_wconf 90' lang='lat' dir='ltr'><strong>magistrorum</strong></span> <span class='ocrx_word' id='word_1_223' title='bbox 1320 3890 1458 3954; x_wconf 89' lang='lat' dir='ltr'><strong>sine</strong></span> <span class='ocrx_word' id='word_1_224' title='bbox 1499 3888 1726 3953; x_wconf 81' lang='lat' dir='ltr'><strong>habitu</strong></span> <span class='ocrx_word' id='word_1_225' title='bbox 1768 3897 1831 3953; x_wconf 91' lang='lat' dir='ltr'><strong>et</strong></span> <span class='ocrx_word' id='word_1_226' title='bbox 1871 3889 2067 3952; x_wconf 88' lang='lat' dir='ltr'><strong>mitra</strong></span> <span class='ocrx_word' id='word_1_227' title='bbox 2112 3909 2224 3952; x_wconf 91' lang='lat' dir='ltr'><strong>seu</strong></span> <span class='ocrx_word' id='word_1_228' title='bbox 2265 3887 2475 3951; x_wconf 90' lang='lat' dir='ltr'><strong>bireto</strong></span> <span class='ocrx_word' id='word_1_229' title='bbox 2532 3886 2747 3973; x_wconf 89' lang='lat' dir='ltr'><strong>legere</strong></span> <span class='ocrx_word' id='word_1_230' title='bbox 2791 3885 3013 3970; x_wconf 88' lang='lat' dir='ltr'><strong>debet,</strong></span> <span class='ocrx_word' id='word_1_231' title='bbox 3074 3912 3193 3953; x_wconf 88' lang='lat' dir='ltr'><strong>nec</strong></span> 
     </span>
     <span class='ocr_line' id='line_1_28' title="bbox 347 3985 3189 4076; baseline 0 -25"><span class='ocrx_word' id='word_1_232' title='bbox 347 3989 486 4054; x_wconf 87' lang='lat' dir='ltr'><strong>sine</strong></span> <span class='ocrx_word' id='word_1_233' title='bbox 535 3988 764 4054; x_wconf 82' lang='lat' dir='ltr'><strong>habitu</strong></span> <span class='ocrx_word' id='word_1_234' title='bbox 805 3987 1065 4076; x_wconf 87' lang='lat' dir='ltr'><strong>publice</strong></span> <span class='ocrx_word' id='word_1_235' title='bbox 1106 3988 1442 4075; x_wconf 86' lang='lat' dir='ltr'><strong>disputare</strong></span> <span class='ocrx_word' id='word_1_236' title='bbox 1483 3988 1810 4053; x_wconf 88' lang='lat' dir='ltr'><strong>ordinarie</strong></span> <span class='ocrx_word' id='word_1_237' title='bbox 1853 3987 1954 4052; x_wconf 89' lang='lat' dir='ltr'><strong>vel</strong></span> <span class='ocrx_word' id='word_1_238' title='bbox 2009 3985 2546 4051; x_wconf 87' lang='lat' dir='ltr'><strong>extraordinarie.</strong></span> <span class='ocrx_word' id='word_1_239' title='bbox 2630 3985 2767 4051; x_wconf 90' lang='lat' dir='ltr'><strong>Sub</strong></span> <span class='ocrx_word' id='word_1_240' title='bbox 2823 4009 3032 4073; x_wconf 85' lang='lat' dir='ltr'><strong>poena</strong></span> <span class='ocrx_word' id='word_1_241' title='bbox 3093 3987 3189 4052; x_wconf 90' lang='lat' dir='ltr'><strong>di-</strong></span> 
     </span>
     <span class='ocr_line' id='line_1_29' title="bbox 349 4086 1913 4175; baseline -0.001 -24"><span class='ocrx_word' id='word_1_242' title='bbox 349 4088 538 4154; x_wconf 72' lang='lat' dir='ltr'><strong>midii</strong></span> <span class='ocrx_word' id='word_1_243' title='bbox 588 4087 814 4154; x_wconf 90' lang='lat' dir='ltr'><strong>floreni</strong></span> <span class='ocrx_word' id='word_1_244' title='bbox 855 4086 1148 4153; x_wconf 84' lang='lat' dir='ltr'><strong>facultati</strong></span> <span class='ocrx_word' id='word_1_245' title='bbox 1190 4090 1437 4152; x_wconf 88' lang='lat' dir='ltr'><strong>arcium</strong></span> <span class='ocrx_word' id='word_1_246' title='bbox 1484 4086 1913 4175; x_wconf 89' lang='lat' dir='ltr'><strong>persolvendi.</strong></span> 
     </span>
    </p>
   </div>
   <div class='ocr_carea' id='block_1_12' title="bbox 429 4261 3097 4332">
    <p class='ocr_par' dir='ltr' id='par_1_12' title="bbox 429 4261 3097 4332">
     <span class='ocr_line' id='line_1_30' title="bbox 429 4261 3097 4332; baseline -0 -12"><span class='ocrx_word' id='word_1_247' title='bbox 429 4261 486 4320; x_wconf 83' lang='grc'><strong>4.</strong></span> <span class='ocrx_word' id='word_1_248' title='bbox 538 4270 893 4332; x_wconf 78' lang='lat' dir='ltr'>QUALITER</span> <span class='ocrx_word' id='word_1_249' title='bbox 933 4270 1262 4319; x_wconf 75' lang='lat' dir='ltr'>MAGISTRI</span> <span class='ocrx_word' id='word_1_250' title='bbox 1304 4271 1663 4319; x_wconf 78' lang='lat' dir='ltr'>APPARERE</span> <span class='ocrx_word' id='word_1_251' title='bbox 1707 4268 1987 4317; x_wconf 77' lang='lat' dir='ltr'><strong>DEBENT</strong></span> <span class='ocrx_word' id='word_1_252' title='bbox 2036 4269 2107 4317; x_wconf 78' lang='lat' dir='ltr'><strong>m</strong></span> <span class='ocrx_word' id='word_1_253' title='bbox 2146 4267 2659 4317; x_wconf 82' lang='lat' dir='ltr'>DISPUTATIONE</span> <span class='ocrx_word' id='word_1_254' title='bbox 2703 4268 3097 4319; x_wconf 79' lang='lat' dir='ltr'><strong>ORDINARIA.</strong></span> 
     </span>
    </p>
   </div>
   <div class='ocr_carea' id='block_1_13' title="bbox 351 4384 3274 4969">
    <p class='ocr_par' dir='ltr' id='par_1_13' title="bbox 351 4384 3274 4969">
     <span class='ocr_line' id='line_1_31' title="bbox 516 4384 3274 4474; baseline 0 -22"><span class='ocrx_word' id='word_1_255' title='bbox 516 4385 746 4452; x_wconf 84' lang='lat' dir='ltr'><strong>Nullus</strong></span> <span class='ocrx_word' id='word_1_256' title='bbox 791 4388 1250 4474; x_wconf 88' lang='lat' dir='ltr'><strong>magistrorum</strong></span> <span class='ocrx_word' id='word_1_257' title='bbox 1293 4384 1511 4472; x_wconf 89' lang='lat' dir='ltr'><strong>aliquo</strong></span> <span class='ocrx_word' id='word_1_258' title='bbox 1555 4385 1682 4453; x_wconf 91' lang='lat' dir='ltr'><strong>alio</strong></span> <span class='ocrx_word' id='word_1_259' title='bbox 1722 4385 1912 4449; x_wconf 91' lang='lat' dir='ltr'><strong>modo</strong></span> <span class='ocrx_word' id='word_1_260' title='bbox 1954 4394 2271 4471; x_wconf 87' lang='lat' dir='ltr'><strong>appareat</strong></span> <span class='ocrx_word' id='word_1_261' title='bbox 2306 4384 2374 4448; x_wconf 93' lang='lat' dir='ltr'><strong>in</strong></span> <span class='ocrx_word' id='word_1_262' title='bbox 2401 4384 2838 4472; x_wconf 88' lang='lat' dir='ltr'><strong>disputatione</strong></span> <span class='ocrx_word' id='word_1_263' title='bbox 2859 4385 3274 4452; x_wconf 86' lang='lat' dir='ltr'><strong>ordinaria30</strong></span> 
     </span>
     <span class='ocr_line' id='line_1_32' title="bbox 363 4484 3190 4574; baseline -0 -23"><span class='ocrx_word' id='word_1_264' title='bbox 363 4488 824 4574; x_wconf 88' lang='lat' dir='ltr'><strong>magistrorum</strong></span> <span class='ocrx_word' id='word_1_265' title='bbox 868 4509 909 4550; x_wconf 92' lang='lat' dir='ltr'><strong>a</strong></span> <span class='ocrx_word' id='word_1_266' title='bbox 944 4494 1236 4572; x_wconf 87' lang='lat' dir='ltr'><strong>tempore</strong></span> <span class='ocrx_word' id='word_1_267' title='bbox 1278 4484 1409 4569; x_wconf 90' lang='lat' dir='ltr'><strong>illo,</strong></span> <span class='ocrx_word' id='word_1_268' title='bbox 1439 4508 1563 4572; x_wconf 90' lang='lat' dir='ltr'><strong>quo</strong></span> <span class='ocrx_word' id='word_1_269' title='bbox 1609 4484 1892 4553; x_wconf 87' lang='lat' dir='ltr'><strong>decanus</strong></span> <span class='ocrx_word' id='word_1_270' title='bbox 1934 4485 2180 4569; x_wconf 87' lang='lat' dir='ltr'><strong>incepit</strong></span> <span class='ocrx_word' id='word_1_271' title='bbox 2219 4507 2513 4570; x_wconf 88' lang='lat' dir='ltr'><strong>arguere,</strong></span> <span class='ocrx_word' id='word_1_272' title='bbox 2549 4486 2675 4548; x_wconf 90' lang='lat' dir='ltr'><strong>nisi</strong></span> <span class='ocrx_word' id='word_1_273' title='bbox 2713 4485 2779 4548; x_wconf 92' lang='lat' dir='ltr'><strong>in</strong></span> <span class='ocrx_word' id='word_1_274' title='bbox 2810 4484 3035 4549; x_wconf 90' lang='lat' dir='ltr'><strong>habitu</strong></span> <span class='ocrx_word' id='word_1_275' title='bbox 3059 4509 3190 4550; x_wconf 89' lang='lat' dir='ltr'><strong>ma·</strong></span> 
     </span>
     <span class='ocr_line' id='line_1_33' title="bbox 351 4582 3190 4673; baseline -0 -22"><span class='ocrx_word' id='word_1_276' title='bbox 351 4585 640 4670; x_wconf 84' lang='lat' dir='ltr'><strong>gistrali3</strong></span> <span class='ocrx_word' id='word_1_277' title='bbox 703 4593 769 4651; x_wconf 90' lang='lat' dir='ltr'><strong>et</strong></span> <span class='ocrx_word' id='word_1_278' title='bbox 804 4608 935 4651; x_wconf 91' lang='lat' dir='ltr'><strong>non</strong></span> <span class='ocrx_word' id='word_1_279' title='bbox 973 4584 1131 4649; x_wconf 92' lang='lat' dir='ltr'><strong>alibi</strong></span> <span class='ocrx_word' id='word_1_280' title='bbox 1173 4607 1365 4673; x_wconf 89' lang='lat' dir='ltr'><strong>quam</strong></span> <span class='ocrx_word' id='word_1_281' title='bbox 1405 4584 1474 4649; x_wconf 89' lang='lat' dir='ltr'><strong>in</strong></span> <span class='ocrx_word' id='word_1_282' title='bbox 1515 4606 1776 4651; x_wconf 87' lang='lat' dir='ltr'><strong>scamno</strong></span> <span class='ocrx_word' id='word_1_283' title='bbox 1818 4582 2098 4669; x_wconf 88' lang='lat' dir='ltr'><strong>oblongo</strong></span> <span class='ocrx_word' id='word_1_284' title='bbox 2159 4585 2616 4669; x_wconf 89' lang='lat' dir='ltr'><strong>magistrorum</strong></span> <span class='ocrx_word' id='word_1_285' title='bbox 2683 4583 2935 4667; x_wconf 89' lang='lat' dir='ltr'><strong>sedeat,</strong></span> <span class='ocrx_word' id='word_1_286' title='bbox 3009 4586 3190 4651; x_wconf 88' lang='lat' dir='ltr'><strong>salvo</strong></span> 
     </span>
     <span class='ocr_line' id='line_1_34' title="bbox 353 4682 3190 4772; baseline 0 -23"><span class='ocrx_word' id='word_1_287' title='bbox 353 4690 569 4750; x_wconf 82' lang='lat' dir='ltr'><strong>tamen</strong></span> <span class='ocrx_word' id='word_1_288' title='bbox 612 4707 709 4770; x_wconf 87' lang='lat' dir='ltr'><strong>eo,</strong></span> <span class='ocrx_word' id='word_1_289' title='bbox 753 4683 926 4772; x_wconf 91' lang='lat' dir='ltr'><strong>quod</strong></span> <span class='ocrx_word' id='word_1_290' title='bbox 967 4684 1284 4770; x_wconf 85' lang='lat' dir='ltr'><strong>magistri,</strong></span> <span class='ocrx_word' id='word_1_291' title='bbox 1327 4685 1676 4772; x_wconf 87' lang='lat' dir='ltr'><strong>praecipue</strong></span> <span class='ocrx_word' id='word_1_292' title='bbox 1721 4683 2039 4766; x_wconf 89' lang='lat' dir='ltr'><strong>iuniores,</strong></span> <span class='ocrx_word' id='word_1_293' title='bbox 2093 4705 2222 4747; x_wconf 90' lang='lat' dir='ltr'><strong>non</strong></span> <span class='ocrx_word' id='word_1_294' title='bbox 2262 4706 2555 4769; x_wconf 71' lang='lat' dir='ltr'><strong>arguere⁴</strong></span> <span class='ocrx_word' id='word_1_295' title='bbox 2577 4682 2678 4747; x_wconf 90' lang='lat' dir='ltr'><strong>vel</strong></span> <span class='ocrx_word' id='word_1_296' title='bbox 2721 4686 2923 4748; x_wconf 88' lang='lat' dir='ltr'><strong>eciam</strong></span> <span class='ocrx_word' id='word_1_297' title='bbox 2965 4694 3190 4772; x_wconf 84' lang='lat' dir='ltr'><strong>postea</strong></span> 
     </span>
     <span class='ocr_line' id='line_1_35' title="bbox 355 4781 3187 4871; baseline 0 -23"><span class='ocrx_word' id='word_1_298' title='bbox 355 4804 628 4871; x_wconf 85' lang='lat' dir='ltr'><strong>arguere</strong></span> <span class='ocrx_word' id='word_1_299' title='bbox 667 4783 978 4867; x_wconf 89' lang='lat' dir='ltr'><strong>volentes,</strong></span> <span class='ocrx_word' id='word_1_300' title='bbox 1023 4784 1161 4848; x_wconf 89' lang='lat' dir='ltr'><strong>sine</strong></span> <span class='ocrx_word' id='word_1_301' title='bbox 1197 4783 1446 4866; x_wconf 89' lang='lat' dir='ltr'><strong>habitu,</strong></span> <span class='ocrx_word' id='word_1_302' title='bbox 1492 4783 1792 4847; x_wconf 90' lang='lat' dir='ltr'><strong>decenter</strong></span> <span class='ocrx_word' id='word_1_303' title='bbox 1833 4791 2050 4846; x_wconf 85' lang='lat' dir='ltr'><strong>tamen</strong></span> <span class='ocrx_word' id='word_1_304' title='bbox 2086 4783 2322 4866; x_wconf 87' lang='lat' dir='ltr'><strong>vestiti,</strong></span> <span class='ocrx_word' id='word_1_305' title='bbox 2366 4784 2432 4846; x_wconf 90' lang='lat' dir='ltr'><strong>in</strong></span> <span class='ocrx_word' id='word_1_306' title='bbox 2477 4805 2740 4848; x_wconf 90' lang='lat' dir='ltr'><strong>scamno</strong></span> <span class='ocrx_word' id='word_1_307' title='bbox 2784 4781 2969 4848; x_wconf 89' lang='lat' dir='ltr'><strong>brevi</strong></span> <span class='ocrx_word' id='word_1_308' title='bbox 3017 4786 3187 4849; x_wconf 89' lang='lat' dir='ltr'><strong>inter</strong></span> 
     </span>
     <span class='ocr_line' id='line_1_36' title="bbox 360 4880 3268 4969; baseline 0.001 -23"><span class='ocrx_word' id='word_1_309' title='bbox 360 4880 519 4949; x_wconf 88' lang='lat' dir='ltr'><strong>duas</strong></span> <span class='ocrx_word' id='word_1_310' title='bbox 559 4884 807 4949; x_wconf 85' lang='lat' dir='ltr'><strong>lectorii</strong></span> <span class='ocrx_word' id='word_1_311' title='bbox 845 4884 1096 4966; x_wconf 90' lang='lat' dir='ltr'><strong>ianuas,</strong></span> <span class='ocrx_word' id='word_1_312' title='bbox 1140 4882 1459 4948; x_wconf 88' lang='lat' dir='ltr'><strong>audiendo</strong></span> <span class='ocrx_word' id='word_1_313' title='bbox 1503 4883 1851 4967; x_wconf 89' lang='lat' dir='ltr'><strong>magistros</strong></span> <span class='ocrx_word' id='word_1_314' title='bbox 1896 4880 2121 4945; x_wconf 89' lang='lat' dir='ltr'><strong>sedere</strong></span> <span class='ocrx_word' id='word_1_315' title='bbox 2154 4880 2249 4945; x_wconf 54' lang='lat' dir='ltr'><strong>‘ad</strong></span> <span class='ocrx_word' id='word_1_316' title='bbox 2287 4894 2540 4969; x_wconf 89' lang='lat' dir='ltr'><strong>tempus</strong></span> <span class='ocrx_word' id='word_1_317' title='bbox 2583 4885 2879 4968; x_wconf 89' lang='lat' dir='ltr'><strong>poterint.</strong></span> <span class='ocrx_word' id='word_1_318' title='bbox 3202 4894 3268 4950; x_wconf 84' lang='lat'><strong>35</strong></span> 
     </span>
    </p>
   </div>
   <div class='ocr_carea' id='block_1_14' title="bbox 362 5052 3184 5127">
    <p class='ocr_par' dir='ltr' id='par_1_14' title="bbox 362 5052 3184 5127">
     <span class='ocr_line' id='line_1_37' title="bbox 362 5052 3184 5127; baseline 0 -14"><span class='ocrx_word' id='word_1_319' title='bbox 362 5052 417 5113; x_wconf 75' lang='grc'><strong>5.</strong></span> <span class='ocrx_word' id='word_1_320' title='bbox 469 5067 760 5127; x_wconf 71' lang='lat' dir='ltr'>QUANDO</span> <span class='ocrx_word' id='word_1_321' title='bbox 800 5065 1184 5115; x_wconf 68' lang='lat' dir='ltr'>DISPUTANS</span> <span class='ocrx_word' id='word_1_322' title='bbox 1223 5065 1600 5115; x_wconf 80' lang='lat' dir='ltr'><strong>ORDINARIE</strong></span> <span class='ocrx_word' id='word_1_323' title='bbox 1643 5064 1875 5112; x_wconf 78' lang='lat' dir='ltr'>DEBET</span> <span class='ocrx_word' id='word_1_324' title='bbox 1920 5058 2221 5112; x_wconf 63' lang='lat' dir='ltr'><strong>m&#39;rRARE</strong></span> <span class='ocrx_word' id='word_1_325' title='bbox 2270 5061 2670 5111; x_wconf 76' lang='lat' dir='ltr'>LECTORIUM</span> <span class='ocrx_word' id='word_1_326' title='bbox 2711 5064 2803 5111; x_wconf 84' lang='grc' dir='ltr'><strong>ΕΤ</strong></span> <span class='ocrx_word' id='word_1_327' title='bbox 2848 5064 3184 5115; x_wconf 77' lang='lat' dir='ltr'><strong>INCIPERE.</strong></span> 
     </span>
    </p>
   </div>
   <div class='ocr_carea' id='block_1_15' title="bbox 366 5178 3181 5445">
    <p class='ocr_par' dir='ltr' id='par_1_15' title="bbox 366 5178 3181 5445">
     <span class='ocr_line' id='line_1_38' title="bbox 519 5178 3181 5270; baseline -0 -21"><span class='ocrx_word' id='word_1_328' title='bbox 519 5183 765 5267; x_wconf 87' lang='lat' dir='ltr'><strong>Placet,</strong></span> <span class='ocrx_word' id='word_1_329' title='bbox 808 5181 982 5270; x_wconf 90' lang='lat' dir='ltr'><strong>quod</strong></span> <span class='ocrx_word' id='word_1_330' title='bbox 1023 5181 1364 5268; x_wconf 87' lang='lat' dir='ltr'><strong>disputans</strong></span> <span class='ocrx_word' id='word_1_331' title='bbox 1406 5178 1733 5246; x_wconf 88' lang='lat' dir='ltr'><strong>ordinarie</strong></span> <span class='ocrx_word' id='word_1_332' title='bbox 1776 5178 1968 5244; x_wconf 88' lang='lat' dir='ltr'><strong>debet</strong></span> <span class='ocrx_word' id='word_1_333' title='bbox 2005 5180 2250 5244; x_wconf 87' lang='lat' dir='ltr'><strong>intrare</strong></span> <span class='ocrx_word' id='word_1_334' title='bbox 2308 5179 2376 5242; x_wconf 88' lang='lat' dir='ltr'><strong>in</strong></span> <span class='ocrx_word' id='word_1_335' title='bbox 2427 5188 2670 5244; x_wconf 89' lang='lat' dir='ltr'><strong>aestate</strong></span> <span class='ocrx_word' id='word_1_336' title='bbox 2730 5181 2905 5245; x_wconf 88' lang='lat' dir='ltr'><strong>circa</strong></span> <span class='ocrx_word' id='word_1_337' title='bbox 2955 5181 3181 5248; x_wconf 91' lang='lat' dir='ltr'><strong>horam</strong></span> 
     </span>
     <span class='ocr_line' id='line_1_39' title="bbox 366 5278 3181 5367; baseline 0 -20"><span class='ocrx_word' id='word_1_338' title='bbox 366 5283 648 5367; x_wconf 87' lang='lat' dir='ltr'><strong>quintam</strong></span> <span class='ocrx_word' id='word_1_339' title='bbox 692 5291 760 5347; x_wconf 86' lang='lat' dir='ltr'><strong>et</strong></span> <span class='ocrx_word' id='word_1_340' title='bbox 779 5331 783 5335; x_wconf 84' lang='lat'>-</span> <span class='ocrx_word' id='word_1_341' title='bbox 800 5283 868 5347; x_wconf 82' lang='lat' dir='ltr'><strong>in</strong></span> <span class='ocrx_word' id='word_1_342' title='bbox 907 5281 1118 5347; x_wconf 85' lang='lat' dir='ltr'><strong>hieme</strong></span> <span class='ocrx_word' id='word_1_343' title='bbox 1160 5282 1338 5346; x_wconf 85' lang='lat' dir='ltr'><strong>eirca</strong></span> <span class='ocrx_word' id='word_1_344' title='bbox 1379 5278 1607 5345; x_wconf 86' lang='lat' dir='ltr'><strong>horam</strong></span> <span class='ocrx_word' id='word_1_345' title='bbox 1650 5286 1922 5361; x_wconf 78' lang='lat' dir='ltr'><strong>sextam,</strong></span> <span class='ocrx_word' id='word_1_346' title='bbox 1974 5286 2041 5343; x_wconf 89' lang='lat' dir='ltr'><strong>et</strong></span> <span class='ocrx_word' id='word_1_347' title='bbox 2080 5300 2336 5343; x_wconf 87' lang='lat' dir='ltr'><strong>cessare</strong></span> <span class='ocrx_word' id='word_1_348' title='bbox 2374 5281 2440 5342; x_wconf 89' lang='lat' dir='ltr'><strong>in</strong></span> <span class='ocrx_word' id='word_1_349' title='bbox 2479 5278 2710 5366; x_wconf 85' lang='lat' dir='ltr'><strong>hyeme</strong></span> <span class='ocrx_word' id='word_1_350' title='bbox 2760 5291 2908 5346; x_wconf 86' lang='lat' dir='ltr'><strong>ante</strong></span> <span class='ocrx_word' id='word_1_351' title='bbox 2956 5281 3181 5347; x_wconf 86' lang='lat' dir='ltr'><strong>horam</strong></span> 
     </span>
     <span class='ocr_line' id='line_1_40' title="bbox 2726 5381 2844 5445; baseline 0.008 -1"><span class='ocrx_word' id='word_1_352' title='bbox 2726 5381 2844 5445; x_wconf 80' lang='lat'><strong>29*</strong></span> 
     </span>
    </p>
   </div>
  </div>
 </body>
</html>
