4038 6358
1043 612 1138 662 mit
1175 608 1706 662 anbeaemussen
1741 611 1820 662 bis
1857 623 1976 661 aum
2011 609 2177 661 Jahre
2217 616 2361 662 1490.
3048 615 3123 679 51

315 820 390 862 ex
437 793 646 881 aliqua
699 792 876 858 iusta
930 813 1130 858 causa
1181 791 1490 858 recedere
1541 793 1930 878 oportuerit,
1987 791 2323 858 dimittetis
2374 791 2787 859 fideiussores
2831 793 3121 883 ydoneos

310 915 514 960 coram
552 901 800 958 rectore
839 914 1011 958 novo
1052 891 1160 956 vel
1201 891 1620 974 consiliariis,
1679 893 1736 957 si
1778 902 1991 958 rector
2034 891 2273 958 absens
2310 893 2535 976 fuerit,
2593 894 2703 978 qui
2742 895 3125 980 promittant

307 1017 420 1082 pro
459 990 636 1058 vobis
678 991 921 1058 iudicio
965 991 1106 1057 sisti
1149 1001 1212 1056 et
1250 991 1608 1057 iudicatum
1651 989 1816 1056 solvi
1859 990 1979 1056 sub
2024 991 2338 1057 iuratoria
2385 993 2748 1058 caucione.“

969 1199 1028 1260 6.
1085 1209 1182 1258 nn
1221 1208 1452 1258 asom
1492 1208 1583 1256 m*
1629 1208 1850 1256 ansus
1894 1208 2441 1258 muvnnslmrls.

465 1342 610 1407 Duo
651 1349 802 1405 sunt
843 1340 1156 1426 eligendi,
1219 1341 1328 1428 qui
1369 1339 1653 1404 habeant
1693 1339 1909 1405 claves
1949 1338 2036 1404 ad
2079 1340 2341 1404 archam
2386 1363 2500 1405 seu
2543 1342 2771 1406 cistam
2812 1343 3124 1408 universi·
3144 1355 3176 1408 5

299 1447 483 1525 tatis,
535 1453 598 1505 et
651 1451 869 1506 rector
927 1439 1192 1505 habebit
1237 1440 1503 1504 terciam
1557 1439 1805 1505 clavem
1863 1438 1948 1503 ad
2003 1437 2307 1522 eandem,
2371 1440 2441 1504 in
2482 1461 2611 1525 qua
2655 1435 2718 1527 [6
2732 1437 2785 1526 ⁸]
2829 1441 3128 1526 sigillum,

303 1541 642 1631 privilegia
685 1549 758 1605 et
797 1539 1110 1628 pecuniae
1151 1539 1615 1621 universitatis,
1659 1542 1715 1603 si
1756 1559 1922 1626 quae
1961 1539 2234 1623 fuerint,
2275 1549 2710 1625 reponantur;
2757 1549 2821 1604 et
2862 1541 2955 1605 illi
3000 1541 3129 1606 duo

299 1643 614 1728 eligantur
653 1637 740 1704 ab
785 1639 1028 1704 eisdem
1045 1687 1064 1722 ,
1121 1660 1162 1704 a
1205 1638 1440 1726 quibus
1483 1637 1742 1724 eligitur
1784 1647 2029 1721 rector,
2072 1637 2190 1703 sub
2234 1638 2461 1704 eadem
2505 1660 2716 1725 poena
2758 1650 2823 1703 et
2861 1639 2980 1704 sub
3025 1663 3128 1705 eo·

303 1742 454 1806 dem
487 1741 866 1822 iuramento,
911 1748 976 1804 et
1015 1739 1188 1803 infra
1228 1737 1499 1802 eandem
1539 1737 1712 1802 diem
1755 1747 1904 1802 ante
1947 1759 2249 1802 occasum
2286 1738 2442 1803 solis
2468 1745 2763 1803 tenentur
2789 1751 3131 1827 acceptare

301 1841 516 1906 officia
567 1861 704 1904 sua.
789 1837 922 1904 Sed
975 1837 1214 1903 debent
1267 1859 1408 1904 esse
1463 1835 1546 1902 de
1603 1836 1880 1901 diversis
1932 1836 2345 1920 nacionibus,
2398 1839 2494 1903 sic
2548 1837 2718 1923 quod
2772 1859 2888 1924 per
2928 1861 3125 1904 unum
3148 1852 3210 1907 10

297 1939 572 2004 medium
625 1959 866 2003 annum
919 1939 1048 2002 sint
1103 1937 1184 2002 de
1245 1934 1496 2002 duabus
1549 1934 1934 2002 nacionibus
1988 1947 2054 2001 et
2106 1958 2222 2023 per
2284 1936 2479 2002 alium
2535 1937 2617 2002 de
2672 1937 2819 2002 aliis
2875 1939 3128 2006 duabus

296 2036 691 2103 nacionibus.
789 2036 1120 2102 Praedicti
1173 2047 1389 2102 autem
1443 2035 1756 2122 clavigeri
1811 2045 2109 2101 tenentur
2160 2037 2407 2121 iurare,
2468 2038 2641 2123 quod
2693 2059 2948 2125 semper
3003 2041 3131 2105 sint

299 2147 695 2226 praesentes,
751 2136 1012 2224 quando
1071 2139 1236 2202 cista
1286 2135 1729 2201 universitatis
1785 2137 2097 2223 aperitur.
2190 2135 2282 2201 Et
2335 2136 2607 2222 quilibet
2660 2160 2883 2204 eorum
2938 2138 3131 2204 debet

299 2237 538 2303 habere
573 2259 680 2302 res
723 2237 793 2302 in
835 2239 1003 2302 cista
1043 2236 1372 2323 depositas
1416 2238 1485 2300 in
1530 2236 1792 2323 scripto.

1117 2441 1174 2502 7.
1237 2452 1331 2500 An
1373 2451 1557 2514 QUAE
1599 2449 1880 2500 umcros
1923 2451 2311 2502 Tnnm‘run.
3149 2447 3210 2503 15

463 2568 697 2634 Rector
749 2576 1006 2633 tenetur
1059 2567 1232 2632 infr-a
1285 2567 1569 2654 primum
1631 2589 1917 2632 mensem
1959 2568 2063 2632 sui
2102 2576 2463 2633 rectoratus
2506 2569 2723 2633 omnia
2764 2577 3006 2635 statuta
3043 2568 3129 2634 le—

297 2670 491 2756 gisse.
571 2667 738 2734 Item
779 2677 994 2733 rector
1035 2668 1338 2753 antiquus
1376 2675 1628 2732 tenetur
1670 2687 1838 2732 novo
1881 2669 2120 2732 rectori
2160 2677 2309 2753 post
2332 2689 2515 2732 suam
2546 2669 3127 2736 recommendacio-

301 2791 444 2833 nem
493 2769 710 2834 faeere
761 2766 1146 2854 legittimam
1199 2767 1754 2854 computacionem
1795 2764 1877 2831 de
1915 2767 2195 2854 pecunia
2234 2768 2675 2834 universitatis
2718 2790 2938 2836 coram
2982 2792 3131 2836 con-

305 2868 556 2933 siliariis
569 2918 590 2952 ,
649 2865 739 2932 ad
792 2866 918 2933 hoc
972 2867 1296 2955 deputatis
1309 2917 1328 2951 ,
1383 2875 1448 2930 et
1499 2865 1596 2932 sic
1656 2864 1738 2930 de
1791 2863 1936 2930 aliis
1995 2864 2189 2931 rebus
2231 2865 2712 2952 universitatis,
2770 2890 2936 2955 quae
2979 2893 3133 2936 suae

299 2967 622 3032 custodiae
661 2976 813 3033 sunt
854 2967 1253 3032 commissae.
1339 2965 1503 3030 Item
1543 2975 1796 3030 tenetur
1837 2975 2049 3031 rector
2088 2988 2297 3031 novus
2340 2969 2653 3054 pecunias
2698 2967 2823 3033 sibi
2865 2992 2987 3057 per
3020 2981 3215 3038 ειη-20

303 3067 539 3155 tiquum
583 3076 904 3131 rectorem
946 3073 1394 3153 praesentatas
1435 3074 1586 3152 post
1629 3066 2184 3151 computacionem
2228 3061 2291 3153 [6
2306 3063 2360 3152 ¹³]
2402 3088 2547 3132 cum
2589 3066 2739 3132 aliis
2773 3067 2968 3135 rebus
2994 3071 3133 3136 uni-

301 3167 622 3233 versitatis
680 3164 805 3231 sibi
862 3167 1292 3254 praesentatis
1345 3186 1590 3253 ponere
1650 3167 1719 3231 in
1766 3165 2030 3231 archam
2088 3187 2204 3231 seu
2258 3165 2489 3231 cistam
2542 3167 2984 3235 universitatis
3028 3193 3131 3236 co-

303 3289 433 3331 ram
475 3265 866 3333 consiliariis
909 3275 972 3330 et
1015 3264 1160 3331 aliis
1204 3265 1289 3331 ad
1333 3265 1456 3332 hoc
1496 3264 1844 3353 deputatis,
1886 3288 2079 3351 quam
2120 3266 2247 3332 cito
2289 3264 2413 3331 hoc
2454 3266 2595 3331 fieri
2638 3268 2879 3353 poterit
2921 3292 3129 3335 como-

305 3364 465 3432 dose.
549 3366 714 3431 Item
752 3374 1004 3430 tenetur
1049 3374 1261 3430 rector
1299 3366 1370 3429 in
1409 3362 1551 3430 loco
1593 3386 1858 3431 manere
1899 3376 1964 3431 et
2004 3387 2135 3431 non
2177 3387 2371 3453 posse
2413 3365 2643 3430 abesse
2674 3366 2845 3432 infra
2877 3379 3131 3457 tempus

303 3466 392 3529 sui
441 3466 780 3553 regiminis
833 3464 1006 3530 ultra
1059 3474 1194 3529 tres
1251 3463 1389 3529 dies
1443 3464 1580 3529 sine
1637 3462 1904 3551 speciali
1947 3465 2222 3530 licencia
2262 3465 2717 3530 universitatis.
2805 3465 3130 3547 Quociens
3146 3478 3213 3535 25

301 3587 446 3631 vero
511 3566 858 3651 contigerit
895 3565 1112 3652 ipsum
1155 3562 1488 3629 absentem
1531 3586 1672 3629 esse
1713 3562 1819 3630 vel
1858 3564 2133 3630 forsitan
2174 3564 2491 3632 infirmari
2525 3563 2629 3629 vel
2667 3563 2979 3651 legittime
3019 3570 3130 3633 im-

304 3663 503 3751 pediri
520 3715 539 3749 ,
587 3666 933 3730 constituat
969 3664 1435 3730 vicerectorem
1475 3686 1598 3751 pro
1643 3686 1741 3748 se,
1787 3665 1898 3749 qui
1935 3663 2201 3730 habebit
2243 3664 2543 3752 supplere
2585 3664 2764 3731 vices
2808 3667 2965 3733 eius.

457 3872 709 3947 Rector
737 3882 756 3922 ¹
801 3880 974 3945 infra
1023 3890 1278 3967 tempus
1323 3882 1424 3945 sui
1464 3888 1824 3945 rectoratus
1865 3889 2116 3945 tenetur
2156 3879 2261 3945 bis
2312 3902 2711 3968 congregare
2750 3882 3135 3949 universita-

307 3998 454 4073 tem,
515 3988 588 4053 in
643 3996 888 4053 aestate
933 3987 1107 4051 circa
1147 3986 1382 4053 festum
1425 3985 1680 4051 Urbani
1729 3994 1794 4051 et
1835 3986 2011 4052 circa
2050 3988 2285 4053 festum
2322 3990 2685 4055 nativitatis
2730 3988 2963 4055 beatae
3004 3990 3133 4055 vir·

307 4089 484 4172 ginis,
527 4088 602 4151 in
642 4086 873 4171 hyeme
917 4107 1072 4150 vero
1113 4086 1290 4151 circa
1329 4086 1566 4151 festum
1608 4095 1873 4151 sanctae
1913 4084 2319 4153 Katherinae
2362 4100 2427 4153 et
2464 4091 2637 4154 circa
2665 4088 2898 4155 festum
2928 4090 3219 4156 sancti-‘30

311 4184 620 4273 Gregorii.
701 4185 778 4250 In
828 4206 958 4273 qua
997 4185 1510 4271 congregacione
1551 4195 1762 4251 rector
1801 4186 2000 4251 saciat
2042 4186 2306 4253 brevem
2334 4188 2859 4255 exhortacionem
2886 4188 2973 4253 ad
2996 4212 3134 4255 cor-

308 4288 662 4352 reccionem
715 4283 1036 4349 malarum
1089 4282 1620 4351 consuetudinum
1671 4284 2047 4371 scolarium,
2106 4288 2274 4353 sicut
2324 4288 2464 4353 fore
2523 4287 2765 4353 viderit
2818 4298 2975 4355 tunc
3026 4311 3134 4353 ne·

313 4408 490 4453 cesse.
574 4382 677 4449 Ibi
717 4384 924 4449 eciam
961 4382 1162 4451 faciat
1201 4382 1332 4469 legi
1376 4392 1618 4449 statuta
1639 4386 1752 4451 uni
1765 4380 1826 4470 [7
1839 4381 1894 4472 ⁸]
1905 4386 2259 4469 versitatis,
2305 4408 2471 4474 quae
2490 4396 2885 4455 concernunt
2916 4388 3133 4453 omnia

312 4485 588 4553 eiusdem
631 4484 974 4580 supposita
1014 4482 1474 4549 indifferenter.
1543 4480 1775 4571 Ibique
1815 4486 2109 4568 mandet,
2157 4485 2331 4573 quod
2372 4484 2586 4551 nullus
2622 4484 2875 4552 habitet
2912 4488 2983 4551 in
3020 4485 3134 4551 ali-

313 4607 420 4670 quo
473 4584 606 4651 alio
664 4583 810 4650 loco
864 4604 1059 4670 quam
1119 4604 1266 4649 cum
1317 4584 1652 4669 magistris
1693 4592 1758 4647 et
1797 4582 2171 4651 doctoribus
2212 4586 2689 4667 universitatis,
2744 4585 2872 4651 nisi
2911 4584 3217 4651 habita35

313 4682 569 4751 licencia
607 4685 885 4749 rectoris
928 4706 1012 4749 ex
1055 4706 1254 4751 causa
1293 4680 1702 4766 racionabili,
1763 4691 1828 4747 et
1882 4681 1966 4747 de
1992 4683 2143 4751 ‘hac
2182 4683 2457 4751 licencia
2496 4683 2767 4751 scolaris
2810 4686 3133 4771 signatum

317 4782 584 4849 obtineat
644 4805 685 4848 a
738 4792 1006 4849 rectore.
1095 4784 1186 4849 Et
1239 4784 1351 4871 qui
1407 4783 1802 4849 contrarium
1859 4781 2077 4849 facere
2131 4785 2673 4872 praesumpserit,
2729 4783 2999 4851 comodo
3052 4806 3132 4851 ac

317 4878 677 4949 defensione
717 4883 1162 4949 universitatis
1204 4890 1425 4949 careat
1464 4880 1578 4947 illa
1617 4882 1778 4948 vice.

437 5204 462 5255 1
499 5198 782 5255 Hier-iiber
816 5198 964 5254 steht
999 5199 1103 5255 mit
1134 5196 1322 5254 rother
1357 5196 1591 5255 Sehrift:
1651 5200 1902 5254 Primum
1933 5200 2173 5271 ὡραίων,
2206 5200 2258 5255 d.
2296 5198 2349 5256 h.
2385 5200 2505 5257 hier
2538 5200 2775 5273 beginne
2808 5202 2911 5258 der
2936 5202 3141 5259 Rector-

325 5283 638 5339 vonulesen.
709 5282 900 5354 Vergl.
941 5282 1212 5340 Urkundl.
1249 5282 1480 5350 Quellen
1519 5284 1578 5342 S.
1613 5288 1728 5340 601.

2712 5372 2805 5439 4*
