4038 6358
1325 658 1426 708 Die
1461 657 1697 708 Statuten
1736 671 1847 709 von
1882 657 2236 711 1497—1537.
3081 662 3203 726 245

522 844 590 906 6.
617 834 735 927 [Bl.
751 844 832 907 26
844 837 896 928 ⁸]
927 839 1116 906 Anno
1147 839 1372 906 salutis
1400 838 1723 906 humanae
1744 838 2088 908 millesimo
2110 840 2625 927 quingentesimo
2649 841 2965 928 vigesimo
2992 842 3205 928 primo

348 932 589 1027 (1521)
614 937 777 1005 obiit
817 940 1114 1026 egregius
1140 940 1262 1022 vir,
1286 938 1582 1005 dominus
1623 939 1979 1006 Ioannes
2013 938 3009 1027 IsleuberWasingensis,
3049 940 3206 1006 libe-

348 1035 599 1103 talium
626 1037 864 1103 artium
904 1061 985 1104 ae
1024 1062 1251 1105 sacrae
1293 1037 1657 1127 theologiae
1695 1039 2022 1126 professor
2059 1041 2354 1127 insignis,
2394 1039 2590 1128 idque
2627 1039 2833 1105 altera
2873 1038 3016 1105 luce
3060 1049 3209 1127 post

348 1134 501 1202 divi
526 1135 799 1202 Martini
837 1138 1056 1221 ferias,
1092 1160 1258 1225 quae
1302 1149 1442 1204 erat
1485 1138 1868 1204 duodecima
1891 1138 2301 1223 Novembris,
2342 1140 2507 1206 hora
2544 1139 2674 1206 diei
2714 1139 2852 1206 fere
2889 1141 3101 1222 tertia,
3143 1150 3212 1205 et

350 1235 655 1323 sepultus
692 1236 811 1303 fuit
853 1236 958 1303 die
1000 1248 1265 1325 postera
1300 1239 1371 1304 in
1410 1237 1574 1304 aede
1620 1238 1827 1305 sancti
1876 1237 2167 1305 Thomas
2210 1241 2399 1305 iuxta
2437 1239 2645 1305 altare
2688 1239 3046 1307 sacerdocii
3087 1241 3208 1323 sui,
3257 1248 3291 1306 5

353 1334 473 1400 ubi
533 1357 573 1400 e
620 1337 888 1422 regione
929 1336 1329 1424 epitaphium
1385 1339 1523 1403 eius
1578 1355 1850 1403 aeneum
1902 1359 2085 1403 muro
2138 1337 2411 1404 affixum
2468 1348 2582 1425 est.
2657 1339 2788 1420 Qui
2840 1338 3210 1426 legavitm
3145 1341 3158 1355 '

354 1443 751 1504 testamento
794 1456 909 1501 sno
946 1436 1228 1550 quinque
1262 1436 1530 1503 florines
1571 1459 1927 1504 annuorum
1970 1459 2295 1521 censuum,
2339 1459 2499 1524 quos
2543 1438 2736 1505 hodie
2774 1438 3015 1526 pendet
3038 1438 3211 1505 Tho-

352 1557 504 1622 mas
544 1534 805 1618 Heintz,
849 1535 918 1599 in
956 1536 1102 1602 vico
1146 1538 1357 1604 sancti
1394 1527 1573 1601 Petri
1622 1535 1947 1620 habitans,
2001 1534 2083 1601 de
2133 1536 2317 1603 horto
2372 1537 2654 1626 quodam
2706 1547 2898 1604 extra
2955 1547 3212 1626 portam

358 1613 575 1699 sancti
618 1634 797 1699 Petri
848 1644 1000 1721 post
1066 1634 1522 1719 molendinum,
1579 1637 1691 1721 qui
1742 1645 1843 1702 est
1880 1634 1967 1700 de
2004 1635 2205 1702 fundo
2243 1637 2619 1703 monialium
2662 1640 2873 1704 sancti
2918 1636 3209 1724 Georgii,

356 1755 482 1819 pro
533 1755 755 1798 annua
803 1736 1118 1799 memoria
1171 1737 1271 1799 sui
1306 1736 1375 1801 in
1418 1733 1579 1800 aede
1621 1733 1759 1801 divi
1792 1732 2048 1800 Nicolai
2089 1735 2519 1822 peragenda
2500 1759 2647 1826 ipso
2689 1736 2795 1803 die
2837 1737 3055 1805 obitus
3088 1739 3206 1822 sui,
3229 1749 3295 1805 10

354 1830 669 1898 videlicet
706 1832 913 1899 altera
953 1832 1059 1900 die
1109 1843 1258 1921 post
1297 1832 1584 1917 Martini,
1644 1857 1762 1921 per
1804 1855 2029 1899 omnes
2073 1833 2354 1920 collegas
2394 1836 2581 1902 istius
2619 1838 3065 1903 universitatis
3110 1839 3211 1903 in-

356 1941 499 1998 star
542 1931 821 1998 aliorum
861 1934 1454 1999 anniversariorum
1499 1955 1643 1998 cum
1682 1932 1925 2022 vigiliis
1972 1943 2038 1998 et
2078 1933 2285 1999 tribus
2330 1936 2565 2019 missis,
2628 1935 3032 2004 scholasticis
3075 1936 3212 2003 divi

361 2030 660 2097 Thomas
701 2031 787 2097 ad
827 2032 1029 2098 offitia
1065 2031 1434 2099 huiusmodi
1476 2032 1980 2117 concinentibus,
2014 2055 2286 2121 quorum
2314 2034 2577 2101 cuilibet
2602 2034 2948 2102 lectionem
2972 2035 3210 2123 legenti

356 2153 528 2196 nnus
596 2153 895 2198 nummus
950 2130 1231 2214 dabitur,
1284 2131 1584 2198 omnibus
1634 2154 1790 2198 vero
1850 2155 1969 2220 pro
2021 2155 2202 2199 more
2258 2132 2533 2200 exolutis
2591 2136 2934 2221 unicuique
2982 2135 3211 2202 obulus

359 2229 753 2316 porrigetur,
812 2231 1098 2318 parocho
1141 2239 1355 2297 autem
1401 2229 1767 2317 quindecim
1821 2232 2037 2318 grossi
2089 2234 2246 2299 novi
2300 2233 2738 2321 erogabuntur
2783 2258 2902 2323 pro
2949 2234 3097 2302 aliis
3139 2238 3208 2301 in
3231 2246 3293 2302 15

346 2327 737 2396 'universum
797 2332 980 2395 iuxta
1044 2352 1290 2396 morem
1353 2330 1796 2418 expediendis.
1879 2331 2183 2400 Ceterum
2241 2335 2652 2421 praepositus
2718 2334 2976 2421 collegii
3040 2335 3212 2401 ultra

360 2438 604 2494 sortem
645 2452 831 2495 suam
869 2428 1034 2495 duos
1077 2452 1339 2520 grossos
1381 2453 1501 2518 pro
1543 2429 1768 2496 labore
1815 2454 1932 2496 suo
1974 2430 2275 2516 habebit3
2333 2431 2566 2498 cedent
2607 2442 2819 2499 autem
2866 2435 3211 2522 unicuique

363 2525 777 2593 dominorum
834 2527 916 2594 de
967 2530 1410 2612 universitate,
1468 2532 1579 2617 qui
1632 2529 1874 2617 vigiliis
1930 2552 2009 2595 ae
2063 2531 2303 2596 missae
2362 2533 2684 2598 sacrificio
2741 2555 2862 2621 pro
2918 2532 3214 2600 decentia

364 2628 749 2711 inwrfiierit,
799 2627 1021 2693 decem
1060 2629 1305 2718 antiqui
1347 2630 1575 2715 grossi.
1639 2628 1981 2718 Reliquum
2022 2639 2257 2714 autem,
2302 2630 2478 2718 quod
2519 2633 2927 2719 superfuerit,
2969 2634 3039 2698 in
3075 2643 3209 2700 tres

365 2737 588 2814 partes
633 2728 727 2792 ita
766 2725 974 2792 dividi
1015 2726 1288 2814 placuit,
1335 2737 1407 2791 ut
1450 2729 1662 2814 prima
1704 2749 1859 2815 pars
1903 2727 2095 2793 cedat
2133 2730 2203 2794 in
2241 2729 2553 2796 solacium
2607 2731 2921 2797 tratribus
2959 2733 3042 2799 de
3083 2733 3208 2799 col·
3226 2743 3294 2799 20

364 2825 558 2913 legiO,
606 2821 713 2913 [26
724 2823 776 2914 b]
801 2825 1085 2892 secunda
1124 2826 1193 2891 in
1233 2826 1687 2893 eleemosinam
1730 2849 2106 2914 pauperum,
2149 2830 2343 2894 tertia
2377 2852 2536 2895 vero
2579 2842 2914 2897 accrescat
2956 2831 3211 2920 collegii

366 2925 543 2991 fisco·
590 2924 1075 3014 Volueruntque
1111 2926 1579 2996 testamentarii
1605 2927 2083 3014 praenominati
2123 2930 2476 3012 testatoris,
2514 2952 2784 3016 quorum
2823 2934 3212 3020 praedpuus

366 3025 487 3091 fuit
513 3027 818 3112 egregius
859 3027 981 3108 vir,
1023 3023 1318 3091 dominus
1354 3024 1678 3112 Georgius
1715 3025 2065 3092 Dottanius
2101 3025 2565 3115 Meningensis,
2600 3032 2837 3096 artium
2876 3054 2956 3097 ae
2988 3055 3215 3099 sacrae

367 3125 650 3212 paginae
692 3125 1044 3213 professor,
1084 3136 1240 3192 tunc
1281 3127 1592 3214 temporis
1631 3123 1819 3191 huius
1864 3123 2121 3213 collegii
2162 3128 2397 3213 senior,
2433 3139 2524 3213 ut,
2568 3131 2625 3196 si
2663 3129 2945 3218 praefati
2983 3154 3214 3199 census

367 3226 649 3312 quinque
689 3223 1064 3292 florinorum
1119 3227 1394 3313 reempti
1450 3226 1722 3308 fuerint,
1779 3224 1982 3290 velint
2035 3226 2276 3292 domini
2335 3233 2696 3316 praesentis
2755 3229 3012 3318 collegii
3070 3232 3212 3299 dili-
3232 3243 3298 3300 25

366 3333 593 3409 genter
637 3322 1017 3411 advigilare,
1063 3334 1138 3390 ut
1179 3348 1431 3390 summa
1470 3323 1772 3412 capitalis
1813 3324 1881 3388 in
1928 3324 2127 3390 alium
2172 3324 2382 3391 locum
2424 3350 2574 3395 cum
2611 3329 2824 3395 fructu
2866 3332 3215 3398 transfera-

366 3432 488 3505 tur,
544 3421 626 3487 de
681 3445 807 3510 quo
862 3422 1201 3490 voluerunt
1257 3425 1684 3491 conscientias
1737 3445 1961 3489 eorum
2015 3447 2159 3489 esse
2215 3435 2535 3494 oneratas.
2615 3426 2854 3494 Actum
2906 3430 3052 3517 ipso
3108 3431 3215 3496 die

364 3521 761 3606 Palmarum,
816 3546 985 3588 anno
1029 3522 1276 3591 Christi
1324 3546 1408 3589 ex
1449 3525 1704 3611 virgine
1755 3525 1895 3589 nati
1941 3523 2280 3591 millesimo
2325 3527 2835 3615 quingentesimo
2879 3531 3214 3616 trigesimo

365 3623 657 3710 septimo.
672 3624 696 3664 ²

534 3727 589 3787 7.
638 3718 758 3809 [Bl.
801 3727 880 3788 27
894 3719 945 3810 ⁸]
986 3721 1175 3788 Anno
1221 3721 1465 3788 domini
1506 3720 1846 3789 millesimo
1890 3722 2526 3811 quadringentesimo
2561 3728 2998 3813 octuagesimo
3020 3751 3210 3813 none,
3227 3739 3296 3795 30

366 3824 431 3888 in
474 3821 582 3887 die
627 3823 835 3887 sancti
874 3820 1123 3887 Kiliani
1166 3826 1357 3899 (1489
1401 3828 1456 3886 d.
1501 3828 1556 3891 8.
1576 3826 1738 3899 Juli)
1781 3822 1943 3888 obiit
1981 3823 2366 3910 magnificus
2408 3834 2474 3891 et
2514 3828 2815 3912 egregius
2855 3829 2960 3891 vir
2999 3837 3064 3893 et
3104 3827 3213 3894 do-

365 3923 576 3986 minus
618 3919 985 3986 Andreas
1027 3921 1317 3986 Dhene
1357 3921 1453 3986 de
1497 3919 1816 4004 Soldin,
1875 3922 2114 3986 artium
2159 3932 2223 3988 et
2265 3922 2672 3991 decretorum
2725 3925 2968 4010 doctor,
3023 3927 3213 3993 huius

369 4020 623 4107 collegii
669 4019 1047 4107 collegiatus
1088 4031 1208 4085 etc.
1295 4019 1497 4086 Cuius
1552 4022 2040 4103 testamentarii,
2091 4022 2398 4088 videlicet
2444 4023 2743 4090 dominus
2789 4024 3214 4092 Leonhardus

366 4118 793 4206 Messebergk
834 4119 1206 4208 Liptzensis
1250 4130 1314 4186 et
1354 4119 1653 4186 dominus
1694 4120 2015 4186 Iohannes
2059 4120 2461 4208 Reynhardt,
2505 4125 2934 4212 ingenuarum
2976 4128 3210 4191 artium

368 4229 430 4284 et
467 4219 874 4285 decretorum
915 4217 1231 4301 doctores,
1278 4242 1359 4284 ex
1402 4229 1784 4286 testamento
1828 4221 2108 4308 praefati
2149 4220 2393 4288 domini
2437 4223 2722 4290 doctoris
2745 4225 3050 4291 Andreae
3091 4234 3295 4312 pr035

364 4320 676 4386 memoria
719 4327 1033 4407 perpetua
1073 4316 1485 4385 observanda
1541 4321 2042 4406 assignaverunt
2098 4330 2163 4385 et
2208 4321 2613 4389 donaverunt
2672 4323 2940 4412 collegio
2990 4335 3212 4390 nostro

369 4417 627 4484 domum
669 4441 868 4484 unam
916 4418 1113 4482 sitam
1155 4427 1344 4484 extra
1394 4440 1612 4485 muros
1655 4417 1835 4485 urbis
1879 4418 2249 4507 Liptzensis
2303 4422 2370 4486 in
2426 4422 2733 4490 suburbio
2776 4426 2945 4490 inter
2983 4423 3213 4490 valvas

531 4675 555 4725 1
595 4669 907 4807 Daranter1
914 4685 1026 4725 von
1061 4668 1297 4724 auderet
1328 4667 1500 4723 Hand
1531 4666 1621 4723 die
1654 4665 1915 4739 folgende
1952 4667 2350 4741 Berechnung.
2337 4688 2350 4701 ·

911 4755 1038 4821 59(
1083 4783 1147 4792 -
1190 4753 1236 4808 A
1272 4752 1576 4825 pam-ocho.

877 4867 942 4878 -
1110 4840 1143 4892 9
1200 4862 1223 4883 a
1276 4836 1584 4891 scolasticis
1611 4854 1722 4907 pro
1754 4853 1945 4891 novem
1980 4836 2318 4892 lectionibus.

875 4953 944 4962 —
998 4943 1020 4966 ε
1082 4923 1142 4974 15
1200 4944 1221 4965 a
1279 4920 1511 4989 triginta
1543 4921 1875 4989 scolasticis;
1909 4921 2351 4990 sipha-esmant,
2385 4921 2730 4991 phedatwr.

914 5007 947 5059 3
1002 5028 1025 5049 ν
1200 5004 1514 5074 einyult's
1546 5005 1870 5076 collegiatis.
1926 5065 1932 5071 ,

915 5092 947 5142 2
998 5112 1020 5133 a
1077 5117 1140 5126 —
1199 5090 1598 5160 praeposito
1631 5089 1792 5145 huius
1827 5088 2051 5160 colleqii
2082 5088 2234 5142 ultra
2265 5106 2423 5142 suam
2454 5098 2666 5144 sortem.

524 5172 1315 5242 Βὼφιυωιπῦναφονέαε
1348 5175 1829 5245 fratr-tbtoewff
1871 5178 1902 5230 9
1946 5176 2017 5240 3.,
2047 5172 2391 5243 φοιιφονίόω
2431 5178 2576 5241 195(
2619 5179 2678 5229 10
2723 5178 2764 5229 2
2778 5177 3218 5247 ‚fiococolleyit‘

371 5260 575 5324 19919
620 5255 3214 5331 90.Siceinqulkdebonm19ff93‚oedpaupaeibm199f10qu'awmnuoehis

372 5342 592 5397 accedit.
