4038 6358
557 609 671 661 Die
702 609 944 661 Statnten
986 625 1109 662 vom
1145 610 1310 662 Jahn-e
1350 614 1500 675 1⁴10,
1549 612 1642 662 mit
1675 608 2201 663 Znsatzbeschliissen
2240 609 2321 663 bis
2355 628 2473 663 zum
2507 612 2672 662 Jahn-e
2717 616 2858 664 1490.
3060 616 3141 681 49

283 801 385 857 tur
432 794 882 878 congregacio
926 795 1372 861 universitatis
1415 793 1622 859 donec
1664 804 1877 860 rector
1923 793 2089 859 alius
2131 794 2426 881 eligatur.
2511 794 2583 860 Si
2626 816 2780 859 vero
2814 817 3140 883 opponen-

280 902 375 956 tes
445 893 686 956 statim
747 916 878 959 non
942 893 1364 980 probaverint
1424 893 1596 981 quod
1655 904 2021 981 opponunt,
2088 893 2459 981 requirendi
2514 905 2661 960 sunt
2717 894 2974 980 publice
3021 919 3139 984 per

284 1004 619 1057 rectorem
681 995 1011 1079 antiquum
1069 993 1172 1058 vel
1227 995 1553 1059 notarium
1593 995 2037 1059 universitatis
2081 1017 2165 1059 ex
2208 993 2515 1060 mandato
2559 993 2828 1081 speciali
2870 997 3141 1061 rectoris

282 1091 381 1156 vel
424 1113 553 1178 per
597 1094 943 1157 nunccium
986 1094 1397 1180 requirantur
1438 1095 1902 1178 universitatis,
1948 1096 2003 1159 si
2044 1094 2324 1182 probare
2367 1093 2566 1159 velint
2602 1104 2666 1159 et
2688 1097 2942 1180 possint
2970 1095 3143 1181 quod

289 1202 660 1279 opponunt.
742 1192 832 1258 Et
880 1203 1033 1258 tunc
1089 1194 1311 1259 statim
1365 1193 1468 1259 vel
1527 1194 1755 1260 saltem
1813 1217 1892 1260 ea
1947 1193 2053 1258 die
2099 1206 2248 1259 ante
2289 1195 2731 1259 universitatis
2775 1196 3135 1281 separaeio-
3151 1205 3185 1259 5

282 1314 429 1356 nem
488 1295 817 1380 excepcio
876 1296 1212 1381 proposita
1266 1295 1519 1359 notario
1560 1304 1667 1360 tra
1680 1290 1742 1382 [3
1767 1291 1819 1380 ⁸]
1834 1293 2027 1358 datur
2069 1295 2140 1359 in
2178 1295 2438 1380 scriptis
2451 1342 2470 1376 ‚
2530 1304 2595 1358 et
2634 1314 2851 1358 coram
2893 1304 3145 1360 rectore

285 1394 557 1480 antiquo
624 1394 1075 1458 universitatis
1130 1400 1196 1456 et
1262 1395 1394 1458 suis
1452 1393 1837 1459 consiliariis
1881 1394 2052 1458 infra
2095 1393 2584 1481 quatuordecim
2627 1391 2766 1457 dies
2810 1397 3146 1480 proximos

284 1502 642 1580 sequentes
664 1542 679 1570 ,
733 1503 927 1580 prout
960 1491 1153 1556 fuerit
1196 1491 1277 1556 de
1316 1495 1487 1574 iure,
1547 1492 1886 1581 probetur,
1941 1515 2062 1557 nec
2103 1504 2332 1580 postea
2377 1492 2613 1580 aliquis
2656 1515 2992 1580 opponens
3037 1517 3146 1560 au-

287 1592 528 1656 diatur.
620 1592 715 1658 Et
767 1593 823 1658 si
882 1593 1275 1658 contrarium
1317 1614 1697 1680 quocunque
1736 1591 1928 1657 modo
1966 1593 2239 1657 fecerint
2280 1593 2384 1657 vel
2427 1595 2496 1657 in
2538 1591 2932 1679 probacione
2976 1593 3147 1659 defe-

286 1693 530 1776 cerint,
591 1693 743 1780 ipso
798 1692 939 1758 iure
992 1691 1121 1755 sint
1169 1693 1410 1778 privati
1462 1692 1827 1779 privilegiis
1877 1692 2318 1758 universitatis
2359 1714 2692 1779 quousque
2734 1693 3147 1759 universitati
3169 1706 3232 1761 10

287 1803 556 1858 nostrae
622 1790 880 1858 solvant
933 1814 1051 1857 sex
1105 1789 1383 1855 florenos
1399 1840 1417 1874 ,
1492 1812 1657 1876 quae
1708 1812 1921 1878 poena
1972 1790 2145 1857 nullo
2208 1791 2397 1856 modo
2458 1790 2650 1857 debet
2705 1791 3024 1877 relaxari3
3088 1806 3152 1859 et

288 1903 504 1958 rector
548 1893 865 1980 antiquus
907 1899 1200 1957 teneatur
1244 1912 1385 1956 eam
1433 1899 1831 1978 extorquere.
1920 1889 1992 1954 Si
2035 1913 2188 1955 vero
2224 1891 2395 1955 infra
2444 1891 2692 1956 dictum
2734 1901 2989 1980 tempus
3013 1894 3147 1959 fue-

290 1995 373 2057 rit
415 1991 753 2078 legittima
795 1990 1104 2077 excepcio
1149 1988 1456 2079 probata,
1518 1998 1757 2055 extunc
1810 1991 1951 2077 ipse
2009 2001 2221 2056 rector
2264 1991 2567 2076 antiquus
2611 2013 2754 2055 cum
2796 1990 3151 2078 praedictis

292 2092 420 2157 suis
466 2090 870 2157 consiliariis
914 2090 1087 2155 infra
1129 2088 1293 2154 duos
1335 2087 1472 2155 dies
1515 2100 1853 2175 sequentes
1895 2091 2402 2176 pronunccient,
2446 2099 2852 2178 praetactam
2895 2091 3148 2157 electio-

294 2214 437 2255 nem
482 2214 626 2256 non
668 2189 889 2256 valere
904 2238 923 2273 ,
975 2197 1038 2253 et
1077 2197 1291 2253 rector
1334 2187 1704 2254 immediate
1748 2198 2063 2254 convocet
2101 2191 2464 2275 insequenti
2509 2190 2615 2255 die
2655 2191 3146 2256 universitatem
3167 2202 3228 2257 15

295 2313 410 2377 pro
451 2289 765 2376 eligendo
807 2311 976 2355 novo
1019 2298 1270 2353 rectore
1313 2295 1377 2352 et
1416 2286 1808 2375 procedatur
1851 2289 1935 2353 ad
1980 2288 2353 2356 electionem
2399 2289 2595 2357 talem
2630 2288 2982 2356 secundum
3023 2291 3149 2357 for-

300 2412 469 2456 mam
514 2398 928 2455 statutorum.
1188 2440 1193 2451 .

457 2488 552 2554 Et
610 2497 831 2554 rector
885 2487 1144 2576 publice
1199 2487 1442 2555 nullam
1499 2486 1734 2575 pellem
1785 2489 1855 2553 in
1910 2491 2126 2576 capite
2184 2489 2435 2555 deferat
2486 2508 2681 2574 quam
2730 2486 2812 2552 de
2855 2490 3041 2554 vario
3082 2490 3151 2554 in

308 2588 540 2675 hyeme
598 2588 708 2653 vel
766 2589 849 2654 de
897 2589 1104 2654 serico
1157 2590 1225 2654 in
1265 2597 1542 2669 aestate,
1600 2589 1655 2651 si
1700 2589 1854 2653 vult.
1945 2588 2127 2670 Quos
2170 2590 2226 2653 si
2267 2588 2553 2675 propriis
2596 2584 2962 2673 sumptibus
3004 2611 3152 2675 pro-

307 2710 536 2754 curare
596 2711 731 2755 non
793 2688 1060 2775 poterit,
1110 2686 1192 2752 de
1247 2687 1568 2753 communi
1612 2689 1863 2774 peculio
1908 2689 2350 2754 universitatis
2392 2697 2833 2773 procurentur.
2917 2686 3152 2754 Rector
3169 2699 3238 2756 20

308 2790 510 2854 eciam
567 2789 672 2853 sic
724 2786 967 2853 electus
1024 2784 1235 2852 nullas
1290 2782 1444 2874 [3¹²]
1500 2786 1704 2854 faciat
1760 2811 2084 2876 expensas
2141 2785 2694 2854 extraordinarias
2747 2787 3012 2852 racione
3056 2792 3156 2853 sui

306 2899 693 2955 rectoratus.

1103 3061 1158 3122 2.
1221 3073 1317 3120 DE
1360 3072 1561 3121 nono
1605 3073 1940 3122 suenum
1980 3070 2372 3125 nncromtu.

470 3189 690 3254 Nacio
736 3188 1059 3277 quaelibet
1102 3189 1184 3254 de
1228 3198 1525 3277 quatuor,
1568 3191 1636 3254 in
1679 3212 1839 3278 quas
1880 3191 2270 3255 universitas
2315 3198 2412 3253 est
2455 3187 2688 3271 divisa,
2732 3188 2934 3275 eligat
2954 3214 3150 3256 unum

317 3286 391 3352 de
433 3310 520 3358 se.
616 3286 752 3368 Qui
814 3297 1089 3376 quatuor
1130 3298 1469 3354 teneantur
1510 3288 1779 3354 eandem
1822 3288 2197 3354 electionem
2243 3311 2356 3354 seu
2396 3289 2906 3354 nominacionem
2952 3291 3148 3355 susci·
3169 3299 3237 3356 25

316 3409 497 3474 pere,
569 3408 725 3451 cum
797 3388 1033 3453 fuerint
1099 3389 1166 3453 in
1236 3390 1368 3452 suis
1441 3388 1822 3455 nacionibus
1876 3389 2189 3477 deputati.
2283 3387 2372 3453 Et
2425 3390 2736 3474 praestito
2794 3389 3155 3455 iuramento

317 3488 543 3554 rectori
591 3486 677 3551 de
718 3487 946 3553 fraude
989 3509 1117 3553 non
1160 3488 1614 3553 committenda
1654 3488 1896 3575 eligant
1941 3499 2188 3575 septem
2232 3487 2397 3554 alios
2428 3487 2510 3552 de
2542 3498 2680 3553 tota
2712 3488 3153 3573 universitate,

320 3609 588 3675 quorum
636 3596 913 3674 quatuor
953 3588 1082 3651 sint
1123 3587 1207 3652 de
1243 3597 1517 3675 quatuor
1557 3587 1940 3654 nacionibus
1981 3597 2047 3654 et
2086 3588 2198 3652 alii
2241 3597 2373 3652 tres
2414 3587 2493 3651 de
2515 3586 2721 3653 tribus
2750 3589 3151 3674 nacionibus,

331 3691 426 3753 sic
478 3687 660 3777 quod
720 3685 1009 3774 qualibet
1057 3686 1366 3752 electione
1419 3690 1690 3753 rectoris
1750 3711 1880 3754 una
1933 3687 2015 3754 de
2073 3696 2349 3776 quatuor
2385 3686 2766 3752 nacionibus
2806 3697 3026 3754 careat
3066 3712 3163 3754 se·

334 3786 541 3853 cundo
589 3809 711 3875 per
755 3785 1061 3851 ordinem.
1146 3779 1277 3868 Qui
1331 3787 1425 3851 sic
1478 3785 1664 3852 electi
1703 3789 1935 3852 iterum
1974 3788 2188 3852 iurent
2223 3787 2460 3850 rectori
2501 3787 2763 3871 antiquo
2808 3786 2890 3852 de
2930 3788 3159 3853 fraude
3175 3798 3246 3855 30

332 3910 456 3953 non
496 3885 967 3954 committenda
1013 3895 1077 3951 et
1118 3885 1361 3974 eligant
1399 3885 1563 3954 alios
1605 3887 1915 3972 quinque,
1960 3908 2234 3974 quorum
2274 3896 2548 3971 quatuor
2590 3888 2719 3952 sint
2760 3886 2841 3952 de
2886 3897 3163 3976 quatuor

341 3986 754 4069 nacionibus,
812 3987 1071 4075 quintus
1114 4008 1267 4051 vero
1314 3987 1400 4051 sit
1441 3985 1521 4050 de
1560 3985 1674 4051 illa
1713 3988 1984 4052 nacione
1999 4034 2018 4068 ,
2061 4007 2226 4073 quae
2266 3986 2336 4049 in
2378 3986 2661 4053 secunda
2703 3985 3017 4053 electione
3056 4010 3160 4053 ca-

336 4088 460 4152 ruit
498 4085 811 4152 secundo.
899 4085 1029 4167 Qui
1067 4087 1279 4151 iurent
1314 4087 1551 4151 iterum
1593 4086 1830 4151 rectori
1874 4085 2135 4169 antiquo
2151 4132 2169 4166 ,
2214 4083 2389 4172 quod
2430 4085 2632 4151 velint
2674 4086 2910 4174 eligere
2948 4089 3160 4152 virum

330 4185 684 4272 ydoneum,
744 4186 1092 4254 secundum
1148 4186 1422 4251 sormam
1475 4187 1656 4272 prius
1701 4186 2026 4271 scriptam.
2110 4184 2198 4248 Et
2241 4205 2687 4274 quemcunque
2737 4186 2833 4251 illi
2876 4188 3157 4274 quinque

327 4284 423 4350 vel
459 4287 673 4352 maior
716 4308 874 4373 pars
919 4307 1141 4350 eorum
1186 4284 1531 4371 elegerint,
1574 4306 1695 4371 pro
1736 4293 1989 4349 rectore
2031 4284 2474 4350 universitatis
2514 4293 2827 4354 teneatur.
3175 4295 3243 4352 35

482 4384 577 4450 Et
617 4395 807 4468 nota,
852 4384 1025 4472 quod
1066 4385 1259 4471 primi
1302 4392 1578 4472 quatuor
1620 4383 1857 4448 debent
1897 4383 2139 4470 eligere
2181 4383 2549 4470 praedictos
2598 4395 2844 4471 septem
2888 4382 3021 4473 [4.⁸]
3063 4388 3157 4451 in-

328 4484 424 4550 fra
487 4507 691 4552 unam
744 4483 973 4550 horam
1027 4483 1378 4571 horalogii‚
1432 4479 1703 4571 quilibet
1757 4482 1878 4547 sub
1918 4504 2133 4570 poena
2174 4483 2428 4550 dimidii
2469 4483 2718 4549 floreni.
2797 4484 2888 4550 Et
2926 4486 3158 4551 iterum

327 4582 417 4649 illi
467 4593 719 4673 septem
772 4582 1010 4650 debent
1058 4583 1298 4670 eligere
1351 4584 1634 4671 quinque
1685 4582 1857 4647 infra
1907 4591 2104 4648 unam
2159 4583 2358 4649 aliam
2398 4582 2625 4649 horam
2643 4633 2662 4667 ‚
2720 4583 2990 4669 quilibet
3038 4583 3157 4648 sub

335 4704 535 4770 poena
577 4684 773 4750 unius
818 4681 1063 4748 floreni.
1143 4682 1233 4747 Et
1272 4683 1553 4770 quinque
1591 4680 1800 4747 ultimi
1842 4681 2081 4748 debent
2123 4682 2362 4770 eligere
2402 4693 2719 4749 rectorem
2758 4683 2930 4748 infra
2964 4705 3159 4748 unam

330 4779 547 4850 horam
607 4781 928 4867 similiter,
989 4804 1117 4848 nec
1161 4781 1653 4870 praecedentem
1707 4782 2083 4848 continuare
2137 4783 2418 4868 possint,
2477 4783 2597 4848 sub
2652 4782 2877 4849 eadem
2916 4804 3155 4869 poena3
3174 4791 3244 4848 40

335 4882 496 4969 quod
548 4885 605 4950 si
663 4905 795 4948 non
848 4883 1118 4949 fecerint
1129 4931 1160 4965 ,‚
1205 4880 1473 4969 quilibet
1526 4879 1731 4947 solvet
1785 4902 1983 4945 unum
2042 4879 2373 4945 florenum.
2456 4881 2546 4948 Et
2599 4881 2841 4970 eligant
2889 4885 2959 4947 in
2998 4881 3162 4949 hora

336 4983 619 5070 sequenti
674 4984 907 5048 iterum
964 4982 1233 5068 quilibet
1275 4979 1393 5047 sub
1434 5002 1646 5068 poena
1686 4980 1875 5045 unius
1917 4978 2148 5046 floreni
2191 4989 2256 5045 et
2295 5004 2424 5046 non
2466 4981 2803 5066 recedant,
2855 4983 2982 5049 nisi
3024 4983 3153 5048 ele-

338 5082 574 5167 gerint3
625 5091 692 5148 et
747 5104 865 5169 pro
920 5080 1209 5170 qualibet
1257 5081 1453 5164 hora,
1507 5081 1577 5143 in
1630 5101 1757 5166 qua
1810 5101 1942 5143 non
1997 5078 2336 5165 elegerint,
2399 5080 2609 5145 solvat
2650 5081 2920 5169 quilibet
2959 5106 3161 5149 unum

338 5177 657 5247 florenum.
740 5180 810 5246 Si
866 5204 1021 5247 vero
1080 5182 1420 5269 quisquam
1475 5201 1698 5246 eorum
1752 5179 2095 5244 recesserit
2146 5178 2454 5244 electione
2501 5203 2629 5246 non
2668 5183 2843 5249 facta
2900 5193 2963 5249 et
3007 5206 3156 5270 poe-

342 5298 480 5346 nam
520 5280 924 5368 praedictam
962 5279 1214 5347 solvere
1254 5279 1686 5361 recusaverit,
1728 5279 2026 5364 periurus
2058 5288 2404 5365 reputetur.
3172 5293 3237 5348 45

478 5395 917 5434 BTATUTBRBUCE
951 5397 1065 5433 DBB
1097 5396 1244 5435 muv.
1281 5396 1517 5433 Lnlrzm.
2783 5389 2822 5452 4
