4038 6358
887 601 1009 672 530
1855 599 1958 656 Die
2001 599 2443 669 philosophische
2484 601 2742 656 Facultfflt.

1046 784 1223 866 Quid
1263 788 1466 874 igitur
1510 808 1638 869 eos,
1692 787 1804 873 qui
1844 784 2086 851 vellent
2126 787 2479 853 ascendere
2517 786 2691 851 hunc
2730 783 3012 872 gradum
3054 784 3394 871 dignitatis
3437 793 3499 850 et
3535 806 3716 872 cupe-

873 894 1019 950 rent
1056 887 1356 971 magistri
1397 885 1713 950 bonarum
1758 887 1994 950 artium
2049 887 2369 974 appellari
2413 897 2475 951 et
2515 886 2678 968 fieri,
2735 906 2867 968 eos,
2927 886 3212 972 inquam,
3269 882 3430 970 quid
3482 885 3547 948 in
3588 885 3719 949 suis

870 985 1104 1050 studiis
1166 994 1504 1071 praestare
1565 980 1695 1071 [33]
1752 1006 2144 1072 servareque
2202 994 2532 1073 oporteret
2593 984 2681 1049 ad
2740 1006 2926 1071 spem
2983 983 3461 1071 progressionis
3519 982 3719 1064 huius,

866 1085 1170 1170 ignorare
1213 1095 1500 1149 vestrum
1555 1081 1834 1171 aliquem
1878 1106 2159 1172 aequum
2205 1109 2335 1151 non
2391 1093 2518 1167 est,
2575 1107 2718 1148 cum
2777 1084 3108 1169 descripta
3158 1085 3328 1147 ratio
3386 1081 3499 1147 illa
3551 1093 3723 1147 extet

783 1192 816 1248 5
871 1192 935 1248 et
993 1182 1256 1270 publica
1313 1184 1690 1248 recitatione
1761 1204 2016 1269 quoque
2092 1207 2262 1249 anno
2340 1196 2567 1271 quater
2622 1181 3093 1271 promulgetur,
3145 1181 3406 1268 quando
3460 1191 3523 1245 et
3572 1180 3721 1263 alia,

868 1304 1036 1369 quae
1100 1283 1507 1369 propositum
1574 1280 2040 1369 consiliumque
2094 1282 2225 1348 tale
2287 1282 2588 1365 deceant,
2658 1293 2962 1347 accurate
3026 1282 3363 1369 explicata
3429 1279 3721 1346 omnibus

868 1383 1116 1468 pariter
1161 1380 1699 1446 demonstrantur.
1785 1380 1971 1445 Haec
2013 1404 2187 1446 nunc
2234 1381 2494 1470 quidem
2537 1381 2889 1469 repetendo
2929 1382 3263 1464 inculcari,
3308 1379 3519 1445 denuo
3557 1403 3723 1467 opus

866 1503 997 1546 non
1042 1490 1170 1563 est,
1221 1479 1326 1545 vel
1379 1479 1521 1544 fieri
1580 1480 1798 1566 potius
1854 1478 1976 1544 hoc
2015 1504 2147 1546 non
2191 1481 2416 1563 debet3
2475 1504 2629 1546 nam
2687 1484 2742 1548 si
2797 1483 2942 1569 quis
2998 1483 3251 1548 nescire
3305 1503 3379 1545 se
3432 1480 3723 1563 fateatur,

870 1591 1176 1668 quantam
1242 1578 1586 1644 audaciam
1651 1588 1714 1643 et
1775 1580 2200 1644 temeritatem
2279 1581 2506 1668 petitio
2580 1580 2752 1645 illius
2822 1580 3318 1669 complectatur,
3399 1583 3539 1668 quis
3594 1603 3723 1646 non

789 1679 1102 1746 invidet?
1157 1678 1380 1760 Quare
1420 1677 1871 1743 recordabitur
1913 1681 2361 1767 unusquisque
2404 1678 2839 1744 conditionum
2885 1690 2951 1745 et
2986 1680 3224 1766 legum,
3268 1679 3504 1766 quibus
3543 1682 3725 1766 quasi

871 1781 1243 1845 certaminis
1300 1780 1488 1843 istius
1543 1776 1775 1842 modus
1834 1777 2157 1862 definitur,
2217 1789 2281 1842 et
2337 1779 2406 1843 in
2466 1777 2636 1842 hanc
2690 1778 2889 1843 veluti
2945 1801 3209 1844 arenam
3269 1801 3387 1844 suo
3445 1777 3724 1866 periculo

870 1901 940 1944 se
1001 1900 1143 1943 esse
1212 1877 1673 1942 descensurum
1739 1876 2071 1963 cogitabit.
2154 1876 2300 1941 Non
2374 1878 2546 1941 enim
2611 1878 2814 1942 futuri
2877 1902 3094 1943 sumus
3155 1877 3559 1965 negligentes
3615 1888 3725 1942 aut

866 1979 1123 2043 remissi
1166 1978 1235 2042 in
1281 1979 1362 2041 iis
1405 1975 1852 2058 observandis,
1912 1997 2079 2063 quae
2123 1975 2433 2041 diuturna
2485 1976 3006 2042 consideratione
3060 1979 3542 2042 communitatis
3586 2001 3720 2042 sen·

865 2078 1088 2142 tentiis
1131 2085 1283 2141 sunt
1324 2077 1694 2141 constituta.

789 2204 853 2260 15
1041 2192 1207 2259 Cum
1271 2202 1489 2258 autem
1554 2191 1683 2257 duo
1750 2193 1878 2257 sint
1940 2192 2158 2278 capita
2219 2190 2475 2256 illorum
2535 2193 2848 2276 omnium,
2907 2215 3104 2257 unum
3161 2192 3608 2260 assiduitatem
3662 2205 3723 2259 et

871 2292 1166 2359 ordinem
1210 2291 1586 2373 studiorum,
1643 2289 1917 2355 alterum
1968 2290 2369 2356 honestatem
2425 2294 2602 2355 vitae
2663 2314 2741 2356 ac
2798 2314 3053 2358 morum
3111 2293 3507 2379 probitatem
3560 2313 3723 2358 com·

870 2391 1177 2479 plectens,
1236 2389 1317 2455 de
1380 2389 1613 2455 studiis
1654 2400 1717 2455 et
1757 2413 1930 2454 nunc
1984 2412 2468 2476 cognoscemuS,
2529 2412 2696 2476 quae
2757 2379 3136 2477 poterimus,
3197 2400 3262 2456 et
3310 2415 3469 2457 mox
3523 2394 3721 2479 inqui-

871 2492 1018 2556 sitio
1060 2491 1282 2555 futura
1324 2500 1422 2554 est
1467 2489 1692 2554 sedula
1735 2499 1799 2554 et
1843 2499 2108 2554 attenta.
2192 2490 2567 2554 Meminisse
2625 2498 2838 2554 autem
2894 2493 3184 2577 potestis,
3239 2501 3415 2556 certe
3459 2490 3724 2574 debetis,

866 2590 1067 2656 fuisse
1124 2587 1626 2676 frequentandas
1687 2588 1883 2654 horas
1941 2588 2245 2675 publicae
2305 2588 2667 2671 doctrinae,
2732 2589 2966 2675 quibus
3022 2588 3434 2677 philosophia
3480 2591 3723 2656 Aristo·

763 2689 1067 2755 ..20telica
1109 2687 1377 2754 docetur
1420 2686 1505 2752 ab
1548 2689 1788 2753 eximio
1833 2689 2201 2775 professore
2242 2687 2414 2752 illius
2430 2689 2470 2769 ¹,
2513 2688 2795 2773 itemque
2833 2689 3167 2773 utriusque
3206 2688 3476 2775 linguae
3508 2692 3728 2776 optimi

870 2797 1129 2853 autores
1173 2798 1577 2871 enarrantur,
1634 2796 1699 2852 et
1751 2787 2121 2873 explicatur
2165 2787 2459 2853 doctrina
2510 2784 2854 2868 rhetorica,
2912 2787 3206 2874 physica,
3261 2788 3727 2854 mathematica.

868 2887 975 2953 De
1028 2887 1131 2951 his
1185 2887 1385 2973 igitur
1439 2908 1611 2950 nunc
1667 2908 2084 2974 quaeremuS,
2139 2882 2268 2973 [34]
2325 2899 2396 2951 ut
2450 2906 2950 2971 cognoscamus,
3010 2909 3176 2974 quae
3228 2888 3727 2974 uniuscuiusque

870 2996 1162 3051 vestrum
1206 2983 1537 3072 publicam
1582 2984 1943 3051 doctrinam
1988 2984 2448 3073 frequentandi
2490 2984 2686 3048 fuerit
2729 2983 3111 3070 assiduitas3
3169 2987 3236 3050 in
3279 2985 3725 3073 disputationi—

871 3085 995 3150 bus
1061 3086 1257 3149 etiam
1328 3106 1450 3148 nec
1513 3107 1645 3150 non
1709 3083 2051 3149 rhetoricis
2121 3083 2700 3150 cxercitationibus
2773 3085 3065 3171 nunquid
3128 3085 3339 3150 studio
3403 3109 3728 3174 operaque

785 3195 851 3252 25
870 3195 1091 3250 vestra
1146 3185 1248 3268 iis,
1305 3206 1471 3271 quae
1512 3185 1922 3271 praescripta
1978 3195 2159 3267 sunt,
2218 3185 2617 3249 satisfactum
2676 3185 2788 3266 sit,
2846 3183 3364 3270 investigabitur.
3448 3186 3540 3252 Et
3581 3210 3725 3274 quo·

870 3285 1049 3349 niam
1113 3285 1181 3348 in
1244 3283 1344 3348 his
1411 3283 1708 3348 omnibus
1772 3293 1836 3347 et
1908 3281 2182 3369 singulis
2249 3282 2698 3370 depraehensa
2769 3282 3164 3369 negligentia
3227 3287 3725 3372 uniuscuiusque

870 3392 1308 3470 contemptum
1367 3381 1686 3469 quendam
1730 3381 1943 3447 iuditii
1998 3403 2077 3447 ac
2134 3384 2489 3446 sententiae
2546 3383 3026 3457 communitatis
3079 3391 3340 3448 nostrae
3384 3383 3725 3471 complecti

869 3481 1151 3564 videtur,
1197 3481 1351 3568 quid
1397 3482 1593 3547 statui
1637 3480 1719 3546 de
1762 3504 1840 3546 ea
1883 3480 2274 3568 decernique
2318 3480 2571 3562 debeat,
2618 3479 3102 3546 deliberationis
3132 3493 3195 3546 et
3229 3482 3491 3548 arbitrii
3526 3485 3725 3549 nostri

869 3592 969 3648 est
1012 3584 1317 3647 futurum.

786 3708 854 3764 30
1035 3697 1145 3763 Ad
1206 3698 1606 3763 honestatem
1667 3719 1919 3765 morum
1974 3697 2274 3784 vitaeque
2331 3697 2721 3784 probitatem
2780 3695 2952 3782 quod
3009 3698 3269 3782 attinet,
3331 3723 3467 3765 non
3522 3701 3724 3766 minor

873 3819 1031 3862 cura
1071 3798 1196 3863 erit
1249 3797 1684 3884 inquisitionis
1739 3804 2001 3861 nostrae
2056 3818 2220 3860 neve
2276 3795 2486 3861 levior
2528 3794 3030 3878 animadversiO,
3088 3818 3216 3883 quo
3261 3799 3505 3863 scimus
3549 3798 3722 3885 flagi·

869 3900 1106 3963 tiorum
1157 3898 1592 3983 vitiorumque
1643 3895 1931 3961 maculas
1985 3916 2128 3959 esse
2182 3893 2521 3960 foediores.
2609 3893 2786 3974 Quid
2852 3905 3067 3959 autem
3125 3918 3288 3983 opus
3342 3907 3444 3963 est
3501 3897 3721 3962 horum

870 4018 1115 4083 genera
1156 3994 1451 4060 referre?
1498 3994 1663 4061 Cum
1711 3994 1990 4059 dedecus
2032 4003 2094 4058 et
2136 3992 2471 4080 turpitudo
2509 3994 2675 4079 ipsa,
2721 3996 3018 4081 quamvis
3047 3993 3193 4059 aliis
3226 3997 3472 4082 ignota,
3512 4008 3723 4062 tamen

871 4098 1031 4179 eiuS,
1089 4097 1198 4183 qui
1254 4094 1545 4178 admisit,
1605 4093 2051 4158 conscienciae
2095 4094 2162 4157 in
2208 4101 2558 4178 conspectu
2614 4094 2697 4158 sit
2742 4115 3015 4180 semper,
3074 4093 3155 4158 de
3198 4095 3301 4160 his
3344 4097 3546 4183 igitur
3588 4119 3718 4184 pcr-

785 4205 853 4262 3⁵
876 4194 1207 4284 quirendis
1250 4192 1601 4281 peculiaris
1644 4191 1835 4258 labor
1877 4192 2284 4279 suscipietur.

1040 4310 1442 4376 Promittetis
1486 4319 1700 4374 autem
1746 4317 1897 4374 ante
1939 4309 2158 4373 omnia
2198 4307 2621 4373 iurisiurandi
2673 4307 2988 4394 religione
3031 4333 3129 4393 ea,
3183 4333 3351 4398 quae
3392 4313 3527 4377 iam
3569 4313 3718 4378 reci·

870 4410 1203 4494 tabuntur,
1257 4432 1335 4474 ac
1388 4407 1702 4495 cogitabit
1754 4408 2193 4493 unusquisque
2249 4409 2465 4472 animo
2511 4429 2647 4490 suo,
2704 4406 2859 4492 quid
2911 4431 3066 4474 vere
3112 4409 3441 4475 affirmare
3500 4413 3718 4499 possit,

872 4511 1393 4598 promissumque
1434 4506 1709 4573 fideliter
1752 4505 2037 4571 studebit
2078 4514 2435 4593 praestare.

1032 4708 1073 4744 „
1087 4659 1275 4746 „Ego
1319 4658 1415 4724 .N.
1458 4659 1600 4723 iuro
1643 4656 1856 4721 etc.““
1897 4665 1971 4722 ut
2015 4677 2219 4742 supra
2261 4654 2345 4719 de
2383 4654 2752 4722 baculariis.

780 4819 850 4875 40
1033 4804 1127 4896 [S.
1170 4804 1273 4896 35]
1328 4805 1513 4871 Haec
1565 4815 1636 4870 ut
1676 4805 1941 4870 recitari
1982 4805 2326 4871 audivistis
2375 4816 2688 4893 concepta
2730 4805 2970 4889 verbis,
3030 4806 3126 4870 sic
3178 4829 3263 4871 ex
3323 4806 3527 4871 animi
3589 4829 3715 4873 sen·

864 4910 1069 4974 tentia
1125 4905 1365 4994 singuli
1421 4903 1738 4988 iurabitis,
1758 4903 1865 5015 ⁸id
1919 4914 2046 4986 est,
2104 4925 2247 4970 esse
2305 4903 2664 4992 legitimam
2721 4904 3011 4971 sobolem
3073 4928 3606 4995 unumquemque
3660 4916 3717 4970 et

862 5021 1160 5074 eventum
1201 5005 1551 5094 petitioniS,
1605 5005 1969 5092 quicunque
2011 5006 2070 5069 is
2109 5005 2336 5088 fuerit,
2395 5026 2606 5091 aequo
2651 5004 2871 5069 animo
2917 5026 2986 5068 se
3029 5026 3174 5070 esse
3216 5003 3522 5090 laturum,
3583 5006 3711 5072 sine

1100 5271 1210 5331 Die
1244 5271 1441 5329 Worte
1470 5270 1543 5325 ab
1575 5269 1776 5325 eximio
1801 5272 2131 5343 professore
2162 5269 2321 5325 illius
2351 5268 2475 5324 sind
2511 5266 2711 5323 wieder
2744 5267 3184 5338 anagasti-ichen.
