4038 6358
1527 546 1764 597 Libellus
1799 546 2115 599 formulario.
3136 550 3254 615 135

615 735 738 799 108.
799 744 1010 795 com
1050 744 1510 794 nxcnusloms
1553 744 1906 795 cumsnsu
1948 746 2331 813 msam,
2382 747 2502 807 Qm
2540 746 2749 795 mm
2792 746 3068 797 ‘murus

1047 844 1219 893 sum
1263 844 1774 895 RELEGATIOMS
1815 846 2074 893 mmmm
2118 846 2611 895 ramsumsm

573 962 704 1028 Nos
747 960 846 1026 Ν.
891 968 1121 1025 rector.
1210 958 1374 1025 Cum
1441 958 1722 1047 quodam
1784 960 2149 1026 antedictae
2214 970 2478 1026 nostrae
2523 958 2965 1025 universitatis
3012 970 3250 1028 statuto

398 1070 708 1131 caveatur
749 1069 816 1125 et
853 1062 940 1125 sit
977 1080 1392 1145 expressum,
1441 1058 1615 1146 quod
1655 1062 2066 1147 suppositum
2110 1058 2402 1124 eiusdem
2440 1060 2919 1141 universitatis,
2962 1058 3044 1124 ob
3092 1083 3243 1126 suos

399 1182 712 1227 excessus
775 1168 842 1224 et
903 1156 1222 1224 demerita
1281 1157 1368 1223 ab
1419 1155 1648 1223 eadem
1689 1160 2113 1223 universitate
2156 1158 2243 1223 ad
2286 1168 2533 1223 certum
2574 1166 2828 1245 tempus
2871 1157 3249 1243 relegatum,
3268 1172 3301 1226 5

397 1261 578 1327 infra
635 1256 1004 1323 huiusmodi
1065 1268 1322 1344 tempus
1387 1278 1542 1321 suae
1594 1256 2014 1343 relegationis
2072 1258 2140 1321 in
2204 1258 2537 1345 praesenti
2579 1256 2823 1344 oppido
2868 1278 3251 1343 permanere

397 1358 504 1424 vel
549 1356 632 1422 ad
669 1356 846 1421 idem
885 1356 1104 1422 redire
1147 1376 1591 1442 praesumem,
1635 1378 1792 1421 mox
1835 1353 1938 1443 [52
1951 1353 2018 1441 ὃ]
2050 1356 2189 1421 sine
2229 1356 2521 1421 ulteriori
2554 1357 2877 1439 citatione,
2923 1377 3236 1422 convoca·

395 1457 574 1521 tione
633 1476 714 1521 ac
775 1456 1128 1521 monitione
1191 1476 1234 1519 a
1295 1453 1594 1541 praefata
1646 1455 2073 1519 universitate
2130 1464 2465 1542 tamquam
2506 1454 2867 1519 membrum
2911 1454 3245 1541 putridum

397 1553 768 1643 praescindi
808 1553 1044 1624 debeat
1085 1562 1148 1618 et
1190 1550 1470 1635 excludi,
1494 1562 1578 1617 -et
1619 1552 1712 1617 .N.
1758 1552 1840 1618 de
1883 1553 2000 1636 .N.,
2051 1552 2264 1619 dictae
2312 1564 2577 1619 nostrae
2617 1554 3061 1619 universitatis
3094 1577 3242 1641 sup-

397 1656 708 1741 positum,
768 1675 980 1740 nuper
1019 1650 1102 1717 ob
1146 1674 1298 1717 suos
1341 1650 1732 1738 multiplices
1772 1672 2101 1737 excessus,
2145 1652 2566 1717 rebellionem
2609 1674 2688 1717 ac
2729 1652 3239 1719 inobedientiam
3264 1662 3328 1719 10

398 1752 480 1817 ad
525 1762 774 1817 certum
814 1760 1074 1839 tempus
1115 1748 1508 1836 relegatum,
1573 1750 1660 1815 ad
1709 1772 2021 1838 praesens
2069 1750 2387 1839 oppidum
2428 1752 2599 1816 infra
2643 1762 2902 1840 tempus
2947 1775 3103 1819 suae
3145 1776 3243 1818 re-

395 1851 739 1937 legationis
780 1851 996 1917 redire
1040 1851 1555 1937 praesumpserit
1609 1850 1830 1936 sicque
1873 1860 2103 1916 contra
2149 1860 2557 1938 praetactum
2598 1860 2910 1916 statutum
2952 1875 3120 1917 ausu
3158 1860 3247 1917 te·

399 1950 672 2015 merario
723 1950 938 2016 facere
993 1948 1170 2014 haud
1225 1948 1590 2030 erubuerit,
1645 1948 1923 2037 ideoque
1971 1950 2103 2015 iam
2167 1949 2413 2017 dictum
2454 1950 2553 2015 .N.
2596 1972 2637 2015 a
2682 1951 2981 2037 praefata
3021 1961 3247 2016 nostra

399 2049 816 2114 universitate
876 2059 1102 2115 tenore
1171 2049 1613 2136 praesentium
1682 2048 1942 2135 publice
2000 2047 2521 2134 praescindimus
2567 2058 2630 2115 et
2674 2059 3007 2137 tamquam
3050 2072 3245 2116 mem-

398 2148 582 2212 brum
633 2148 968 2235 putridum
1022 2147 1457 2231 excludimus,
1517 2146 1850 2212 exclusum
1906 2169 2167 2235 quoque
2226 2170 2344 2235 per
2404 2149 2777 2235 praesentia
2814 2148 3139 2215 universis
3182 2158 3247 2213 et
3270 2158 3329 2213 15

397 2246 696 2331 singulis,
749 2270 1062 2334 praesens
1111 2246 1389 2311 edictum
1439 2255 1734 2313 nostrum
1785 2246 2049 2328 visuris,
2100 2245 2366 2311 lecturis
2425 2246 2531 2311 vel
2582 2246 2919 2330 audituris,
2977 2247 3238 2336 publice

399 2343 892 2428 denunciamus,
945 2345 1331 2411 mandantes
1389 2344 1688 2411 omnibus
1747 2353 1816 2425 et
1868 2343 2139 2430 singulis
2179 2343 2585 2431 praelibatae
2626 2356 2889 2411 nostrae
2930 2346 3243 2412 universi-

399 2446 545 2509 tatis
589 2446 981 2532 suppositis,
1025 2444 1382 2511 districtius
1427 2442 1778 2511 inhibendo
1791 2493 1810 2527 ,
1871 2452 2190 2531 quatenus
2228 2443 2475 2509 nullum
2517 2446 2814 2532 ‚ipsorum
2858 2468 3005 2511 cum
3048 2466 3237 2533 prae-

401 2552 750 2609 memorato
819 2544 940 2609 .N.·
975 2543 1240 2609 iamiam
1307 2543 1572 2608 excluso
1641 2543 1710 2608 in
1767 2541 2023 2608 actibus
2080 2542 2484 2608 scholasticis
2527 2555 2661 2609 tam
2720 2543 3001 2631 publicis
3042 2566 3240 2631 quam

403 2643 668 2729 privatis.
729 2642 1212 2731 quomodolibet
1263 2630 1642 2707 conversari
1700 2651 1816 2707 aut
1869 2641 2142 2707 eundem
2196 2641 2483 2729 hospitio
2534 2644 2827 2731 recipere
2867 2642 2973 2709 vel
3014 2665 3242 2709 mensa
3260 2652 3329 2707 20

403 2742 612 2807 fovere
650 2752 1050 2829 praesumat.
1135 2741 1278 2809 Sub
1321 2764 1535 2828 poena
1573 2743 1772 2809 trium
1811 2740 2225 2824 florenorum,
2268 2742 2678 2809 universitati
2708 2740 3245 2809 irremissibiliter

403 2840 987 2927 persolvendorum.
1069 2842 1314 2907 Datum
1363 2849 1486 2907 etc.

559 3277 698 3334 Das
755 3277 1056 3354 F'olqende
1110 3277 1188 3335 ist
1245 3296 1360 3335 von
1403 3279 1512 3336 der
1553 3277 1749 3336 Hand
1788 3230 1892 3336 des
1928 3277 1982 3335 J
1987 3275 2089 3336 oh.
2130 3275 2429 3334 Reusck
2468 3275 2877 3352 qesclm’eben,
2930 3277 3043 3335 der
3086 3277 3242 3339 1524

409 3374 492 3433 im
529 3376 856 3435 Summer
897 3377 1120 3434 Rector
1165 3395 1316 3434 war.

416 3559 534 3621 109.
553 3550 671 3641 [Bl.
687 3551 832 3642 52¹³]
853 3570 1059 3621 com
1077 3571 1550 3637 mmmmm,
1577 3573 1620 3620 A
1641 3571 1736 3620 ιο.
1765 3569 2107 3620 aauscmo
2136 3569 2323 3618 runc
2348 3569 2673 3618 naerens
2703 3568 3238 3639 communen,
3258 3565 3323 3621 25

559 3669 812 3730 Qnmns
853 3671 925 3718 ι).
963 3671 1035 3718 n.
1077 3671 1346 3720 munus
1391 3669 1948 3735 scnworrnm,
1987 3669 2249 3718 nessus
2292 3669 2571 3719 anci-on
2616 3667 3074 3736 nnsmmrus,

1475 3768 1893 3818 Anvocssus
1941 3767 2092 3820 ΕΜ.
2123 3753 2145 3794 ²

563 3883 628 3949 S.
688 3883 836 3949 Non
875 3884 1344 3968 existimamus,
1397 3869 1756 3952 clarissime
1797 3883 1970 3949 dom.
2014 3883 2273 3968 doctor,
2334 3893 2621 3950 vestram
2666 3884 3108 3972 dignationem
3149 3887 3241 3954 la-

415 3991 565 4066 tere,
620 3985 689 4048 in
743 3982 848 4049 die
892 3983 960 4048 S.
1007 3981 1183 4050 Galli
1237 3983 1445 4049 tocius
1494 3983 1940 4048 universitatis
1984 3993 2249 4048 nostrae
2294 3984 2567 4048 comicia
2607 4007 2729 4072 pro
2772 4006 2943 4051 novo
2988 3996 3243 4055 rectore

417 4081 801 4168 surrogando
843 4083 1182 4164 nobiscum
1226 4082 1545 4148 celebrari
1587 4092 1814 4170 atque,
1871 4095 1944 4147 ut
1984 4105 2158 4147 nunc
2202 4092 2352 4148 sunt
2392 4091 2722 4170 tempora,
2764 4085 2910 4149 viro
2944 4086 3238 4173 impense
3256 4097 3325 4152 30

417 4179 586 4246 docto
639 4191 702 4246 et
753 4182 1008 4269 integro
1061 4183 1130 4246 in
1171 4181 1546 4248 academiae
1589 4189 1852 4248 nostrae
1893 4181 2316 4248 monarcham
2359 4203 2525 4268 opus
2570 4204 2743 4266 esse,
2799 4183 2910 4270 qui
2952 4205 3075 4272 pro
3121 4208 3236 4251 suo

418 4279 674 4346 candore
715 4289 781 4345 et
817 4279 1006 4367 vigili
1050 4303 1208 4346 cura
1248 4291 1510 4346 nostrae
1550 4279 1984 4372 labefactatae
2026 4303 2105 4346 ac
2146 4279 2347 4345 ferme
2375 4280 2813 4367 pessundatae
2834 4282 3236 4369 reipublicae

418 4401 770 4446 succurrere
810 4381 1038 4468 possit,
1084 4389 1148 4445 et
1187 4401 1330 4446 cum
1374 4381 1780 4468 praestantia
1814 4390 2036 4445 vestra
2076 4381 2300 4466 magni
2340 4381 2425 4444 sit
2467 4381 2571 4445 vir
2611 4381 2890 4445 nominis
2934 4403 3237 4468 magnae-

420 4500 526 4566 que
573 4479 967 4564 integritatis
1022 4489 1218 4566 atque
1275 4477 1359 4544 ab
1411 4481 1838 4544 universitate
1893 4489 2119 4545 nostra
2168 4479 2671 4567 haudquaquam
2715 4479 2957 4566 exigua
2998 4480 3237 4546 emolu-

419 4587 610 4643 menta
653 4573 822 4664 [53⁸]
864 4581 1210 4667 quotannis
1252 4579 1456 4662 ferat,
1501 4579 1810 4643 certiores
1856 4601 1973 4646 vos
2014 4579 2325 4662 facimus,
2380 4578 2555 4667 quod
2595 4585 2744 4665 post
2786 4579 2969 4643 fusas
3012 4577 3100 4643 ad
3142 4579 3231 4644 al·
3252 4590 3319 4646 35

417 4678 707 4743 tissimum
762 4699 994 4764 preces
1059 4677 1371 4744 electione
1437 4676 1756 4763 legittima
1811 4678 1881 4741 in
1935 4679 2466 4764 augustissimum
2537 4688 2801 4744 nostrae
2862 4677 3237 4744 academiae

419 4785 708 4843 rectorem
782 4798 902 4863 pro
966 4775 1227 4843 hiemali
1282 4777 1576 4842 semestri
1629 4775 1931 4842 absentes
1983 4785 2296 4863 tanquam
2355 4787 2732 4865 praesentes
2790 4779 3114 4864 surrogati
3176 4788 3239 4844 et

532 5031 553 5081 1
589 5024 848 5080 Dariiber
893 5041 984 5082 am
1017 5024 1190 5080 obern
1221 5025 1418 5080 Raude
1449 5041 1554 5080 von
1597 5019 2009 5080 Schwoffheims
2045 5022 2242 5078 Hand:
2289 5023 2531 5078 Istarum
2547 5023 2878 5096 ‘litterarum
2911 5037 3067 5082 tenor
3100 5042 3236 5082 nun-

423 5127 560 5182 quam
591 5109 666 5164 ad
701 5125 804 5177 me,
835 5109 1072 5164 Paulum
1110 5106 1450 5178 Suoffheym,
1487 5107 1744 5178 pervenit
1773 5121 1954 5178 neque
1987 5106 2289 5178 originales
2319 5123 2567 5179 unquam
2600 5107 2729 5164 vidi.
2796 5109 2933 5166 Ideo
2965 5127 3079 5166 non
3112 5127 3236 5182 pos-

422 5211 522 5252 sum
547 5210 644 5265 per
665 5192 884 5250 easdem
916 5209 1038 5249 esse
1069 5193 1388 5250 advocatus.
1425 5192 1550 5262 Ego
1573 5191 1782 5246 Paulus
1807 5189 2129 5262 Suoffheym
2160 5192 2253 5248 ssi.
2287 5191 2477 5264 Vergl.
2504 5191 2655 5248 Acta
2686 5192 2989 5250 Raetorum
3012 5200 3063 5263 6,
3098 5201 3129 5252 6
3154 5195 3232 5266 fg.
