4038 6358
1457 606 1560 661 Die
1598 606 1837 659 Statutcn
1873 622 1980 659 von
2026 609 2169 663 1565.
3126 606 3247 672 217

283 784 582 870 pienda
643 790 780 874 sit,
838 790 920 855 de
978 787 1276 857 omnibus
1335 788 1462 873 ille,
1521 813 1690 879 quae
1747 790 2106 857 acciderint
2164 791 2590 878 designatave
2643 789 2912 876 fuerint,
2967 790 3243 857 fideliter

285 894 360 950 et
436 900 818 957 ασθαι-ατο
872 891 961 956 ad
984 954 992 957 ,
1018 890 1460 978 praepositum
1519 890 1756 957 referet
1815 901 1880 958 et
1943 890 2030 957 ad
2096 893 2233 957 eius
2295 891 2685 957 sententiam
2742 891 3249 977 mandatumque

287 990 834 1057 executionem
876 990 1134 1079 negocii
1177 988 1381 1056 oblati
1423 990 1960 1057 accommodabit.
2044 990 2413 1078 Praepositi
2457 991 2631 1055 enim
2672 992 2773 1057 ius
2832 1001 3245 1078 potestatem-

289 1108 438 1173 que
493 1087 878 1176 integram
921 1100 986 1156 et
1026 1090 1150 1155 hac
1189 1092 1523 1156 curatione
1565 1090 2030 1157 indeminutam
2072 1112 2412 1156 remanere
2456 1100 2727 1177 oportet.

495 1186 596 1252 Si
675 1189 870 1255 huius
917 1190 1239 1254 curatoris
1294 1189 1695 1275 negligentia
1739 1188 2050 1256 damnum
2105 1190 2335 1256 fecerit
2389 1189 2749 1276 collegium,
2806 1188 3129 1257 tenebitur
3178 1188 3249 1256 id
3298 1198 3331 1251 5

295 1296 721 1371 praestare
779 1310 992 1354 novus
1053 1286 1340 1375 collega,
1409 1289 1582 1377 quod
1624 1291 1683 1355 ei
1727 1291 2135 1377 potissimum
2178 1291 2426 1355 curatio
2483 1288 2738 1375 collegii
2802 1299 2865 1355 et
2926 1290 3037 1377 qui
3099 1289 3249 1354 huic

297 1384 694 1451 functioni
736 1398 915 1453 recte
957 1386 1229 1475 praefici
1273 1390 1496 1473 possit,
1537 1388 1889 1455 incumbat.

510 1484 680 1566 Qui
723 1487 921 1553 istam
961 1487 1359 1552 curationem
1402 1488 1472 1551 in
1514 1510 1585 1552 se
1627 1489 1952 1575 suscipiet,
1995 1509 2141 1553 cum
2186 1509 2261 1552 eo
2310 1486 2389 1551 de
2438 1485 2565 1575 [17]
2613 1487 2911 1554 mercede
2960 1510 3079 1575 pro
3122 1496 3249 1551 stu-

313 1582 444 1647 dio
501 1607 830 1672 curaque
879 1596 943 1651 et
982 1584 1320 1651 laboribus
1365 1580 1635 1672 collega,
1693 1588 1812 1672 qui
1845 1587 2149 1674 proxime
2192 1586 2261 1651 in
2303 1586 2557 1672 collegii
2604 1587 2979 1653 societatem
3022 1609 3243 1673 recep-

313 1694 434 1748 tus
481 1683 668 1768 fuit,
711 1685 1066 1767 conveniet,
1111 1706 1313 1772 quam
1353 1685 1565 1750 eidem
1608 1686 1688 1752 de
1728 1708 1844 1751 suo
1889 1685 2238 1773 persolvet.
3270 1695 3331 1751 10

521 1840 834 1913 Hier-auf
863 1842 1030 1916 solqt
1086 1858 1202 1897 von
1258 1842 1368 1898 der
1419 1840 1616 1899 Haud
1675 1842 1777 1899 des
1838 1838 2184 1899 Zacharias
2242 1836 2516 1910 Schistzzr,
2573 1840 2683 1897 der
2740 1840 2897 1904 1586
2955 1839 3247 1915 Pra'posi-

329 1946 442 1995 tus
495 1957 692 1999 war:

525 2084 938 2171 Priusquam
978 2083 1248 2171 antiqua
1289 2088 1560 2151 statuta¹
1603 2086 1916 2151 innovata
1954 2094 2019 2150 et
2060 2092 2311 2149 mutata
2351 2084 2628 2167 fuerunt,
2672 2086 2766 2150 sic
2806 2085 3145 2171 legebatur

1076 2182 1216 2249 loco
1258 2183 1536 2251 duorum
1577 2194 2053 2272 postremorum
2096 2183 2561 2249 membrorum:

539 2299 684 2381 Qui
721 2300 914 2365 istam
960 2301 1359 2367 curationem
1403 2300 1532 2366 sibi
1570 2302 1728 2366 ferri
1772 2302 1961 2384 sinet,
2013 2302 2075 2365 ei
2132 2298 2573 2386 assignabitur
2616 2300 2959 2367 commoda
2997 2299 3245 2367 habita·
3269 2310 3332 2366 15

347 2400 452 2464 tio
463 2448 486 2481 ‚
563 2398 650 2464 de
705 2421 837 2485 qua
892 2401 1024 2465 iam
1083 2400 1412 2483 convenit,
1474 2401 1782 2465 nimirum
1839 2401 2057 2465 vicina
2112 2398 2365 2465 culinae
2420 2408 2484 2464 et
2539 2410 2874 2486 spectante
2924 2420 3143 2465 aream
3188 2409 3253 2466 et

349 2497 552 2564 unde
598 2508 981 2586 prospectus
1025 2507 1206 2584 patet
1247 2498 1332 2564 ad
1377 2508 1649 2585 portam.
1732 2498 1837 2565 Ob
1885 2499 2171 2566 studium
2215 2510 2433 2566 autem
2476 2519 2826 2584 curamque
2869 2506 2935 2562 et
2991 2497 3247 2563 labores

359 2598 598 2683 ipsius
641 2596 814 2661 ultra
854 2594 1278 2663 habitationis
1317 2598 1746 2682 commodum,
1808 2609 2078 2686 propter
2134 2602 2317 2665 cuius
2359 2622 2551 2664 usum
2592 2596 2752 2662 nihil
2796 2596 2880 2662 ab
2923 2598 3071 2683 ipso
3114 2598 3247 2662 exi-

361 2706 598 2780 gatur,
660 2696 742 2761 de
810 2695 1080 2781 singulis
1142 2695 1405 2762 florenis
1471 2696 1760 2763 collectis
1815 2720 1900 2762 ex
1966 2698 2389 2784 pensionibus
2438 2696 2715 2763 aliarum
2775 2695 3245 2763 habitationum

369 2792 720 2860 dabuntur
775 2796 836 2859 ei
896 2794 1136 2881 singuli
1191 2797 1405 2881 grossi
1489 2807 1555 2862 et
1623 2806 1967 2885 praeterea
2048 2796 2441 2883 stipendium
2492 2807 2870 2861 numeratae
2931 2797 3247 2882 pecuniae
3264 2806 3331 2861 20

372 2914 678 2959 annuum
734 2894 877 2959 flor.
937 2892 1087 2959 XX.
1175 2893 1362 2975 Quae
1422 2898 1700 2982 pecunia
1758 2895 2016 2985 aequali
2083 2896 2484 2983 collegarum
2540 2893 3015 2962 contributione
3072 2894 3247 2961 colli-

375 3002 592 3077 getur.

573 3144 700 3204 Von
741 3146 890 3206 necle
931 3166 1202 3222 neaerer,
1246 3148 1653 3210 unbekannter
1693 3149 1890 3210 Hand
1911 3150 2078 3226 sol-qt
2119 3151 2267 3209 noch
2306 3154 2430 3226 aus
2456 3148 2516 3210 S.
2555 3152 2662 3215 18:

1391 3312 1532 3360 von
1570 3313 1714 3362 mm
1757 3313 2249 3362 COLLEGIATEN

1247 3433 1332 3477 ex
1371 3434 1584 3477 novae
1626 3411 2109 3478 reformationis
2147 3412 2482 3499 rescripto.
2724 3425 2733 3436 “
3264 3420 3329 3476 25

557 3525 708 3591 wie
751 3525 872 3590 wol
921 3526 1033 3590 wir
1094 3525 1275 3591 nicht
1329 3528 1652 3612 gemeinet
1709 3531 1868 3611 sein,
1925 3539 2125 3593 etwas
2168 3526 2407 3593 wieder
2448 3549 2645 3592 vnser
2683 3526 3033 3592 vorfahren
3093 3529 3248 3593 stiff-

393 3635 552 3710 tung
593 3623 756 3690 vndt
797 3624 1262 3712 auffgerichten
1304 3634 1546 3691 statuta
1589 3627 2030 3711 anzuordnen,
2075 3625 2329 3693 dieweil
2369 3627 2491 3690 wir
2532 3624 2692 3690 aber
2735 3647 2853 3690 aus
2882 3625 2998 3691 der
3028 3627 3247 3712 einge-

391 3745 690 3790 nommen
727 3722 1186 3810 erki'mdigung
1213 3723 1622 3809 vermerken,
1666 3726 1785 3792 das
1813 3750 1942 3793 von
1986 3726 2113 3792 den
2154 3725 2537 3811 collegiaten
2581 3723 2782 3789 selbst
2822 3724 2948 3789 den
2989 3729 3248 3792 statutis

393 3823 569 3890 nicht
611 3821 831 3888 allzeit
869 3821 1293 3908 nachgelebet
1331 3824 1614 3908 worden,
1659 3847 1729 3891 so
1771 3823 2003 3892 wollen
2042 3828 2163 3891 wir
2213 3825 2410 3890 ihnen
2451 3823 2671 3888 hirmit
2710 3831 3049 3911 vntersagt
3086 3825 3250 3891 vndt

400 3921 736 4008 aufferlegt
775 3919 1008 3998 haben,
1050 3922 1170 3987 das
1214 3923 1310 3987 sie
1355 3921 1492 3988 sich
1535 3922 1666 4010 bey
1705 3923 2081 4012 erwehlung
2116 3924 2233 3990 der
2270 3944 2479 3989 neuen
2524 3922 2905 4008 collegiaten
2950 3921 3075 3989 den
3121 3933 3247 3990 sta-
3264 3935 3333 3990 30

397 4020 547 4086 tutis
591 4041 847 4106 gemess
891 4022 1210 4108 erzeigen,
1265 4021 1427 4087 vndt
1479 4031 1786 4108 vermoge
1831 4021 2172 4088 derselben
2213 4020 2431 4088 solche
2473 4021 2791 4089 beneficia
2833 4021 2960 4088 den
3001 4023 3247 4109 profes-

399 4141 545 4184 sorn
589 4117 746 4184 oder
789 4130 1051 4185 sonsten
1096 4118 1223 4185 den
1265 4118 1596 4206 durftigen
1637 4143 1757 4186 vor
1807 4122 2059 4188 andern
2101 4121 2491 4188 zukommen
2548 4121 2786 4204 lassen,
2842 4120 3082 4186 darmit
3122 4124 3245 4187 wir

399 4239 484 4282 nn
532 4217 854 4305 gegenfall
915 4242 998 4284 zu
1053 4227 1313 4284 ernsten
1354 4220 1659 4286 einsehen
1702 4221 1943 4286 wieder
1987 4222 2082 4286 sie
2132 4221 2289 4287 oder
2330 4221 2497 4287 auch
2537 4245 2620 4286 zu
2664 4219 2939 4286 anderer
2984 4220 3247 4287 verord-

400 4339 572 4404 nung
608 4317 788 4382 nicht
829 4316 1211 4383 verursacht
1245 4318 1506 4385 werden
1548 4341 1802 4406 mogen.

554 4471 836 4546 Hier-auf
883 4475 922 4535 9
978 4474 1134 4530 leere
1188 4472 1432 4530 Bla‘tter
1476 4467 1576 4547 (S.
1629 4472 1942 4552 19—36);
1997 4493 2119 4532 nur
2175 4479 2299 4550 aas
2343 4475 2453 4532 der
2505 4473 2820 4532 Riickseite
2880 4475 2982 4534 des
3034 4475 3244 4532 letzten
3262 4479 3329 4535 35

398 4570 541 4628 steht
583 4566 688 4646 (S.
733 4568 850 4648 36)
894 4572 1004 4628 der
1049 4570 1206 4630 Tite!
1227 4574 1353 4646 fllr
1400 4569 1495 4629 die
1535 4572 1735 4632 zweite
1777 4573 2163 4651 Abtkeilunq:

807 4715 1030 4780 Nova
1072 4724 1396 4783 statuta
1437 4715 2027 4804 inquilinorum
2071 4717 2418 4804 collegii
2460 4718 2833 4782 maioris.

555 4834 839 4911 Hier-aus
869 4834 932 4899 S.
973 4837 1081 4899 37:

549 5103 568 5152 ¹
611 5095 912 5150 Hierunter
945 5095 1019 5149 ist
1051 5094 1363 5168 unbedingt
1398 5093 1502 5150 das
1541 5094 1797 5168 original
1829 5112 1940 5152 von
1977 5101 2109 5152 1565
2146 5113 2216 5152 zu
2250 5095 2556 5164 vei-stehen,
2590 5094 2823 5151 welches
2860 5113 2965 5152 uns
2997 5096 3248 5153 verloren

399 5196 691 5252 gegangen
723 5179 812 5237 ist.
847 5179 974 5251 Vgl.
1009 5178 1282 5236 Urkundl.
1323 5178 1558 5244 Quellen
1599 5181 1651 5235 S.
1687 5183 1806 5236 747.
1862 5179 1972 5236 Die
2003 5181 2135 5235 dort
2165 5183 2479 5252 gessusserte
2515 5179 2921 5250 Vermuthung‚
2954 5195 3013 5234 es
3046 5183 3249 5252 mogen

400 5261 657 5320 statuten
691 5281 801 5356 aus
825 5263 936 5319 den
969 5262 1239 5335 vierziger
1271 5261 1482 5320 Jahren
1517 5264 1764 5336 gemeint
1798 5263 1934 5332 sein,
1972 5263 2170 5320 nehme
2200 5262 2295 5320 ich
2328 5264 2554 5320 zuriick.
