4038 6358
809 605 926 670 152
1864 608 2056 672 Einige
2092 606 2255 659 altere
2292 610 2613 660 Formulare.

1498 828 1556 889 3.
1603 841 1697 888 DE
1741 840 2042 889 SIGNETO
2089 840 2331 889 DANDO
2373 842 2508 888 VEL
2551 841 2906 889 NEGANDO.

966 954 1131 1019 Item
1188 962 1405 1021 rector
1459 954 1622 1021 nulli
1674 954 1868 1022 debet
1923 956 2085 1022 dare
2141 958 2463 1043 signetum
2520 958 2648 1022 nisi
2702 956 2928 1022 audita
2978 978 3178 1021 causa
3232 966 3297 1021 et
3347 955 3669 1044 qualitate

801 1076 1139 1142 personae,
1184 1062 1411 1119 contra
1452 1076 1645 1142 quam
1684 1065 1782 1120 est
1824 1055 2166 1142 agendum.
2224 1054 2420 1137 Quod
2460 1058 2516 1121 si
2558 1077 2759 1121 causa
2799 1065 2899 1121 est
2940 1056 3125 1139 levis,
3164 1064 3405 1120 extunc
3446 1067 3663 1123 rector

801 1176 885 1219 ex
927 1176 998 1218 se
1034 1154 1181 1240 ipso
1224 1162 1441 1241 potest
1482 1153 1638 1220 dare
1677 1156 2021 1240 signetum,
2076 1154 2192 1221 sed
2235 1156 2293 1220 si
2334 1178 2533 1221 causa
2588 1154 2784 1221 fuerit
2826 1154 3056 1238 ardua,
3111 1156 3511 1221 cessionaria
3547 1155 3661 1221 vel

717 1264 751 1319 5
799 1275 931 1320 non
984 1253 1400 1336 cessionaria,
1453 1262 1694 1320 extunc
1748 1263 1961 1320 rector
2006 1264 2262 1320 tenetur
2317 1277 2465 1321 cum
2518 1265 2794 1344 quatuor
2852 1254 3242 1321 consiliariis
3293 1253 3667 1321 senioribus

803 1361 1078 1441 quatuor
1128 1354 1471 1420 nacionum
1531 1352 1614 1419 de
1668 1353 1936 1420 consilio
1989 1355 2432 1420 universitatis
2502 1354 2729 1422 audire
2787 1376 3053 1421 causam
3120 1363 3189 1420 et
3241 1353 3663 1421 condiciones

804 1474 1040 1517 causae
1082 1462 1149 1518 et
1188 1452 1562 1538 qualitatem
1607 1475 1945 1540 personae,
1999 1464 2227 1520 contra
2268 1476 2467 1541 quam
2509 1464 2609 1520 est
2663 1453 3007 1540 agendum,
3069 1453 3151 1520 de
3196 1477 3473 1542 quorum
3518 1475 3663 1519 con·

807 1574 1000 1616 sensu
1040 1554 1254 1617 rector
1298 1552 1612 1617 concedat
1651 1551 1756 1617 vel
1798 1561 1992 1639 neget
2037 1554 2360 1639 signetum
2406 1577 2525 1643 pro
2571 1576 2770 1619 causa
2809 1552 3060 1619 eadem.

1622 1723 1680 1784 4.
1731 1737 1825 1783 DE
1867 1736 2275 1785 murmuro
2319 1736 2795 1785 PRAESTANDO.

729 1858 793 1914 10
971 1850 1131 1914 Item
1191 1849 1461 1937 quilibet
1517 1851 1740 1918 volens
1799 1851 2092 1918 obtinere
2152 1853 2475 1938 signetum
2534 1876 2653 1942 pro
2720 1873 2923 1916 causa
2985 1820 3368 1917 intentanda
3425 1853 3663 1917 virtute

810 1951 1276 2014 conservatorii
1329 1953 1499 2015 iuret
1550 1952 1810 2034 rectori,
1859 1951 2029 2016 velle
2083 1950 2314 2016 cedere
2372 1973 2611 2017 causae
2666 1961 2731 2019 et
2787 1950 2920 2033 liti,
2976 1948 3495 2039 quandocunque
3546 1974 3665 2038 per

809 2049 1294 2115 universitatem
1340 2048 1425 2114 ad
1468 2050 1934 2137 resignandum
1972 2051 2169 2116 fuerit
2208 2053 2579 2136 requisitus.

1479 2222 1539 2282 5.
1580 2234 1918 2294 Qum'ruu
1957 2234 2192 2281 nnnnr
2236 2234 2404 2282 nam
2446 2234 2541 2281 m:
2586 2232 2908 2282 smnmo,

971 2348 1136 2412 Item
1176 2348 1488 2434 magister
1528 2350 1736 2434 gratis
1774 2347 2015 2414 habeat
2058 2350 2399 2435 signetum,
2455 2345 2866 2415 baccalarius
2921 2349 3034 2415 det
3086 2370 3286 2415 unum
3343 2369 3659 2434 grossum,

732 2456 793 2512 15
813 2446 1089 2535 simplex
1132 2446 1399 2513 studens
1444 2457 1594 2513 actu
1634 2471 1943 2536 praesens
1990 2448 2100 2514 det
2139 2467 2188 2514 11
2226 2471 2511 2535 grossos,
2554 2448 2792 2515 absens
2831 2467 2907 2514 111
2950 2472 3047 2537 gr.
3089 2448 3294 2514 dabit.

1767 2618 1827 2680 6.
1891 2633 1986 2679 nn
2032 2633 2259 2681 PARTE
2301 2631 2663 2680 merolus.

972 2745 1137 2813 Item
1176 2754 1388 2811 rector
1430 2744 1672 2811 habeat
1712 2748 1978 2812 terciam
2035 2755 2289 2833 partem
2345 2746 2427 2812 de
2485 2747 2736 2832 signeto
2789 2756 3056 2834 propter
3114 2744 3435 2834 speciales
3489 2742 3665 2809 labo-

729 2899 740 2905 -
810 2868 936 2928 res,
980 2867 1139 2929 quos
1186 2845 1344 2910 facit
1386 2845 1563 2910 circa
1604 2870 1794 2912 usum
1835 2836 2326 2913 conservatorii.

1884 3019 1941 3079 7.
2001 3027 2242 3078 romu
2288 3028 2588 3078 slennrl.

729 3152 799 3210 20
984 3128 1118 3209 Nos
1149 3143 1264 3226 .N.,
1305 3152 1518 3211 rector
1540 3144 1750 3211 almae
1780 3145 2227 3211 universitatis
2258 3144 2456 3211 studii
2484 3144 2868 3232 Lypcensis,
2892 3144 3418 3230 recognoscimus
3446 3152 3665 3208 tenore

812 3244 1283 3332 praesenciam,
1328 3242 1586 3331 publice
1631 3246 2027 3332 profitentes,
2069 3243 2420 3309 discretum
2462 3244 2674 3308 virum
2723 3243 2839 3327 .N.‚
2883 3243 3190 3308 clericum
3212 3243 3306 3307 .N.
3350 3242 3664 3330 dyocesiS,

811 3345 880 3409 in
923 3343 1174 3409 artibus
1217 3342 1350 3427 (vel
1393 3344 1461 3407 in
1503 3344 1828 3431 theologia
1870 3345 2016 3426 etc.)
2075 3353 2226 3408 actu
2278 3339 2658 3425 studentem,
2713 3353 2976 3409 nostrae
3030 3343 3475 3408 universitatis
3527 3364 3666 3407 esse

814 3442 1175 3509 membrum
1214 3441 1379 3509 bene
1418 3444 1717 3508 meritum
1773 3451 1966 3529 atque
2019 3441 2308 3529 dignum,
2364 3447 2467 3508 cui
2508 3444 2575 3508 in
2620 3445 2851 3508 causa¹
2896 3442 3013 3507 tali
3064 3464 3165 3524 .n.,
3210 3452 3437 3507 contra
3479 3463 3666 3529 quen-

814 3541 964 3608 dam
1011 3543 1103 3607 .N.
1146 3543 1541 3628 armigerum
1597 3541 1722 3620 (vel
1767 3543 1976 3607 civem
2022 3547 2165 3620 etc.)
2224 3543 2374 3609 talis
2431 3542 2557 3608 loci
2602 3567 2703 3625 .n.,
2762 3542 3060 3629 dyocesis
3117 3563 3220 3622 .n.,
3271 3539 3667 3621 intentanda,

728 3649 797 3706 25
816 3663 1125 3729 praesens
1166 3644 1483 3729 signetum
1532 3641 1941 3707 decrevimus
1999 3643 2355 3728 assignare,
2412 3642 2498 3707 ad
2554 3641 2753 3707 aliam
2811 3640 2940 3718 (vel
2984 3638 3171 3717 alias)
3218 3662 3484 3704 causam
3539 3637 3667 3714 (vel

814 3746 1076 3819 causas)
1123 3743 1385 3806 minime
1427 3740 1795 3806 valiturum.
1859 3740 2107 3805 Datum
2164 3764 2332 3807 anno
2379 3741 2626 3806 domini
2665 3740 2771 3805 Μ0
2810 3750 2929 3806 etc.
2984 3738 3091 3804 die
3132 3738 3388 3804 decima
3429 3739 3667 3803 mensis

811 3840 1085 3930 Aprilis,
1129 3842 1335 3907 nostri
1379 3839 1576 3906 officii
1617 3839 1738 3906 sub
1784 3839 2051 3926 sigillo.²

980 4198 1060 4255 In
1097 4198 1235 4258 Joh.
1275 4199 1529 4275 Breqa's
1568 4196 1878 4272 Abschrtfl
1936 4199 2048 4256 der
2096 4196 2390 4255 Matrikel
2440 4195 2535 4270 (in
2570 4187 2689 4271 A'')
2745 4195 2823 4253 iet
2873 4195 3023 4253 noch
3080 4193 3177 4252 ein
3230 4190 3461 4251 zwet’tes
3517 4193 3670 4250 For·

810 4297 1011 4354 mular
1049 4296 1449 4376 kinzuqefliqt,
1493 4299 1734 4358 welches
1776 4299 1998 4356 lautet:
3078 4311 3114 4346 κ

2192 4462 2252 4524 8.

726 4597 797 4655 30
978 4588 1113 4655 Nos
1154 4589 1474 4656 Iohannes
1530 4591 1644 4673 .N.,
1709 4600 1925 4655 rector
1980 4590 2192 4656 almae
2244 4588 2692 4656 universitatis
2748 4586 2947 4652 studii
2988 4585 3393 4673 Lipczensis,
3450 4596 3673 4653 tenore

813 4689 1255 4777 praesentium
1306 4691 1861 4776 recognoscimus,
1917 4699 1990 4755 ut
2031 4689 2299 4755 discreti
2342 4689 2455 4770 .N.,
2511 4697 2775 4753 nostrae
2820 4687 3267 4751 universitatis
3313 4688 3669 4774 supposita,

813 4798 1003 4853 extra
1062 4786 1296 4853 bursas
1352 4810 1723 4854 communes
1777 4790 2239 4875 magistrorum
2294 4788 2537 4853 morari
2593 4789 2732 4852 sive
2788 4795 2965 4851 stare
3006 4785 3271 4851 valeant
3324 4809 3532 4873 usque
3590 4785 3673 4851 ad

955 5025 974 5074 1
1020 5020 1090 5074 In
1131 5018 1220 5076 A''
1255 5020 1433 5076 lautet
1465 5037 1525 5076 es
1559 5020 1771 5076 weiter:
1815 5037 1910 5075 eeu
1954 5020 2169 5088 caneth,
2212 5038 2377 5090 quam
2421 5019 2510 5073 vel
2555 5036 2695 5088 quae
2741 5034 2956 5072 movere
2988 5017 3224 5071 intendit
3257 5025 3455 5072 contra
3488 5025 3541 5071 et
3575 5020 3673 5072 ad·

811 5120 1001 5158 veo-eus
1032 5103 1108 5158 N.
1144 5104 1475 5174 'amiyenmo
1509 5101 1617 5173 (vel
1651 5106 1822 5160 civem
1859 5105 1979 5175 etc)
2014 5104 2147 5159 talis
2178 5103 2293 5158 lom·
2327 5103 2402 5156 N.
2440 5104 2679 5158 diocesis
2706 5119 2973 5173 prae-sene
3003 5102 3271 5170 eiymann
3303 5119 3358 5157 u.
3391 5120 3434 5157 s.
3470 5119 3537 5155 w.

950 5192 983 5242 2
1022 5187 1140 5241 Der
1174 5187 1401 5242 Schluss
1437 5188 1616 5243 lautet
1647 5189 1706 5242 in
1744 5187 1862 5242 A'‘:
1905 5189 2103 5243 men-⁹123
2135 5187 2297 5256 Μαιζὶ
2330 5193 2635 5242 rectoratus
2669 5188 2768 5241 sub
2799 5185 3006 5255 eiqilla
3064 5185 3149 5239 Im
3181 5185 3435 5241 Libellus
3470 5183 3671 5241 formu-

819 5269 954 5325 laris
988 5269 1118 5326 Nro.
1163 5275 1256 5326 100
1291 5267 1465 5326 findet
1498 5271 1618 5326 sich
1652 5271 1743 5327 ein
1780 5271 2013 5329 anderes
2046 5270 2357 5327 Formular.
2424 5269 2535 5325 Die
2577 5269 2869 5325 Abschrift
2911 5269 3091 5324 dieser
3140 5269 3362 5325 Artikel
3411 5269 3487 5323 im
3520 5267 3672 5324 awei-
