4038 6358
860 564 983 633 394
1842 573 1944 624 nie
1988 573 2430 638 philosophiae-hu
2468 574 2722 626 raom

940 753 1119 813 Nach
1154 755 1283 814 dem
1334 773 1448 814 von
1504 756 1621 816 mir
1662 758 1859 817 bisher
1900 759 2305 819 beobaehteten
2362 760 2705 835 Ver-fabren
2745 760 2892 819 habe
2932 760 3026 821 ich
3065 762 3154 822 sie
3195 763 3343 822 aber
3378 763 3526 823 nien
3559 782 3676 825 von

939 852 1048 910 der
1087 851 1267 913 Stella
1309 860 1622 929 entfernen
1678 860 1915 933 wellen,
1978 879 2069 918 wo
2122 860 2208 919 sie
2259 860 2841 937 niederqeeclarieben
2901 881 3108 920 waren
3123 906 3140 934 ,
3202 862 3423 922 obwohl
3464 863 3546 923 iel·
3579 867 3678 925 die

946 952 1285 1012 Uebersicht
1326 955 1662 1016 erleicktert
1703 959 1880 1032 Ιιὰϊιε,
1923 978 2094 1019 wenn
2135 959 2227 1020 ich
2270 959 2448 1021 ilmaen
2490 968 2615 1021 eret
2659 969 2838 1020 nater
2881 962 3000 1021 den
3021 961 3328 1021 luseum
3365 961 3490 1022 stre
3509 963 3676 1024 Stella

939 1052 1311 1129 anqewiesen
1353 1056 1535 1115 Ιιὰἳίε.

771 1275 804 1331 5
844 1264 968 1331 Vb.
1056 1267 1393 1335 Statuta
1433 1294 1673 1355 nova,
1715 1274 2232 1360 generaliter
2276 1299 2545 1343 omnes
2590 1278 3676 1369 magistrosconcernentia,

936 1387 1142 1454 quae
1187 1371 1443 1438 etiam
1483 1370 1659 1461 legi
1718 1372 2019 1440 debent
2071 1398 2215 1462 per
2255 1376 2648 1443 decanum
2687 1386 3055 1463 tempore
3095 1378 3598 1465 recepcionis

2068 1475 2494 1542 ordinarii.

1358 1630 1408 1689 1.
1448 1642 1719 1691 PRIMUM
1754 1643 1848 1691 DE
1890 1644 2515 1695 DISPUTACIOMBUS
2551 1642 3208 1693 EXTRAORDINARIIS.

1015 1755 1180 1820 Item
1200 1754 1462 1843 placuit,
1504 1757 1679 1843 quod
1705 1760 2000 1845 magistri
2025 1781 2145 1847 pro
2165 1760 2472 1826 facultate
2496 1758 2890 1847 complentes
2911 1760 3120 1846 primo
3143 1780 3313 1823 anno
3337 1759 3669 1845 magisterii

776 1862 840 1918 10
856 1855 955 1919 sui
997 1855 1208 1920 occies
1244 1855 1761 1922 exn-sordinarie
1798 1856 2146 1946 disputent,
2191 1862 2402 1947 primo
2440 1861 2848 1946 quaestiones
2881 1866 2944 1923 et
2964 1858 3374 1951 sophismata
3400 1880 3674 1944 praesen-

852 1961 1062 2019 tantes
1119 1953 1362 2021 decano
1377 2005 1396 2038 ,
1452 1965 1526 2021 ut
1586 1959 1681 2022 sic
1736 1981 1956 2025 eorum
2021 1958 2369 2046 diligencia
2437 1961 2818 2025 innotescat.
2901 1956 3094 2039 Quod
3157 1958 3215 2023 si
3292 1955 3674 2043 neglexerint

853 2055 1066 2139 primo
1109 2076 1297 2137 anno,
1341 2055 1610 2142 triplent
1652 2057 1799 2124 illas
1842 2059 2356 2148 disputaciones,
2400 2059 2565 2127 alias
2610 2059 2697 2125 ad
2735 2057 3080 2125 consilium
3120 2056 3452 2123 facultatis
3489 2056 3674 2124 nulla-

853 2162 1041 2219 tenus
1079 2152 1525 2223 admittantur.

1809 2280 1869 2343 2.
1936 2294 2028 2342 ΒΕ
2069 2293 2270 2343 nono
2315 2291 2739 2341 sueonum.

772 2410 832 2467 15
1008 2401 1281 2488 Placuit,
1325 2406 1499 2492 quod
1544 2406 1626 2473 de
1670 2416 1883 2475 cetero
1926 2411 2225 2497 magistri
2265 2417 2646 2475 exercentes
2689 2409 2757 2473 in
2799 2404 3062 2496 publico
3105 2404 3246 2471 loco
3276 2427 3397 2492 per
3437 2403 3674 2471 modum

850 2503 1168 2568 examinis
1213 2507 1387 2570 omni
1427 2506 1534 2572 die
1578 2506 1958 2596 disputabili
2000 2508 2342 2597 diligenter
2384 2530 2691 2574 exercere
2731 2504 2970 2572 debent
3003 2505 3147 2573 sine
3175 2502 3326 2571 dolo
3359 2513 3425 2569 et
3452 2503 3680 2586 fraude,

849 2600 1169 2688 legittima
1208 2627 1337 2670 non
1379 2605 1768 2693 impediente
1811 2630 2011 2674 causa
2027 2659 2044 2692 ,
2097 2619 2170 2674 ut
2220 2607 2594 2674 infirmitate
2637 2605 2740 2672 vel
2781 2605 2910 2671 loci
2951 2603 3284 2670 absencia.
3372 2602 3445 2669 Si
3485 2614 3679 2669 autem

846 2702 1041 2789 pauci
1103 2712 1318 2769 essent
1385 2705 1719 2773 audientes
1778 2730 1900 2773 nec
1964 2708 2148 2775 locus
2212 2708 2598 2775 conveniens
2616 2757 2635 2791 ,
2704 2714 2971 2786 extunc,
3035 2703 3313 2768 licencia
3371 2701 3587 2768 habita
3645 2725 3683 2767 a

849 2800 1096 2868 decano
1145 2811 1210 2867 et
1262 2803 1627 2872 senioribus
1642 2855 1660 2888 ,
1727 2804 2062 2895 disputent
2127 2809 2198 2873 in
2259 2807 2672 2873 habitacione
2731 2826 2853 2870 sua
2916 2805 3105 2868 iuxta
3160 2799 3450 2868 modum'
3500 2824 3683 2890 supra

769 2907 1250 2988 20expressum,
1291 2901 1412 2968 sub
1451 2924 1663 2992 poena
1702 2908 2100 2993 privacionis
2143 2916 2371 2995 pastus
2416 2917 2481 2972 et
2517 2903 2963 2994 suspensionis
3004 2899 3092 2968 ad
3135 2909 3382 2967 certum
3427 2910 3683 2990 tempus,

849 3022 969 3087 per
1012 2999 1326 3067 decanum
1383 3013 1448 3068 et
1505 3004 1879 3071 facultatem
1935 3006 2383 3095 exprimenda.
2463 3005 2552 3070 Et
2608 3002 2802 3073 debet
2855 3002 3142 3069 decanus
3195 3022 3431 3067 nomen
3473 3000 3679 3088 dispu-

847 3101 1044 3167 tantis
1105 3098 1462 3169 inscribere
1515 3105 1682 3171 sicut
1734 3106 2008 3193 legentis
2062 3115 2128 3171 et
2189 3107 2250 3170 ei
2303 3107 2480 3171 circa
2546 3105 2672 3169 hoc
2731 3103 3104 3190 iniungere,
3173 3099 3349 3189 quod
3410 3099 3529 3166 sub
3585 3123 3686 3166 suo

849 3201 1210 3268 iuramento
1246 3211 1311 3268 et
1349 3226 1561 3291 poena
1599 3228 1916 3291 expressa
1954 3215 2037 3290 et,
2083 3207 2138 3272 si
2177 3229 2339 3293 opus
2382 3207 2597 3288 fuerit,
2641 3201 3072 3292 exprimenda
3113 3199 3416 3290 disputet.
3509 3200 3688 3283 Quod

853 3301 908 3365 si
949 3295 1080 3366 non
1122 3301 1348 3368 fecerit
1361 3352 1379 3385 ,
1438 3326 1556 3391 per
1600 3304 1921 3372 decanum
1963 3317 2028 3372 et
2081 3314 2456 3372 executores
2503 3327 2651 3371 suos
2670 3354 2689 3387 ‚
2751 3303 3027 3370 eundem
3069 3300 3397 3367 inavisate
3435 3301 3688 3367 visitan-

766 3407 831 3465 25
854 3409 972 3483 tes,
1013 3399 1475 3467 denuncciatus
1517 3404 1702 3470 iuxta
1743 3405 2137 3492 condignum
2179 3406 2506 3492 puniatur,
2549 3404 2674 3469 hoc
2703 3425 2980 3484 annexu,
3025 3401 3199 3488 quod
3221 3424 3346 3489 pro
3377 3401 3687 3467 exercicio

847 3522 1201 3587 parvorum
1258 3499 1609 3588 loycalium
1660 3506 1957 3591 magistri
2009 3505 2215 3571 libere
2266 3502 2603 3591 disputare
2644 3511 2919 3589 possunt
2964 3502 3310 3589 septimum
3352 3510 3686 3566 tractatum

845 3598 1028 3665 Petri
1091 3599 1376 3689 Hispani
1448 3623 1594 3668 cum
1663 3614 1947 3671 tractatu
2023 3602 2304 3693 quodam
2374 3603 2978 3690 consequentiarum
3055 3609 3171 3668 aut
3235 3598 3534 3666 Maulfelt
3593 3598 3685 3665 vel

850 3696 1132 3765 alterius.

1857 3793 1914 3856 3.
1969 3805 2064 3853 ΒΕ
2109 3803 2311 3853 nono
2353 3802 2681 3864 Laesum.

765 3923 836 3982 ³0
1018 3916 1182 3981 Item
1222 3916 1500 4006 placuit,
1553 3917 1730 4008 quod
1770 3917 2058 4007 legentes
2100 3920 2287 3985 iuxta
2327 3918 2660 4007 antiquum
2702 3926 3033 3999 statutum,
3073 3914 3160 3981 de
3199 3913 3397 3982 modo
3440 3913 3687 4002 legendi

849 4014 1210 4081 confectum
1267 4019 1443 4083 omni
1501 4017 1607 4083 die
1659 4017 1907 4105 legibili
1957 4019 2211 4106 legant,
2269 4021 2363 4084 ita
2405 4018 2586 4107 quod
2623 4017 2870 4084 nullam
2912 4016 3270 4082 leccionem
3315 4017 3457 4080 sine
3497 4037 3683 4081 causa

850 4113 1222 4181 rationabili
1255 4117 1609 4205 negligant,
1652 4127 1725 4183 ut
1765 4120 1898 4183 iam
1939 4140 2141 4205 supra
2164 4118 2248 4183 de
2267 4115 2721 4183 exercentibus
2751 4137 3140 4204 expressum
3178 4123 3298 4198 est,
3341 4112 3463 4181 sub
3494 4135 3690 4201 poena

849 4216 1247 4301 privacionis
1294 4226 1522 4304 pastus
1565 4217 1857 4288 eiusdem
1892 4217 2217 4303 leccionis,
2267 4238 2457 4303 quem
2502 4215 2786 4283 decanus
2827 4236 2960 4280 una
2998 4236 3145 4280 cum
3186 4212 3600 4280 taxatoribus
3635 4223 3691 4279 et

849 4313 1305 4380 executoribus
1356 4316 1492 4381 suis
1554 4316 1732 4404 apud
1795 4340 1863 4382 se
1913 4318 2194 4383 retinere
2236 4315 2429 4384 debet
2480 4325 2546 4381 et
2585 4316 2811 4382 lectori
2846 4314 3204 4401 negligenti
3247 4314 3389 4378 sine
3434 4312 3686 4401 speciali

764 4423 832 4481 35
849 4436 1168 4480 consensu
1206 4414 1532 4481 facultatis
1572 4439 1703 4482 non
1744 4415 2165 4499 distribuere,
2237 4438 2406 4502 quae
2462 4424 2704 4482 extunc
2744 4413 2862 4480 tali
2900 4413 3126 4479 lectori
3143 4461 3162 4496 ,
3235 4414 3332 4479 sic
3385 4423 3460 4478 ut
3515 4436 3685 4501 prae·

849 4514 1125 4578 mittitur
1178 4511 1622 4599 denuncciato,
1677 4514 2052 4581 ulteriorem
2102 4537 2400 4603 poenam,
2459 4513 2766 4581 videlicet
2820 4514 3264 4601 suspensionis
3320 4512 3410 4579 ad
3453 4523 3683 4579 certum

846 4623 1120 4701 tempus,
1167 4613 1353 4679 iuxta
1388 4614 1828 4703 negligencias
1873 4637 2023 4681 suas
2063 4614 2262 4680 habet
2303 4614 2598 4701 infligere
2646 4623 2710 4680 et
2751 4616 3143 4703 exprimas.

1038 4869 1047 4876 „
1330 4871 1337 4876 ἶ
1816 4789 1874 4849 4.
1929 4800 2025 4848 ΒΕ
2069 4797 2269 4849 nono
2315 4797 2734 4848 assultuum.

1009 4912 1172 4977 Item
1214 4913 1492 5001 placuit,
1538 4914 1713 5002 quod
1759 4936 1981 4980 omnes
2025 4915 2508 5001 resumpciones
2553 4912 2846 5002 publice,
2903 4936 2945 4979 a
2986 4912 3480 5001 quibuscunque
3521 4909 3678 4995 fiant,

764 5020 834 5076 40
850 5010 1088 5077 debent
1124 5011 1267 5078 fieri
1318 5013 1399 5079 de
1443 5014 1716 5081 licencia
1756 5015 1985 5081 decani
2044 5024 2109 5080 et
2164 5015 2488 5080 seniorum
2541 5016 2646 5080 et¹
2705 5035 2825 5100 per
2881 5011 3144 5078 modum
3198 5013 3547 5096 examinis,
3604 5012 3680 5078 its

762 5261 801 5316 d
927 5177 1328 5318 :utziegzgdm
1347 5182 1417 5235 de
1453 5180 1689 5237 licencia
1721 5179 1806 5238 bis
1843 5188 1896 5238 et
1929 5179 2052 5236 sind
2087 5195 2175 5235 am
2208 5178 2406 5234 Raude
2443 5177 2880 5251 nachgctragen,
2913 5175 3074 5247 doch,
3112 5175 3213 5232 wie
3247 5192 3308 5232 es
3341 5174 3569 5245 subsint,
3589 5193 3675 5233 von

801 5278 864 5317 er
894 5278 926 5316 e
1283 5304 1296 5318 .
