4038 6358
912 606 1026 668 114
1669 594 1680 619 ‘
1827 602 1936 654 Des
1975 602 2245 654 Iohannes
2279 601 2436 655 Fabri
2470 602 2538 654 de
2571 604 2813 656 Werdea‘

900 786 1227 871 gationem
1290 792 1406 848 aut
1465 782 1658 848 aliam
1724 784 2113 870 condignam
2174 807 2481 872 poenam,
2553 788 2801 853 iustitia
2860 788 3218 872 mediante,
3290 788 3724 876 procedemus,

900 887 1184 972 ipsorum
1228 883 1577 949 rebellione
1613 891 1678 947 et
1717 885 2126 949 contumacia
2166 887 2432 953 minime
2468 886 2895 953 obstantibus.
2953 888 3197 954 Datum
3222 898 3586 954 rectoratus
3612 897 3723 954 etc.

1213 1071 1313 1136 58.
1376 1086 1762 1134 mnarum
1804 1086 1897 1133 nn
1939 1085 2086 1134 NON
2125 1086 2459 1135 nnmmno
2504 1088 2575 1135 m
2620 1087 2863 1136 minus
2909 1088 3047 1137 Pno
3091 1088 3408 1137 pecuum.

1064 1198 1188 1288 [Bl.
1224 1200 1370 1290 25⁸]
1425 1201 1697 1267 Mandat
1739 1201 2037 1268 omnibus
2081 1211 2228 1268 etc:
2294 1210 2609 1290 quatenus
2662 1203 2909 1268 nullum
2978 1205 3268 1290 ipsorum
3310 1204 3621 1292 deinceps
3662 1206 3725 1269 in

847 1302 1176 1386 5rubetis‚
1234 1303 1516 1389 campis,
1570 1303 1770 1384 areis,
1814 1302 2027 1387 agris,
2069 1303 2196 1368 viis
2235 1302 2518 1389 publicis
2559 1312 2674 1368 aut
2713 1302 3201 1391 quibuscunque
3239 1302 3400 1369 locis
3440 1314 3505 1369 et
3544 1326 3724 1392 prae·

901 1404 1088 1489 cipue
1148 1412 1296 1490 post
1355 1401 1583 1467 aedem
1625 1399 1763 1467 divi
1798 1398 2109 1467 Iohannis
2149 1424 2294 1467 cum
2339 1401 2742 1468 studentibus
2786 1403 2891 1468 vel
2933 1401 3119 1471 laicis
3161 1426 3281 1490 pro
3321 1405 3604 1489 pecunia
3639 1403 3724 1469 ln-

896 1502 1051 1567 dere
1105 1511 1509 1589 praesumat,
1559 1523 1683 1566 nec
1741 1502 1937 1567 etiam
1991 1503 2365 1566 meretrices
2419 1500 2506 1568 ad
2545 1501 2721 1569 dicta
2760 1502 2904 1567 loca
2944 1525 3161 1569 secum
3204 1503 3398 1568 ducat
3438 1502 3548 1567 vel
3590 1525 3724 1568 cum

894 1601 1143 1669 eisdem
1201 1601 1351 1666 illac
1403 1599 1605 1667 vadat
1660 1610 1772 1669 aut
1824 1601 1987 1688 ipsis
2040 1600 2450 1688 impudenter
2490 1623 2632 1669 sese
2670 1600 2915 1667 ibidem
2958 1605 3256 1668 associet.
3338 1598 3477 1669 Sub
3525 1624 3727 1689 poena

893 1703 1085 1767 unius
1129 1700 1358 1769 floreni
1398 1710 1518 1767 etc.

813 1879 878 1934 10
993 1872 1093 1934 59.
1154 1884 1393 1938 ronna
1434 1883 2015 1934 nscoenoscnnm
2053 1883 2365 1944 ALIQUEM
2401 1883 2668 1933 mamm
2708 1884 3158 1937 Aurnn‘rlctm
3195 1887 3292 1934 Ex
3326 1886 3636 1936 Ancmvo

2113 1984 2507 2031 nucarum.

1057 2103 1193 2168 Nos
1251 2101 1343 2165 .N.
1401 2110 1616 2165 rector
1679 2109 1902 2165 tenore
1968 2101 2411 2187 praesentium
2461 2098 2723 2187 publice
2771 2102 3294 2188 recognoscimus
3350 2103 3723 2191 profitentes

891 2212 1295 2291 praesentem
1350 2199 1623 2281 librum,
1682 2223 1759 2265 .n.
1811 2200 2236 2265 communiter
2289 2208 2760 2285 nuncupatum,
2820 2223 2962 2266 esse
3017 2210 3079 2265 et
3138 2201 3337 2266 fuisse
3375 2225 3611 2267 verum
3666 2212 3724 2266 et

891 2300 1272 2389 originalem
1328 2299 1564 2365 librum
1623 2307 2011 2364 statutorum
2070 2299 2205 2378 (vel
2263 2298 2713 2365 conclusorum
2774 2310 2837 2365 et
2897 2306 3220 2378 actorum)
3287 2302 3724 2367 universitatis

810 2411 870 2467 15
889 2400 1283 2489 praedictae,
1324 2422 1410 2465 ex
1450 2398 1717 2464 archivo
1761 2420 2014 2486 quoque
2055 2398 2402 2463 iamdictae
2451 2400 2893 2465 universitatis
2948 2409 3296 2487 receptum,
3352 2403 3420 2465 in
3478 2400 3722 2465 eodem-

889 2524 1014 2589 que
1056 2501 1284 2588 reponi
1327 2498 1603 2583 solitum,
1649 2498 1733 2564 ab
1767 2500 1949 2563 initio
1985 2497 2262 2586 denique
2296 2499 2396 2563 sui
2419 2507 2481 2562 et
2505 2520 2762 2586 semper
2785 2500 2986 2564 fuisse
3016 2521 3095 2563 ac
3116 2499 3306 2564 hodie
3337 2522 3484 2565 esse
3513 2508 3722 2565 auten·

887 2604 1121 2685 ticum,
1179 2600 1514 2689 eidemque
1572 2620 1828 2686 semper
1881 2597 2243 2685 plenariam
2281 2597 2479 2663 fidem
2519 2597 2880 2663 adhibitam
2920 2600 3120 2664 fuisse
3163 2621 3243 2664 ac
3285 2601 3351 2663 in
3394 2602 3720 2686 praesenti

886 2701 1146 2789 plenam
1188 2702 1247 2765 ei
1290 2699 1586 2765 adhiberi
1625 2698 1835 2763 fidem.
1915 2697 1992 2762 In
2054 2700 2233 2764 cuius
2274 2698 2370 2762 rei
2414 2697 2679 2763 evidens
2720 2699 3156 2764 testimonium
3198 2701 3402 2764 nostri
3437 2709 3718 2765 rectora·

886 2812 988 2867 tus
1034 2800 1316 2889 sigillum
1359 2800 1688 2887 praesenti
1727 2807 1989 2864 nostrae
2032 2797 2458 2884 recognitioni
2498 2797 3082 2887 subimpressimuS.
3139 2798 3384 2864 Datum
3409 2821 3583 2865 anno
3613 2810 3719 2865 etc.

801 2978 869 3033 20
1285 2973 1385 3034 60.
1446 2983 1606 3031 AmA
1649 2982 1885 3031 roam
1925 2980 2511 3030 nncoenoscnnm
2551 2984 2815 3032 nmium
2855 2981 3322 3032 aurnmtcnu„

1050 3096 1174 3189 [Bl.
1213 3105 1291 3166 25
1303 3096 1358 3188 ξ]
1428 3099 1562 3164 Νο8
1606 3098 1702 3162 .N.
1760 3098 1998 3162 artium
2055 3099 2393 3186 magister,
2447 3096 2775 3163 facultatis
2826 3098 3174 3164 earundem
3236 3099 3475 3164 artium
3536 3097 3716 3164 deca-

880 3224 1002 3266 nus
1017 3250 1035 3284 ,
1094 3202 1416 3290 ceterique
1470 3199 1768 3285 magistri
1807 3200 1874 3264 in
1915 3197 2096 3265 dicta
2134 3196 2442 3263 facultate
2485 3208 2636 3266 actu
2676 3209 2972 3285 regentes
3014 3210 3238 3266 tenore
3279 3202 3714 3287 praesentium

883 3299 1141 3387 publice
1186 3299 1707 3385 recognoscimus
1750 3295 2124 3385 profitentes
2139 3346 2158 3380 ‚
2215 3308 2622 3384 praesentem
2666 3297 2936 3382 librum,
2995 3301 3420 3365 communiter
3479 3299 3714 3365 librum

883 3398 1326 3466 conclusorum
1369 3407 1432 3464 et
1473 3406 1761 3463 actorum
1801 3396 2126 3462 facultatis
2170 3397 2403 3462 artium
2447 3397 2872 3484 appellatum,
2938 3421 3023 3464 ex
3065 3398 3332 3464 archivo
3373 3398 3716 3464 iamdictae

799 3509 864 3565 25
883 3497 1213 3565 facultatis
1267 3507 1599 3584 receptum
1638 3500 1706 3561 in
1753 3496 2107 3584 eodemque
2152 3518 2406 3582 semper
2445 3499 2675 3584 reponi
2715 3497 2999 3583 solitum,
3061 3497 3146 3563 ab
3200 3499 3382 3564 initio
3439 3498 3714 3583 denique

883 3601 981 3665 sui
1024 3608 1088 3665 et
1129 3620 1384 3686 semper
1425 3598 1626 3662 fuisse
1669 3599 2081 3672 autenticum,
2124 3596 2328 3660 donec
2371 3617 2488 3682 per
2528 3595 2865 3661 Nicolaum
2889 3596 3218 3663 Schreiter
3263 3597 3344 3668 de
3370 3595 3712 3683 Koburgk,

881 3707 1198 3765 assertum
1236 3699 1651 3784 magistrum,
1694 3698 1762 3760 in
1803 3695 2021 3760 multis
2062 3694 2221 3760 locis
2262 3716 2384 3781 per
2424 3695 2824 3782 quorundam
2865 3705 3039 3761 recte
3081 3704 3145 3761 et
3181 3719 3336 3762 vere
3371 3699 3713 3784 inscripto-

880 3822 1023 3865 rum
1078 3797 1462 3863 deletionem
1517 3804 1580 3860 et
1633 3793 2164 3860 cancellationem
2180 3843 2198 3877 ,
2257 3794 2450 3858 unius
2500 3792 2639 3860 folii
2679 3796 3072 3861 excisionem
3116 3805 3180 3860 et
3220 3794 3499 3862 duorum
3544 3795 3714 3862 folio—

880 3922 1025 3963 rum
1067 3896 1747 3963 conbituminationem
1789 3895 2056 3958 vitiatus
2101 3917 2178 3958 ac
2219 3893 2601 3959 falsificatus
2645 3895 2889 3979 extitit,
2943 3905 3137 3982 prout
3186 3895 3360 3961 idem
3405 3896 3708 3962 Nicolaus

798 3995 1206 4082 30Koburgk
1257 4017 1479 4061 coram
1541 3994 1836 4060 omnibus
1893 4003 1956 4059 et
1996 3993 2270 4080 singulis
2308 3994 2674 4079 magistris,
2731 3995 2800 4059 in
2847 3995 3113 4062 consilio
3162 3995 3584 4084 supradictae
3624 3996 3711 4060 fa·

882 4096 1138 4161 cultatis
1179 4095 1612 4160 consiliariter
1655 4094 2089 4180 congregatis,
2131 4093 2462 4158 confessus
2505 4093 2646 4177 fuit,
2690 4097 3018 4182 praesenti
3064 4097 3330 4183 insuper
3368 4095 3538 4163 libro
3570 4105 3709 4161 ante

882 4193 1246 4262 huiusmodi
1305 4195 1406 4258 sui
1459 4192 1973 4259 falsificationem
2029 4192 2223 4259 fidem
2276 4191 2637 4280 plenariam
2698 4193 3058 4260 adhibitam
3111 4194 3327 4262 fuisse.
3408 4196 3486 4260 In
3533 4197 3707 4260 cuius

879 4298 976 4361 rei
1034 4293 1230 4359 fidem
1292 4317 1371 4360 ac
1441 4292 1705 4358 evidens
1779 4293 2219 4357 testimonium
2272 4291 2551 4379 sigillum
2606 4292 3016 4381 saepedictae
3067 4294 3394 4361 facultatis
3449 4305 3706 4360 nostrae

877 4395 1205 4483 praesenti
1244 4394 1670 4480 recognitioni
1712 4391 2299 4479 subimpressimus.
2383 4391 2630 4457 Datum
2672 4414 2843 4459 anno
2883 4394 3130 4460 domini
3174 4394 3517 4460 millesimo
3558 4405 3670 4459 etc.

793 4573 860 4630 35
1080 4568 1180 4631 61.
1243 4576 1602 4627 HORTATIO
1646 4575 1902 4625 Ducam
1945 4575 2082 4624 PRO
2125 4574 2448 4625 HONESTO
2491 4575 2693 4625 MODO
2740 4577 3042 4628 smmum
3080 4579 3155 4627 IN
3194 4578 3504 4628 PRANDIO

2066 4674 2539 4724 ARISTOTELIS.

1044 4795 1217 4876 Quia
1260 4793 1564 4860 discretio
1608 4799 1815 4855 mater
1858 4791 2143 4855 omnium
2182 4791 2495 4856 virtutum
2534 4792 2901 4881 artiumque
2942 4816 3086 4859 esse
3126 4792 3532 4882 perhibetur,
3595 4794 3696 4860 bo·

875 4917 1123 4982 naeque
1174 4892 1621 4981 dispositionis
1672 4891 1943 4955 comitas
2009 4901 2076 4954 et
2116 4888 2300 4973 ord0,
2367 4889 2637 4957 docente
2702 4893 3122 4979 experientia,
3180 4895 3349 4981 quos
3368 4891 3471 4981 [26
3487 4891 3540 4982 ⁸]
3554 4893 3703 4959 libet

878 5003 1061 5059 actus
1117 4993 1386 5060 decoro-s
1440 4989 1659 5056 reddit
1716 4999 1781 5054 et
1833 4989 2259 5055 honorificos:
2309 4989 2393 5056 ob
2450 4990 2573 5056 hoc
2623 4990 2906 5057 decanus
2962 4993 3291 5059 facultatis
3348 4996 3582 5059 artium
3620 5015 3697 5057 ex

795 5102 862 5158 40
884 5092 1140 5158 decreto
1193 5091 1445 5157 consilii
1501 5091 1959 5175 magistrorum
2010 5087 2357 5154 iamdictae
2412 5089 2742 5157 facultatis
2783 5091 3079 5157 hortatur
3125 5116 3346 5159 omnes
3388 5106 3452 5159 et
3482 5096 3697 5184 ‘singu-

876 5191 972 5257 los
1014 5193 1360 5278 magistros
1404 5200 1779 5275 ceterosque
1823 5190 2163 5273 convivas,
2215 5189 2301 5254 ad
2353 5190 2697 5276 prandium
2738 5190 3108 5259 Aristotelis
3155 5216 3361 5281 nuper
3403 5196 3696 5259 invitatos

878 5302 941 5356 et
996 5292 1279 5356 crastina
1334 5289 1465 5368 (vel
1505 5287 1845 5364 hodierna)
1888 5288 2032 5354 luce
2074 5288 2161 5355 ad
2200 5288 2374 5355 idem
2416 5290 2812 5357 convivandi
2856 5312 3054 5357 causa
3091 5303 3433 5375 venturos,
3485 5301 3693 5379 quate·
