4038 6358
1561 614 1684 651 vom
1720 600 1884 651 Jahn-0
1922 599 2069 652 155⁷.
3113 603 3223 666 171

642 785 732 851 M.
770 783 1050 851 Iacobus
1085 782 1335 869 Berger
1395 831 2709 849 ..............
2793 789 2834 851 6
2942 797 3004 869 9ς

643 887 732 951 Μ.
773 884 1078 952 Baltasar
1121 881 1353 949 Gutler
1391 880 1719 969 Lemberg
1721 930 2711 949 ...........
2796 891 2836 951 4
2956 910 2982 939 1

643 986 734 1050 M.
775 983 1067 1050 Adamus
1110 981 1427 1069 Schilling
1462 981 1759 1049 Hoenelb
1765 1033 2711 1052 ...........
2792 991 2830 1052 3
2846 983 2907 1067 ¹l2
2958 1010 2984 1038 ε

643 1085 765 1175 [Bl.
809 1081 913 1173 6¹³]
954 1083 1047 1149 M.
1087 1079 1402 1149 Erasmus
1438 1081 1731 1149 Kirstein
1770 1081 2104 1149 Vratislav
2107 1133 2705 1150 .......
2790 1088 2829 1150 6
2953 1108 2980 1137 1

646 1186 733 1251 Μ.
775 1184 1213 1270 Hieronymus
1256 1180 1554 1249 Gunther
1597 1182 1920 1249 Camitian
1925 1231 2701 1250 .........
2791 1187 2832 1251 6
2953 1211 2978 1238 2
3282 1190 3317 1246 5

565 1319 672 1385 Ab
719 1316 1098 1385 absentibus
1139 1317 1471 1403 magistris
1515 1315 1743 1382 similis
1786 1316 1977 1382 debet
2018 1317 2196 1405 exigi
2235 1316 2676 1383 beneficentia.

558 1419 662 1485 Ita
702 1420 835 1484 iam
879 1442 962 1484 ex
1008 1415 1293 1483 collectis
1336 1425 1400 1481 et
1443 1415 2030 1483 contributionibus
2093 1418 2556 1505 suprascriptis
2613 1415 2931 1482 confluxit
2985 1439 3238 1486 summa

369 1520 770 1609 quindecim
813 1518 1209 1600 florinorum,
1250 1538 1486 1582 novem
1526 1539 1900 1602 grossorum
1939 1527 2003 1582 et
2045 1539 2161 1583 sex
2206 1517 2633 1583 denariorum.

562 1619 752 1701 Quae
806 1627 879 1683 ut
930 1625 1180 1683 crescat
1235 1637 1313 1681 ac
1366 1614 1669 1700 ditescat,
1722 1615 1969 1704 placuit
2017 1618 2266 1683 nationi
2313 1618 2382 1682 in
2434 1617 2719 1684 futurum
2771 1615 2944 1682 hunc
2993 1637 3239 1681 morem

372 1719 672 1807 singulis
715 1719 902 1784 annis
946 1714 1423 1783 observandum
1464 1724 1528 1782 et
1569 1715 1652 1781 ab
1695 1715 1821 1783 hoc
1874 1718 2093 1782 statim
2135 1716 2240 1783 die
2284 1716 2624 1783 exordium
2665 1716 3032 1783 faciendum
3078 1737 3238 1797 esse,
3262 1724 3324 1780 10

374 1819 572 1909 quod
618 1816 854 1885 debeat
895 1814 1171 1905 quilibet
1212 1814 1632 1881 studiosus
1674 1817 1884 1903 primo
1928 1838 2097 1882 anno
2141 1817 2460 1884 adventus
2503 1818 2623 1900 sui,
2665 1816 2878 1904 prima
2915 1839 3069 1882 mox
3109 1839 3241 1882 mo-

373 1920 642 1986 nitione
682 1918 876 2001 facta,
920 1916 1085 1982 duos
1129 1937 1392 2002 grossos
1432 1937 1793 1999 numerare,
1850 1915 2130 1982 dominis
2172 1940 2327 1982 vero
2369 1913 2695 1984 nobilibus
2739 1939 2817 1981 ac
2862 1905 3241 2004 praediviti-

376 2020 520 2086 bus
561 2018 794 2085 modus
834 2040 965 2083 non
1010 2017 1096 2082 sit
1135 2023 1430 2098 statutus,
1484 2014 1599 2080 sed
1634 2037 1888 2103 semper
1930 2014 2188 2082 illorum
2223 2013 2626 2099 liberalitati,
2668 2025 2741 2081 ut
2781 2025 3243 2102 quantumcun-

380 2142 523 2206 que
565 2117 768 2184 velint
810 2117 981 2200 dent,
1026 2113 1512 2204 relinquendum
1556 2123 1675 2181 est.

571 2214 698 2306 [131.
737 2224 775 2284 7
788 2214 841 2305 ⁸]
883 2212 1418 2281 Promovendi
1460 2223 1691 2306 postea
1737 2214 1992 2282 solvant
2101 2293 2107 2298 ‚
3267 2223 3328 2280 15

650 2329 1266 2399 Baccalaureandi
1246 2353 1316 2396 ω
1358 2331 1611 2399 artibus
1652 2331 1891 2420 singuli
1996 2382 2712 2400 ........
2841 2341 2880 2402 4
2949 2349 3010 2419 9<

648 2436 717 2499 in
760 2435 989 2499 ceteris
1032 2429 1449 2497 facultatibus
1493 2482 2716 2499 .............
2844 2436 2882 2500 6
2965 2461 2989 2488 a

649 2531 1085 2620 Magistrandi
1134 2529 1358 2596 itidem
1401 2580 2719 2598 ..............
2846 2537 2885 2599 6
2969 2559 2993 2585 2

650 2630 1059 2699 Licentiandi
1092 2680 2718 2699 .................
2844 2636 2882 2699 8
2966 2659 2991 2686 z

647 2729 1056 2801 Doctorandi
1102 2779 2723 2797 .................
2812 2736 2887 2797 12
2972 2759 2996 2786 ε
3261 2740 3330 2797 20

567 2866 824 2949 Quibus
871 2865 1134 2931 fortuna
1178 2862 1405 2945 offitia,
1445 2861 1875 2930 emolumenta
1915 2872 1982 2931 et
2021 2887 2292 2932 munera
2329 2863 2595 2953 publica
2635 2863 2973 2946 adiecerit,
3028 2886 3241 2930 nume-

396 2977 548 3035 rent
588 2965 827 3053 singuli
872 2962 1069 3030 semel
1112 2970 1179 3028 et
1212 2963 1471 3028 statim:

655 3083 1004 3151 Curatores
1047 3078 1465 3165 collegiorum
1507 3078 1766 3145 Paulini
1807 3090 1870 3146 et
1907 3084 2061 3148 novi
2107 3131 2719 3147 .......
2845 3085 2886 3147 2
2954 3095 3017 3167 9(

653 3182 1005 3252 Oeconomi
1044 3177 1343 3245 Paulini
1400 3228 2620 3247 .............
2639 3210 2650 3223 ·
2707 3233 2720 3247 .
2848 3189 2887 3251 6
2972 3210 2996 3238 ³

652 3284 1002 3351 Curatores
1042 3277 1345 3344 villarum
1401 3328 2724 3348 ..............
2851 3289 2890 3351 6
2973 3309 2998 3338 2
3263 3289 3330 3346 25

658 3381 1000 3467 Collegiati
1038 3378 1305 3446 maioris
1349 3376 1604 3465 collegii
1704 3430 2725 3448 ...........
2849 3389 2890 3451 6
2972 3409 2997 3438 2

1043 3477 1360 3566 principis
1404 3529 2723 3546 ..............
2847 3487 2887 3547 4
2971 3508 2999 3536 s

1048 3577 1282 3644 beatae
1318 3577 1596 3664 virginis
1705 3628 2722 3647 ...........
2849 3587 2889 3649 3
2972 3608 2998 3637 2

652 3682 1063 3748 Professores
1100 3678 1171 3742 in
1210 3676 1462 3743 artibus
1505 3727 2727 3747 .............
2851 3687 2892 3749 6
2975 3707 3001 3735 ⁶

654 3785 723 3846 in
763 3779 993 3845 ceteris
1035 3775 1453 3842 facultatibus
1503 3827 2726 3847 .............
2816 3785 2893 3846 12
2975 3808 2999 3835 2
3263 3787 3334 3844 30

658 3877 781 3968 [Bl.
823 3875 926 3964 712]
972 3875 1313 3945 Ordinarii
1349 3875 1665 3943 iuridicae
1706 3878 2034 3946 facultatis
2107 3930 2724 3947 .......
2808 3885 2890 3946 24
2975 3906 3001 3935 1

654 3978 910 4045 Decani
949 3975 1312 4042 medicinae
1397 4026 2718 4045 ..............
2804 3984 2885 4046 24
2969 4007 2994 4034 2

654 4077 873 4145 Iuditii
915 4077 1136 4142 curiae
1174 4098 1537 4143 assessores
1600 4126 2723 4144 ............
2813 4084 2888 4147 18
2975 4108 2999 4133 2

655 4177 862 4244 Iudex
901 4175 1115 4242 iuditii
1155 4174 1377 4243 curiae
1396 4226 2723 4244 ..............
2808 4183 2890 4246 24
2975 4203 3001 4232 1

654 4279 1118 4344 Procuratores
1157 4275 1446 4342 eiusdem
1505 4327 2730 4345 .............
2818 4282 2894 4345 18
2978 4305 3003 4332 ⁵
3265 4284 3332 4340 35

660 4374 1158 4446 Consistoriales
1202 4425 2727 4443 ................
2820 4380 2894 4443 18
2978 4403 3003 4430 ⁵

660 4477 914 4544 Notarii
955 4476 1399 4541 universitatis

959 4575 1177 4641 curiae
1234 4574 1445 4641 iuditii
1556 4574 1795 4662 singuli
1910 4626 2726 4643 .........
2817 4582 2891 4642 12
2975 4604 2999 4630 ⁵

962 4675 1244 4741 civitatis

661 4773 1277 4863 Superattendentes
1319 4786 1383 4842 et
1420 4786 1717 4864 pastores
1759 4775 2197 4860 ecclesiarum,
2242 4775 2480 4863 singuli
2515 4827 2529 4841 .
2616 4826 2629 4840 .
2713 4826 2728 4840 .
2819 4781 2894 4843 12
2977 4803 3002 4830 ε
3268 4785 3334 4839 40

660 4877 946 4942 Ministri
986 4874 1403 4940 ecclesiarum
1508 4925 2728 4942 .............
2851 4879 2891 4940 6
2974 4904 3000 4931 s

662 4975 1007 5041 Senatores
1051 4975 1333 5040 civitatis
1406 5024 1823 5040 .....
1903 5014 1923 5039 ·.
2005 5016 2024 5039 ι.
2091 5010 2096 5017 ·
2109 5023 2728 5040 .......
2817 4980 2893 5041 12
2975 5001 3002 5030 1

658 5073 867 5141 Iudex
908 5075 1192 5140 civitatis
1309 5123 2729 5140 ...............
2820 5079 2895 5142 18
2977 5101 3004 5130 ⁵

664 5173 976 5242 Consules
1018 5174 1302 5240 civitatis
1408 5222 2728 5241 ..............
2812 5178 2894 5241 24
2976 5201 3003 5229 2

664 5273 978 5342 Canonici
1017 5272 1381 5340 Misnenses
1417 5321 2735 5342 ..............
2821 5278 2901 5341 24
2982 5299 3008 5326 ⁵
3267 5279 3335 5336 45
