4038 6358
1424 651 1526 702 Die
1558 650 1762 703 statuta
1798 648 2050 715 legibilia.
3046 656 3162 720 351

502 836 809 897 Hier-nach
852 836 1089 915 beqinnt
1123 837 1344 897 wieder
1388 838 1483 898 die
1526 845 1680 897 erate
1721 838 1942 896 Hand.-

336 1000 454 1089 [Bl.
492 995 629 1086 35⁸]
674 998 1189 1086 Subscripta
1232 998 1591 1085 legenda
1633 1009 1817 1063 sunt
1856 998 2254 1064 admissis
2298 998 2397 1063 ad
2441 997 2794 1085 aliquem
2837 1000 3169 1087 gradum

835 1100 918 1164 in
964 1099 1301 1165 artibus
1342 1122 1523 1164 mox
1563 1109 1744 1185 post
1784 1121 2060 1165 eorum
2099 1097 2721 1163 admissionem.

639 1271 732 1330 Ῑ4.
778 1283 1125 1344 SEQUITUR
1163 1282 1622 1331 IURAMENTUM
1663 1281 1756 1328 DE
1803 1282 2228 1330 OBEDIENTIA
2266 1283 2358 1329 ET
2402 1279 2856 1328 REVERENCIA.

1472 1395 1593 1463 vgl.
1633 1402 1923 1464 Hauptstat.
1964 1401 2011 1452 6.
3218 1409 3252 1464 5

483 1514 669 1601 „Ego
712 1515 810 1580 .N.
851 1516 994 1580 iuro
1034 1513 1222 1580 vobis
1265 1513 1510 1580 decano
1555 1524 1619 1579 et
1646 1516 1881 1579 vestris
1926 1514 2406 1580 successoribus
2449 1514 2890 1578 reverenciam
2918 1522 2982 1578 et
3021 1514 3169 1579 obe·

329 1615 625 1679 dientiam
667 1615 737 1678 in
777 1614 973 1680 licitis
1014 1623 1077 1679 et
1119 1614 1426 1695 honestis,
1478 1624 1541 1679 et
1584 1637 1847 1679 servare
1903 1624 2145 1680 statuta
2203 1624 2267 1679 et
2324 1612 2666 1679 statuenda
2709 1635 2828 1699 pro
2873 1636 3062 1699 posse
3103 1624 3168 1679 et

328 1737 528 1797 nosse,
569 1724 633 1778 et
676 1736 1030 1802 procurare
1068 1713 1305 1781 bonum
1348 1713 1737 1779 facultatis.“

1260 1888 1351 1947 15.
1398 1898 1493 1944 DE
1537 1896 1926 1945 sommom:
1971 1894 2258 1944 BuRsAn.

1460 2016 1581 2079 Vgl.
1620 2016 1912 2078 Hauptstat.
1949 2016 2029 2067 50.
3183 2027 3249 2081 10

482 2130 645 2195 Item
688 2129 1167 2217 promovendus
1210 2130 1277 2193 in
1322 2129 1572 2195 artibus
1632 2129 1717 2194 ad
1776 2128 2054 2215 gradum
2097 2128 2570 2194 baccalariatus
2627 2127 2870 2193 iurabit
2923 2127 3169 2196 decano

327 2229 429 2295 vel
464 2229 855 2295 vicedecano
900 2227 1252 2301 secundum
1295 2230 1567 2292 formam
1609 2228 2125 2314 infrascriptam:

486 2328 670 2415 „Ego
698 2329 792 2394 .N.
833 2330 996 2411 iuro,
1037 2327 1209 2413 quod
1247 2327 1417 2405 infra
1460 2326 1848 2412 quindenam
1878 2326 2075 2391 velim
2118 2326 2366 2392 solvere
2406 2327 2699 2392 facultati
2741 2351 2938 2394 unum
2981 2328 3166 2395 flore-

328 2454 474 2495 num
514 2431 874 2494 reinensem
913 2427 1017 2492 vel
1061 2426 1475 2512 aequivalens
1526 2439 1588 2490 et
1632 2425 1968 2491 dimidium
2007 2426 2316 2491 florenum
2360 2450 2480 2515 pro
2521 2427 2676 2493 fisco
2708 2430 3166 2513 universitatis,

330 2529 431 2596 vel
472 2529 762 2596 obtinere
803 2526 1091 2594 eiusdem
1132 2524 1518 2593 dilacionem
1560 2525 1667 2591 vel
1706 2525 2144 2591 dimissionem
2186 2525 2271 2590 ab
2316 2527 2601 2593 eadem.“
3186 2540 3247 2596 15

486 2833 799 2893 Hier-nach
849 2852 963 2890 von
1009 2834 1269 2891 anderer
1310 2833 1518 2904 Hand,
1574 2834 1781 2892 h'o'chst
1838 2830 2325 2890 wakrsckeinlich
2382 2832 2490 2890 der
2529 2834 2630 2891 des
2671 2834 2906 2892 Iohann
2947 2833 3167 2892 Smert-

334 2953 526 3004 marm,
558 2934 678 2991 der
726 2932 926 2995 1449*
967 2933 1180 2991 Decan
1222 2952 1372 3003 war,
1414 2932 1477 2990 in
1518 2933 1787 2990 walchem
1827 2933 2037 3003 Jakre,
2081 2931 2234 2988 nach
2277 2931 2543 2989 Auswet's
2585 2933 2693 2989 der
2724 2932 3017 2991 Matrikel
3053 2953 3169 2991 von

336 3031 524 3096 1449b
578 3052 679 3103 an,
736 3032 845 3090 der
899 3032 1272 3109 vorlieyende
1315 3033 1634 3091 Besclzluss
1687 3036 1919 3107 gesa-5131.¹
1978 3031 2167 3100 ward,
2226 3031 2339 3106 vql.
2385 3029 2444 3090 S.
2491 3031 2629 3102 343,
2673 3033 2745 3094 31
2796 3052 2852 3091 u.
2896 3033 3065 3090 Anm.
3111 3035 3166 3095 2.

332 3130 679 3210 (Hier-nacla
708 3132 868 3208 fc‘illt
915 3133 1045 3203 also
1088 3132 1181 3191 die
1224 3131 1672 3206 Niedersckrzft
1711 3132 1821 3190 der
1862 3130 2105 3189 Statum
2148 3128 2407 3205 leqibilia
2449 3148 2564 3188 vor
2610 3132 2766 3194 1449
2781 3130 2881 3212 δ).-

1475 3297 1593 3360 vgl.
1633 3297 1923 3359 Hauptstat.
1960 3296 2041 3346 87.
3189 3306 3257 3361 20

496 3421 590 3483 16.
635 3414 797 3479 Item
831 3414 993 3495 iuro,
1035 3410 1227 3498 quod,
1271 3433 1399 3475 non
1423 3408 1722 3475 obstante
1764 3431 2144 3497 quacunque
2187 3410 2655 3493 commissione,
2703 3412 2839 3476 sive
2882 3411 3170 3496 generali

331 3519 463 3583 sive
510 3513 799 3601 speciali,
840 3509 990 3576 volo
1019 3510 1256 3595 eligere
1297 3510 1684 3595 magistrum
1724 3518 1873 3574 actu
1911 3518 2240 3594 regentem
2281 3508 2361 3572 de
2405 3532 2550 3574 mea
2594 3510 2861 3597 propria
2903 3512 3171 3576 nacione

332 3627 391 3682 et
429 3637 560 3680 non
607 3612 811 3678 altera
851 3612 919 3675 in
963 3610 1453 3696 promotorem.¹

494 3988 683 4046 Dama
727 3983 961 4060 beyinnt
1001 3984 1221 4042 wieder
1263 3981 1357 4041 die
1399 3963 1554 4041 erste
1590 3983 1815 4041 Hand:

561 4155 655 4215 17.
702 4145 1195 4234 Subscripta
1235 4145 1411 4236 legi
1455 4144 1755 4212 debent
1789 4156 2169 4233 tempore
2219 4148 2956 4233 praesentacionis.
3189 4159 3254 4216 25

1492 4300 1613 4363 vgl.
1656 4300 1949 4363 Hauptstat.
1982 4301 2064 4351 51.

492 4419 656 4483 Item
710 4413 1256 4479 baccalariandus
1312 4424 1604 4500 tempore
1659 4415 2210 4502 praesentacionis
2266 4415 2508 4480 iurabit
2568 4414 2988 4502 infrascripta
3051 4416 3170 4482 sub

343 4519 456 4586 hac
517 4517 759 4581 forma:
842 4511 1026 4600 „Ego
1085 4512 1178 4580 .N.
1233 4514 1396 4594 ium,
1453 4512 1627 4600 quod
1683 4524 1975 4601 tempore
2037 4515 2602 4580 determinacionis
2654 4536 2836 4579 meae
2888 4517 3178 4581 nuncciis

337 4615 771 4683 universitatis
827 4612 912 4677 ad
957 4614 1167 4676 minus
1211 4611 1380 4677 dabo
1425 4620 1701 4698 quatuor
1745 4637 2041 4698 grossos;
2099 4615 2255 4678 item
2307 4613 2478 4699 quod
2534 4616 2725 4678 istum
2783 4613 3062 4700 gradum
3106 4617 3174 4680 in

339 4717 507 4783 nulla
550 4714 681 4780 alia
721 4713 1143 4778 universitate
1193 4733 1549 4794 resumam3
1607 4714 1762 4776 item
1818 4713 1992 4797 quod
2046 4716 2111 4779 in
2167 4716 2296 4779 ista
2338 4714 2759 4778 universitate
2816 4713 3002 4779 stabo
3057 4737 3172 4801 per
3192 4724 3261 4780 30

343 4817 491 4883 duos
535 4836 738 4879 annos
780 4809 1073 4898 legendo,
1131 4808 1525 4897 disputando
1566 4811 1670 4876 vel
1723 4810 1809 4875 ad
1852 4814 2066 4878 minus
2109 4812 2388 4901 aliquem
2431 4814 2888 4898 magistrorum
2935 4815 3003 4877 in
3050 4814 3175 4879 lec-

344 4918 512 4983 cione
554 4913 660 4979 vel
717 4913 1038 4977 exercicio
1082 4910 1425 4992 audiendo,
1482 4911 1609 4975 nisi
1659 4933 1777 4997 per
1827 4912 2201 4979 facultatem
2253 4937 2458 5002 supe1·›
2500 4913 2625 4977 hoc
2677 4935 2930 4977 mecum
2983 4913 3177 4979 fuerit

346 5015 810 5101 dispensatum3
868 5013 1020 5076 item
1079 5010 1252 5098 quod
1295 5010 1533 5076 bonum
1574 5010 1764 5076 huius
1808 5013 2250 5078 universitatis
2291 5024 2356 5080 et
2397 5012 2720 5078 facultatis
2764 5014 3031 5096 arcium,
3089 5013 3177 5078 ad

502 5252 524 5301 1
565 5246 676 5324 Am
712 5245 930 5300 Raude:
999 5245 1131 5299 Non
1169 5244 1372 5314 leqetur
1405 5245 1515 5299 ista
1550 5244 1814 5310 clausula,
1859 5245 1995 5314 quia
2038 5262 2300 5315 euepenw
2341 5252 2419 5299 est
2463 5263 2570 5315 quo
2604 5246 2686 5299 ad
2713 5246 2979 5316 doctores,
3014 5248 3182 5302 sictut·

351 5331 649 5387 ema-lunam
666 5333 799 5404 fuit
830 5332 891 5384 in
922 5332 1194 5384 decanam
1224 5330 1479 5398 maqietri
1514 5330 1782 5384 Iohannis
1813 5329 2155 5400 Konqisbery
2189 5330 2343 5400 (1466
2357 5330 2419 5402 b).
