4038 6358
812 612 889 674 18
1747 611 1849 662 Die
1882 611 2248 662 Reformation
2289 625 2413 661 vom
2449 609 2616 661 Jahn-e
2657 612 2797 661 1⁴96.

810 790 1274 875 exhibeantur,
1328 793 1610 858 maiores
1655 793 1851 856 etiam
1889 814 1968 857 ac
2006 793 2297 857 seniores
2350 789 2641 855 eiusdem
2695 788 3140 854 universitatis
3198 810 3239 852 a
3286 785 3649 852 iunioribus

807 900 872 955 et
912 891 1271 957 minoribus
1316 891 1644 977 condigna
1681 893 2101 956 veneratione
2144 890 2572 972 honorentur,
2630 898 2694 954 et
2754 886 2930 975 quod
2990 888 3290 972 magistri
3342 885 3649 973 deinceps

808 997 874 1052 et
915 990 984 1053 in
1023 989 1310 1059 futurum
1352 1013 1482 1054 non
1526 991 1657 1056 sint
1696 990 1887 1077 proni
1927 999 1992 1054 et
2029 989 2255 1056 faciles
2310 989 2397 1055 ad
2451 987 2738 1053 dandum
2791 997 2948 1053 vota
2997 988 3337 1075 pungitiva
3353 1034 3373 1068 ,
3429 993 3652 1049 contu·

814 1086 1120 1173 meliosa,
1163 1089 1479 1154 iniuriosa
1523 1099 1634 1154 aut
1675 1090 1987 1154 conviciis
2032 1090 2360 1176 permixta
2406 1089 2476 1151 in
2529 1086 2828 1152 omnibus
2892 1096 2957 1152 et
3010 1085 3284 1173 singulis
3335 1105 3648 1149 convoca-

755 1194 788 1248 5
809 1186 1102 1253 cionibus
1149 1188 1621 1270 universitatis,
1667 1187 1919 1253 consilii
1960 1188 2065 1252 vel
2108 1189 2455 1253 nacionum
2473 1235 2492 1269 ,
2550 1195 2614 1251 et
2654 1186 2939 1251 maxime
2995 1186 3064 1248 in
3122 1186 3384 1271 scriptis
3399 1232 3418 1266 ,
3477 1184 3545 1247 in
3586 1192 3651 1247 et

807 1295 1035 1352 contra
1077 1288 1366 1372 insignes
1410 1309 1725 1373 personas
1789 1287 2064 1351 rectoris
2083 1335 2102 1369 ,
2164 1286 2505 1352 doctorum
2544 1283 2650 1350 vel
2699 1284 3197 1369 magistrorum,
3253 1281 3373 1349 sub
3429 1281 3651 1347 decem

807 1382 1201 1449 florenorum
1250 1407 1489 1471 poena,
1550 1387 1961 1452 universitati
2015 1384 2550 1451 irremissibiliter
2615 1380 3210 1470 persolvendorum.
3307 1379 3381 1445 Si
3436 1388 3649 1444 autem

808 1481 1071 1568 aliquod
1116 1485 1601 1570 suppositorum
1629 1486 2074 1550 universitatis
2100 1494 2418 1549 rectorem
2446 1485 2631 1548 iuxta
2657 1482 3038 1569 praestitum
3067 1481 3500 1544 iuramentum
3521 1501 3652 1544 non

809 1578 1141 1664 decenter,
1186 1580 1360 1666 quod
1405 1582 1609 1666 absit,
1653 1582 2072 1648 honoraverit
2113 1582 2217 1647 vel
2261 1582 2457 1648 alicui
2500 1580 2840 1647 doctorum
2897 1581 3285 1665 condignum
3339 1577 3651 1643 honorem

728 1689 792 1746 10
810 1701 940 1745 non
978 1678 1398 1766 impenderit,
1440 1683 1742 1746 iniuriam
1776 1683 2171 1768 irrogaverit
2213 1691 2325 1745 aut
2367 1683 2719 1746 convitium
2777 1679 3042 1765 aliquod
3083 1676 3516 1744 inverecunde
3559 1675 3652 1739 di-

803 1779 977 1843 xerit
1015 1779 1121 1843 vel
1165 1781 1360 1845 etiam
1405 1782 1746 1868 supposita
1790 1780 1877 1846 ad
1924 1779 2344 1845 rebellionem
2358 1829 2378 1862 ,
2435 1779 2942 1846 inobedientiam
3000 1778 3107 1843 vel
3161 1777 3652 1842 irreverentiam

805 1876 1159 1961 induxerit,
1201 1877 1362 1944 illud
1403 1879 1577 1945 ultra
1618 1880 1887 1966 periurii
1929 1889 2181 1944 reatum
2223 1880 2291 1943 in
2333 1879 2568 1965 viginti
2612 1878 2875 1943 florenis
2918 1876 3301 1942 renensibus
3351 1896 3467 1963 per
3510 1875 3652 1938 uni·

803 1979 1181 2042 versitatem
1229 1980 1554 2065 puniatur,
1599 1999 1764 2063 quae
1803 1999 2016 2064 poena
2036 1978 2196 2043 fisco
2226 1979 2671 2043 universitatis
2699 1975 3083 2063 applicetur.
3159 1975 3409 2041 sivero
3439 1983 3655 2038 rector

802 2077 1321 2162 universitasque
1363 2078 1431 2140 in
1473 2076 1712 2141 talibus
1755 2085 1818 2143 et
1860 2076 2007 2141 aliis
2065 2077 2292 2163 poenis
2351 2074 2815 2162 extorquendis
2869 2074 3207 2161 negligens
3267 2073 3496 2155 fuerit,
3541 2092 3653 2136 ex-

725 2182 785 2238 15
805 2182 958 2238 tunc
1011 2172 1200 2238 nobis
1256 2183 1321 2238 et
1376 2173 1859 2239 successoribus
1911 2177 2153 2240 nostris
2215 2176 2666 2240 auctoritatem
2724 2173 3092 2240 huiusmodi
3147 2194 3392 2260 poenas
3437 2181 3653 2237 extor-

805 2272 1045 2358 quendi
1085 2273 1153 2336 in
1193 2272 1494 2337 omnibus
1534 2274 1862 2337 reservari
1899 2274 2218 2357 volumus,
2265 2284 2337 2339 ut
2379 2276 2478 2340 sic
2523 2296 2735 2362 poena
2766 2275 2955 2339 unius
2999 2275 3085 2339 sit
3113 2282 3321 2337 metus
3355 2270 3652 2336 aliorum.

1638 2443 1696 2502 2.
1738 2456 1833 2502 DE
1876 2456 2222 2505 Rsc'roms
2267 2455 2813 2505 mmsmcnonss.

966 2565 1300 2652 Volumus,
1344 2567 1516 2654 quod
1556 2577 1771 2634 rector
1808 2570 2256 2635 universitatis
2300 2569 2543 2636 habere
2589 2567 2825 2634 debeat
2846 2567 3213 2657 plenariam
3255 2567 3648 2633 iurisdictio-

800 2689 946 2732 nem
990 2665 1228 2732 nedum
1267 2668 1337 2730 in
1378 2668 1595 2732 omnia
1635 2670 1972 2755 supposita
2012 2691 2241 2733 verum
2284 2670 2479 2734 etiam
2522 2670 2590 2733 in
2645 2689 2866 2735 omnes
2920 2666 3259 2732 facultates
3315 2669 3650 2732 naciones-

719 2773 787 2831 20
805 2787 930 2851 que
965 2766 1429 2830 universitatis.
1514 2765 1583 2829 Si
1628 2776 1846 2831 tamen
1886 2789 1969 2831 ex
2006 2768 2394 2834 racionabili
2438 2778 2501 2833 et
2533 2767 2852 2853 legittima
2874 2789 3074 2831 causa
3117 2764 3313 2830 alicui
3355 2763 3653 2829 facultati

797 2862 904 2929 vel
956 2864 1203 2930 nationi
1242 2863 1490 2949 aliquid
1533 2866 1869 2951 iniungere
1910 2864 2220 2949 voluerit,
2273 2867 2397 2933 hoc
2438 2869 2652 2954 ipsum
2696 2888 2842 2930 cum
2887 2867 3162 2931 consilio
3223 2875 3288 2930 et
3332 2886 3654 2929 consensu

801 2964 1087 3028 omnium
1137 2962 1615 3028 sallariatorum
1658 2974 1769 3029 aut
1809 2966 2079 3030 maioris
2121 2967 2330 3053 partis
2373 2965 2722 3031 eorundem
2766 2965 2985 3029 faciat.

1686 3133 1745 3196 3.
1801 3146 1896 3193 nn
1941 3146 2181 3196 mmor:
2226 3146 2772 3196 nmvsnfflnns.

971 3259 1367 3326 Ordinamus
1410 3258 1676 3343 deinde,
1723 3258 1898 3346 quod
1939 3259 2185 3325 nullum
2228 3262 2669 3349 suppositum,
2729 3258 3006 3324 facultas
3066 3267 3179 3324 aut
3226 3260 3404 3324 natio
3460 3259 3650 3323 iuris-

725 3372 790 3427 25
811 3360 1159 3426 dictionem
1200 3359 1473 3424 rectoris
1497 3357 1826 3423 declinare
1866 3368 1980 3423 aut
2015 3360 2211 3424 etiam
2258 3358 2587 3424 dominum
2610 3360 2988 3445 episcopum
3024 3357 3651 3443 Merssburgensem,

807 3457 1263 3524 cancellarium
1305 3480 1427 3544 pro
1470 3467 1762 3543 tempore
1811 3458 2214 3540 existentem,
2256 3459 2326 3522 in
2367 3456 2670 3522 civilibus
2710 3457 2925 3521 causis
2969 3479 3087 3544 per
3131 3458 3304 3521 viam
3350 3454 3653 3543 querelae

806 3557 991 3622 adire
1032 3566 1438 3643 praesumat,
1483 3554 1597 3621 sed
1640 3556 1830 3620 iuxta
1866 3556 2298 3620 iuramentum
2341 3557 2724 3642 praestitum
2779 3554 2866 3619 ad
2906 3565 3225 3621 rectorem
3264 3554 3651 3620 universita-

804 3658 891 3721 tis
932 3664 1255 3738 recurrat,
1298 3657 1408 3741 qui
1451 3651 1804 3719 secundum
1850 3663 2093 3718 statuta
2134 3663 2246 3718 aut
2289 3656 2387 3719 sui
2445 3654 2698 3721 consilii
2752 3675 3281 3739 assessorumque
3337 3654 3650 3739 cognitio·

805 3776 954 3820 nem
996 3755 1067 3818 in
1105 3752 1475 3819 huiusmodi
1517 3754 1731 3818 causis
1773 3750 2130 3839 procedere
2183 3761 2247 3817 et
2289 3753 2659 3819 discernere
2699 3752 2978 3818 debebit.
3058 3753 3160 3817 Ita
3216 3762 3434 3817 tamen
3475 3750 3652 3839 quod

725 3865 794 3921 30
812 3876 930 3941 per
975 3861 1293 3919 rectorem
1335 3862 1447 3917 aut
1489 3852 1978 3917 universitatem
2018 3859 2132 3915 aut
2175 3850 2339 3916 alias
2380 3862 2655 3937 gravato
2690 3851 3044 3917 remedium
3087 3853 3245 3916 iuris
3291 3875 3424 3917 non
3465 3873 3652 3938 prae·

808 3952 1121 4018 cludatur.
1210 3950 1283 4015 Si
1325 3973 1481 4016 vero
1525 3950 1759 4037 aliquis
1806 3959 2034 4014 contra
2077 3952 2444 4037 praemissa
2487 3950 2733 4039 aliquid
2776 3951 3280 4038 attemptaverit,
3323 3952 3390 4016 in
3430 3948 3654 4016 decem

808 4050 1072 4116 florenis
1113 4048 1492 4114 renensibus
1536 4070 1653 4135 per
1694 4048 2184 4113 universitatem
2229 4051 2554 4136 puniatur.

1773 4220 1829 4278 4.
1876 4232 1970 4279 DE
2014 4231 2223 4280 vo'ns
2266 4232 2683 4280 Punm'rrvls.

978 4342 1398 4426 Ordinamus,
1446 4343 1619 4431 quod
1675 4345 1974 4429 magistri
2036 4355 2100 4410 et
2155 4346 2454 4414 doctores
2513 4346 2583 4408 in
2638 4344 2933 4410 omnibus
2981 4342 3555 4412 convocationibus
3609 4365 3652 4408 a

727 4455 795 4512 35
814 4444 984 4509 votis
1026 4444 1382 4530 pungitivis
1424 4452 1490 4506 et
1530 4444 1859 4508 iniuriosis
1903 4443 2164 4508 omnino
2206 4443 2591 4510 abstineant.
2676 4442 2750 4508 Si
2793 4445 2937 4532 quis
2990 4454 3202 4509 autem
3257 4445 3656 4510 contrarium

812 4542 1041 4608 fecerit
1082 4551 1146 4607 et
1188 4540 1271 4606 de
1314 4539 1439 4606 hoc
1482 4543 1814 4608 confessus
1856 4540 1962 4606 vel
2002 4564 2121 4628 per
2163 4552 2480 4608 rectorem
2525 4549 2637 4607 aut
2691 4541 2854 4607 duos
2912 4551 3108 4608 testes
3161 4542 3452 4631 ydoneos
3504 4566 3653 4610 con-

813 4644 1026 4709 victus
1068 4641 1293 4723 fuerit,
1350 4641 1419 4704 in
1461 4640 1678 4706 triduo
1720 4640 2132 4706 universitati
2175 4639 2397 4706 decem
2450 4640 2661 4707 solvat
2698 4640 3006 4706 florenos:
3063 4664 3224 4728 quos
3270 4644 3327 4706 si
3366 4644 3437 4707 in
3479 4642 3655 4709 dicto

815 4741 1089 4806 termino
1130 4762 1262 4805 non
1306 4739 1573 4805 solverit
1613 4748 1725 4804 aut
1767 4737 2019 4805 solvere
2061 4741 2484 4824 recusaverit,
2526 4750 2763 4805 extunc
2807 4741 2893 4806 sit
2933 4761 3284 4828 suspensus
3326 4740 3410 4806 ab
3451 4742 3656 4807 omni-

815 4840 940 4906 bus
983 4837 1431 4903 emolumentis
1486 4839 1931 4904 universitatis
1990 4847 2057 4904 et
2111 4838 2364 4904 actibus
2408 4839 2799 4924 scolasticis,
2843 4838 3051 4904 donec
3090 4839 3457 4905 huiusmodi
3503 4862 3660 4929 poe·

733 4947 802 5002 40
820 4960 970 5002 nam
1011 4936 1272 5003 realiter
1316 4947 1383 5002 et
1423 4959 1568 5003 cum
1610 4937 1842 5003 effectu
1885 4937 2155 5003 solverit
2195 4939 2626 5004 universitati.

1726 5109 1784 5168 5.
1827 5121 1922 5167 m:
1963 5120 2261 5168 HABrrns
2304 5121 2741 5170 ΗΟΝΈΒΤΑΤΕ.

986 5232 1294 5298 Volumus
1338 5242 1402 5297 et
1439 5233 1835 5318 ordinamus,
1880 5232 2057 5321 quod
2100 5243 2339 5299 statuta
2380 5256 2575 5323 super
2618 5233 2875 5314 decenti
2916 5232 3142 5300 habitu
3182 5257 3301 5322 per
3340 5236 3658 5301 universi—
