4038 6358
740 670 861 736 622
1754 675 1853 725 me
1889 672 2263 725 medicinische
2300 672 2557 727 Facultat.

744 853 1004 935 ditione,
1050 862 1152 935 ut,
1200 853 1256 917 si
1299 852 1484 936 velit,
1530 867 2008 921 concurrentem
2048 878 2188 923 esse
2232 856 2547 945 aliquem,
2593 880 2674 923 ex
2723 855 3094 924 doctoribus
3140 854 3336 925 talem
3379 858 3571 947 eligat

761 954 827 1018 in
868 952 1081 1017 locum
1121 951 1455 1036 scholaris,
1498 977 1579 1018 ne
1619 953 1776 1042 quid
1821 954 2122 1041 dignitati
2167 955 2410 1022 ordinis
2452 959 2656 1024 nostri
2701 956 3101 1045 detrahatur.

2134 1094 2189 1155 6.

909 1200 1000 1266 Ut
1027 1201 1401 1287 aequalitas,
1444 1202 1926 1269 benevolentiae
1958 1214 2183 1288 mater,
2229 1214 2540 1286 servetur,
2583 1203 2798 1292 quoad
2839 1204 2984 1269 fieri
3018 1215 3237 1292 potest
3276 1209 3581 1291 maxime,

661 1312 695 1368 5
754 1301 1044 1368 decrevit
1067 1299 1358 1384 facultas,
1394 1311 1463 1365 ut
1496 1301 1771 1389 posthac
1802 1304 1871 1368 in
1903 1303 2249 1391 poscendis
2277 1303 2640 1370 honorariis
2687 1299 2815 1391 [12]
2858 1326 2978 1390 pro
3023 1308 3343 1391 praestita
3385 1329 3584 1394 opera

751 1398 1195 1467 medicationis
1237 1400 1478 1487 triplex
1523 1400 1647 1467 hoc
1707 1402 2053 1468 discrimen
2108 1414 2419 1486 servetur,
2485 1403 2762 1489 primum
2825 1403 3290 1489 magnitudinis
3353 1404 3580 1488 morbi,

760 1499 992 1566 deinde
1046 1500 1404 1566 durationis
1460 1523 1574 1591 seu
1634 1500 2055 1589 longitudinis
2107 1503 2355 1585 morbi,
2418 1504 2609 1567 tertio
2673 1501 3061 1568 conditionis
3122 1512 3188 1568 et
3247 1503 3583 1579 facultatis

750 1601 950 1687 aegri,
1016 1597 1213 1687 idque
1255 1601 1363 1683 ita,
1405 1610 1494 1682 ut,
1542 1601 1597 1665 si
1637 1602 1782 1688 quis
1839 1600 2098 1667 octiduo
2157 1603 2481 1669 curaverit
2539 1600 2803 1666 divitem
2864 1599 3145 1691 aliquem
3205 1604 3275 1668 in
3344 1603 3571 1669 morbo

749 1720 1006 1786 magno,
1046 1698 1130 1763 ab
1172 1721 1245 1765 eo
1290 1710 1518 1786 poscat
1555 1707 1630 1768 10
1647 1699 1952 1784 thaleros,
1996 1724 2037 1765 a
2077 1700 2385 1767 mediocri
2425 1724 2561 1783 sex,
2605 1722 2646 1765 a
2687 1702 2869 1765 tenui
2909 1700 3092 1766 duos.
3153 1701 3228 1767 In
3273 1701 3577 1767 chronico

675 1809 736 1864 10
752 1796 978 1865 morbo
1024 1821 1065 1864 a
1107 1797 1306 1863 divite
1349 1820 1466 1884 per
1509 1800 1936 1886 septimanam
1978 1806 2015 1868 3
2056 1798 2370 1883 thaleros,
2412 1824 2452 1866 a
2498 1799 2809 1865 mediocri
2851 1798 3053 1883 duos,
3097 1824 3138 1866 a
3174 1803 3353 1866 tenui
3396 1800 3579 1865 dimi·

750 1896 946 1963 dium.
1009 1895 1203 1977 Quod
1237 1898 1292 1961 si
1326 1918 1443 1984 pro
1482 1896 1702 1963 decem
1737 1921 1856 1986 pro
1887 1897 2277 1965 liberalitate
2320 1921 2514 1987 aeger
2559 1897 2810 1964 medico
2855 1898 3124 1987 duplum
3162 1910 3276 1965 aut
3317 1899 3580 1987 triplum

746 2019 1085 2063 numerare
1125 1996 1415 2079 voluerit,
1460 1996 1824 2084 accipiendi
1862 1997 2046 2063 locus
2086 1998 2336 2064 medico
2378 2022 2506 2064 non
2548 1998 3015 2085 prohibebitur.

1694 2163 1771 2229 V.
1812 2160 1906 2251 [S.
1952 2160 2051 2252 13]
2106 2183 2199 2230 ms
2244 2182 2621 2233 mucius.

2143 2289 2194 2348 1.

664 2407 725 2464 15
910 2397 1434 2463 Demonstratori
1498 2396 1860 2461 anatomiae
1916 2419 2000 2462 ex
2061 2394 2411 2484 diplomate
2463 2399 2780 2485 principis
2840 2397 3276 2465 decernuntur
3326 2402 3412 2464 20
3465 2397 3577 2462 flo-

738 2499 897 2581 reni,
941 2499 1054 2585 qui
1094 2519 1180 2561 ex
1221 2497 1473 2562 aerario
1518 2494 1990 2582 persolvuntur.

2129 2618 2189 2679 2.

913 2730 1231 2796 Doctores
1269 2731 1462 2795 etiam
1505 2728 1735 2815 reliqui
1777 2728 2092 2794 interesse
2135 2728 2371 2794 debent
2413 2729 2797 2813 anatomiae,
2842 2740 3148 2816 quantum
3192 2732 3423 2820 cuique
3461 2751 3576 2819 per

741 2832 1002 2917 negotia
1045 2828 1293 2913 licebit3
1352 2851 1471 2916 pro
1521 2850 1649 2915 qua
1705 2850 1904 2915 opera
1961 2827 2197 2915 singuli
2240 2835 2278 2895 2
2320 2828 2595 2894 florenos
2639 2849 2722 2892 ex
2764 2832 3017 2896 aerario
3076 2830 3413 2919 accipient.
3501 2829 3570 2895 Si

660 2938 728 2994 20
748 2932 858 3016 qui
899 2929 1066 2994 forte
1116 2940 1333 2994 tamen
1375 2951 1493 3014 per
1536 2932 1814 3013 negotia,
1859 2926 2290 2993 valetudinem
2336 2939 2447 2993 aut
2503 2927 2854 3016 quamlibet
2913 2929 3108 2995 aliam
3163 2928 3569 3018 probabilem

742 3050 1006 3095 causam
1043 3027 1506 3115 impedientur,
1549 3026 1650 3091 his
1692 3025 2106 3092 nihilominus
2152 3025 2324 3091 idem
2365 3030 2745 3115 praemium,
2786 3051 3016 3116 nempe
3057 3035 3096 3095 2
3136 3029 3366 3095 floreni
3413 3052 3564 3116 pen·

745 3127 1015 3212 dantur-3
1060 3130 1172 3216 qui
1212 3149 1369 3193 vero
1411 3124 1791 3213 simpliciter
1832 3126 2145 3192 interesse
2182 3130 2644 3211 recusaverint,
2684 3128 2785 3195 his
2824 3126 2987 3193 nihil
3027 3127 3307 3196 dabitur.

2125 3281 2178 3343 3.

907 3395 1183 3463 Doctori
1227 3393 1596 3478 chirurgiae
1636 3417 1826 3459 suum
1868 3398 2281 3482 constitutum
2336 3405 2434 3460 est
2489 3417 2607 3483 per
2651 3397 3012 3484 principem
3068 3395 3411 3479 salarium,
3463 3396 3575 3482 qui

657 3506 726 3563 25
748 3498 804 3562 si
848 3501 1082 3562 sotium
1127 3504 1190 3559 et
1239 3492 1599 3559 adiutorem
1654 3491 1780 3558 sibi
1837 3516 2154 3561 consensu
2194 3494 2518 3561 facultatis
2565 3517 2682 3560 sua
2726 3493 3090 3584 spon[14]te
3131 3497 3473 3579 asciverit,
3516 3497 3576 3560 ei

743 3595 824 3661 de
866 3617 981 3662 suo
1023 3594 1382 3684 praemium
1424 3591 1793 3678 persolvere
1837 3593 2043 3660 debet.

2133 3753 2191 3812 4.

913 3861 1327 3947 Spectatores
1363 3858 1633 3924 studiosi
1664 3859 1769 3924 vel
1810 3861 1968 3924 artis
2011 3871 2272 3925 nostrae
2313 3861 2418 3926 vel
2460 3863 2655 3926 etiam
2696 3859 3166 3950 philosophiae,
3209 3871 3323 3926 aut
3366 3863 3421 3926 si
3462 3862 3575 3946 qui

747 3971 897 4026 sunt
950 3958 1061 4025 alii
1113 3958 1394 4042 honesti,
1449 3961 1561 4045 qui
1618 3981 1746 4024 non
1804 3982 1887 4022 ex
1945 3958 2303 4046 petulantia
2344 3960 2625 4045 quadam
2686 3963 2998 4026 interesse
3040 3960 3293 4043 volunt,
3341 3960 3571 4025 admit·

661 4070 730 4127 30
750 4069 983 4141 tentur,
1023 4061 1116 4123 ita
1157 4068 1226 4121 ut
1265 4055 1501 4143 singuli
1542 4066 1758 4121 tamen
1800 4057 2087 4144 pendant
2128 4071 2277 4125 ante
2316 4062 2596 4146 primum
2638 4062 3002 4146 ingressum
3035 4067 3072 4126 6
3101 4082 3385 4146 grossos.
3468 4058 3573 4124 De

747 4159 869 4224 hac
913 4161 1188 4247 pecunia
1230 4156 1604 4222 collectores
1649 4155 1796 4220 dein
1841 4158 2158 4222 curabunt
2207 4159 2436 4242 funus,
2489 4169 2556 4223 et
2607 4158 2860 4247 reliqua
2900 4160 3269 4224 necessaria
3313 4181 3573 4246 compa-

743 4257 1013 4340 rabunt3
1067 4256 1148 4323 de
1190 4255 1421 4344 quibus
1462 4256 1765 4341 expensis
1805 4257 2119 4321 rationem
2163 4257 2439 4322 reddant
2476 4257 2788 4324 facultati.
2874 4256 3068 4338 Quod
3105 4257 3423 4346 reliquum
3465 4257 3572 4323 de-

748 4361 972 4445 inceps
1009 4356 1222 4438 fuerit,
1264 4354 1333 4419 id
1375 4353 1728 4441 aequaliter
1769 4356 1837 4419 in
1886 4356 2199 4422 incisores
2242 4367 2306 4421 et
2348 4357 2719 4424 collectores
2760 4356 3235 4423 distribuetur.¹

1396 4502 1511 4573 VI.
1556 4501 1645 4591 [S.
1673 4501 1770 4592 15]
1826 4523 2040 4574 mmo
2084 4523 2317 4573 srunn
2362 4525 2456 4574 An
2500 4523 2910 4575 scnemass.

652 4636 719 4695 35
2136 4631 2191 4690 1.

911 4740 1001 4807 Et
1054 4741 1208 4829 quia
1262 4737 1571 4803 hactenus
1623 4736 1948 4826 plerisque
2005 4740 2364 4808 scolaribus
2420 4741 2543 4806 fuit
2594 4742 2925 4827 incognita
2979 4741 3148 4806 ratio
3190 4739 3571 4824 studiorum,

747 4865 937 4929 quam
992 4848 1230 4906 vocant
1282 4837 1727 4925 completionis
1744 4887 1764 4922 ,
1810 4849 1874 4904 et
1932 4838 2116 4905 multi
2170 4843 2508 4907 temerario
2569 4840 2848 4929 quodam
2905 4863 3068 4906 ausu
3118 4847 3268 4905 ante
3316 4850 3571 4927 tempus

912 5029 934 5079 1
975 5022 1173 5094 Spater
1195 5019 1315 5074 sind
1337 5018 1428 5074 die
1455 5017 1656 5074 letzten
1673 5018 1870 5076 Worte
1893 5037 1998 5075 von
2029 5021 2097 5075 id
2127 5037 2202 5076 an
2235 5019 2648 5094 ausgestrichen
2681 5020 2795 5078 und
2826 5019 2992 5076 daffir
3025 5021 3174 5077 ward
3209 5017 3568 5094 geschrieben

740 5109 808 5165 id
837 5114 1006 5163 totum
1037 5103 1372 5175 relinquam·
1403 5105 1653 5172 incisori,
1703 5103 2018 5160 collectores
2056 5114 2233 5160 autem
2266 5107 2377 5161 eim
2410 5107 2680 5161 immeo.
2751 5103 2911 5162 Noch
2946 5109 3132 5176 spaten-
3165 5106 3240 5161 ist
3275 5104 3420 5161 auch
3451 5105 3571 5161 dies

743 5193 940 5248 wieder
979 5188 1392 5260 ausgestrichen
1428 5186 1542 5241 und
1576 5185 1844 5242 nunmehr
1865 5185 2251 5259 geschrieben:
2288 5192 2356 5245 de
2389 5207 2451 5244 eo
2487 5189 2720 5259 callepio
2753 5190 2963 5244 medico
2995 5190 3375 5261 napa-{oribus
3407 5191 3570 5244 amaia

742 5278 823 5330 sic
855 5277 1193 5330 metendum
1226 5291 1336 5328 esse
1366 5274 1538 5326 visum
1570 5278 1662 5338 eat,
1696 5278 1757 5324 ut
1787 5269 1938 5326 illud
1964 5274 2027 5326 in
2062 5290 2243 5327 omnes
2275 5275 2552 5343 doctores,
2591 5281 2854 5344 quotquot
2897 5274 2958 5328 in
3002 5274 3235 5330 consilio
3266 5269 3572 5346 facultatis

726 5362 976 5432 smne,
1007 5360 1310 5430 aequalina·
1345 5358 1725 5416 aisa-emur.
