4038 6358
766 653 883 719 146
1702 653 1812 703 Des
1846 653 2118 705 Iohannes
2151 653 2308 704 Fabri
2346 655 2413 704 ds
2451 652 2681 705 Werdea

759 831 949 898 nobis
991 833 1060 897 in
1102 832 1504 898 habitatione
1543 842 1771 899 nostra
1814 856 1855 898 a
1893 836 2108 901 iurato
2150 834 2594 901 universitatis
2649 841 2914 901 nostrae
2966 834 3221 900 notario
3274 832 3397 900 sub
3451 836 3623 899 iura·

757 942 972 997 mento
1015 932 1445 1019 corporaliter
1496 934 1811 1018 praestito
1874 936 2145 1000 seorsim
2205 934 2521 1022 requisiti,
2577 943 2652 998 ut
2705 933 3047 998 veritatem
3103 932 3351 1022 absque
3413 934 3625 997 cuius·

760 1052 955 1116 quam
1012 1032 1230 1117 gratia
1271 1030 1577 1113 dicerent,
1633 1031 2049 1098 concorditer
2091 1035 2313 1099 testati
2366 1043 2534 1115 sunt,
2596 1031 3003 1119 praedictum
3044 1031 3359 1097 Ioannem
3405 1029 3623 1095 Marn-

760 1129 940 1196 holth
984 1134 1286 1195 continuo
1326 1131 1603 1195 triennio
1649 1128 1756 1195 hic
1798 1132 1868 1194 in
1911 1133 2338 1198 universitate
2381 1142 2607 1197 nostra
2660 1152 2918 1218 semper
2959 1130 3163 1196 fuisse
3210 1140 3273 1194 et
3315 1152 3448 1194 non
3488 1140 3626 1194 tan-

710 1240 743 1294 5
761 1239 897 1294 tum
951 1228 1156 1294 literis
1209 1228 1396 1295 bonis
1456 1238 1784 1294 strenuam
1842 1230 2242 1317 impendisse
2296 1252 2597 1317 operam,
2651 1229 2769 1295 sed
2828 1230 3021 1295 etiam
3076 1230 3169 1295 ita
3226 1230 3499 1311 vixisse,
3557 1237 3628 1293 ut

760 1328 920 1394 nihil
946 1351 1240 1422 ‘unquam
1284 1328 1608 1395 inhonesti
1649 1329 1719 1394 in
1760 1327 1870 1394 illo
1916 1328 2479 1416 deprehenderint.
2528 1326 2631 1416 [75
2644 1324 2697 1416 b]
2751 1328 2982 1415 Itaque
3022 1349 3142 1395 nos
3185 1329 3621 1393 testimonium

761 1427 1016 1497 illorum
1059 1437 1493 1515 acceptanteS,
1548 1430 1937 1514 praesertim
1977 1451 2125 1493 cum
2168 1450 2288 1516 per
2331 1429 2550 1493 omnia
2595 1450 2741 1492 cum
2783 1427 2963 1492 fama
3017 1436 3083 1492 et
3134 1426 3321 1492 libris
3379 1427 3616 1491 nostris

763 1537 1149 1613 congrueret
1212 1525 1563 1613 (siquidem
1619 1528 1985 1593 invenimus
2042 1526 2222 1593 illum
2277 1536 2428 1592 ante
2481 1527 2829 1591 triennium
2885 1548 3056 1592 anno
3099 1526 3449 1593 MDXXX
3507 1525 3621 1590 sub

763 1635 1090 1692 rectoratu
1144 1649 1291 1692 ven.
1350 1626 1499 1708 viri,
1559 1625 1664 1691 dn.
1718 1649 1889 1713 mag.
1945 1625 2215 1691 Martini
2268 1625 2447 1708 Titii,
2500 1628 2569 1690 in
2608 1625 2830 1691 album
2872 1626 3316 1691 universitatis
3359 1635 3619 1691 nostrae

684 1735 749 1791 10
767 1724 1063 1808 relatum,
1106 1748 1316 1812 neque
1356 1725 1491 1791 ulla
1529 1746 1816 1812 unquam
1837 1727 2013 1793 vitae
2055 1736 2168 1791 aut
2209 1748 2464 1791 morum
2503 1725 2762 1791 macula
2803 1728 3195 1812 aspersum),
3234 1724 3499 1813 publice
3527 1724 3621 1789 his

764 1824 969 1889 literis
1027 1826 1266 1891 nostris
1309 1834 1647 1906 testamur,
1693 1846 1892 1911 saepe
1947 1827 2080 1890 iam
2139 1835 2716 1891 commemoratum
2769 1825 2860 1890 Io.
2901 1823 3069 1889 Mar.
3123 1821 3233 1890 hic
3284 1822 3619 1889 nobiseum

764 1945 883 2009 per
932 1924 1256 2009 integrum
1296 1924 1642 1989 triennium
1686 1932 1751 1987 et
1794 1924 2044 1988 vixisse
2097 1923 2426 2011 inculpate
2483 1933 2547 1988 et
2595 1923 2784 1989 bonis
2826 1923 3034 1989 literis
3089 1923 3184 1988 sic
3236 1922 3622 2004 incubuisse,

762 2033 833 2087 ut
895 2021 1074 2089 illum
1137 2045 1258 2110 pro
1320 2021 1513 2087 huius
1574 2022 2022 2088 universitatis
2087 2032 2352 2091 nostrae
2409 2022 2700 2088 membro
2762 2044 3173 2110 nequaquam
3230 2020 3621 2108 poenitendo

763 2118 1040 2186 libenter
1093 2143 1537 2208 agnoscamus.
1625 2121 2046 2208 Quapropter
2103 2121 2379 2187 eundem
2439 2122 2635 2188 etiam
2691 2124 2758 2186 in
2802 2122 3179 2186 universum
3221 2120 3523 2189 omnibus
3564 2134 3627 2186 et

686 2228 745 2283 15
762 2221 1072 2306 privatim
1115 2220 1406 2307 singulis,
1450 2220 1537 2285 ad
1567 2218 1983 2308 quoscunque
2012 2219 2138 2287 hoc
2170 2222 2294 2286 scri
2302 2229 2480 2307 ptum
2512 2232 2807 2287 nostrum
2849 2221 3240 2307 pervenerit,
3284 2219 3623 2306 diligenter

764 2319 1322 2402 commendamus,
1392 2328 1654 2385 orantes
1717 2320 1979 2384 interim
2039 2330 2129 2403 ut,
2194 2319 2562 2406 ubicunque
2620 2322 2969 2408 potuerint,
3037 2328 3102 2384 et
3146 2318 3378 2384 honori
3420 2321 3622 2406 ipsius

761 2417 1211 2483 favorabiliter
1269 2419 1647 2506 prospicere
1707 2428 1771 2483 et
1815 2414 1918 2505 [76
1933 2416 1985 2505 ⁸]
2034 2418 2297 2485 utilitati
2352 2442 2433 2485 ac
2492 2418 2848 2485 commodis
2905 2419 3093 2484 huius
3147 2429 3411 2483 nostrae
3468 2420 3621 2504 peti—

760 2517 956 2581 tionis
997 2528 1302 2604 respectu
1344 2516 1624 2605 benigne
1670 2517 2005 2584 consulere
2050 2518 2269 2584 velint.
2356 2519 2436 2584 Id
2480 2518 2653 2606 quod
2692 2541 2812 2584 nos
2858 2520 3149 2583 vicissim
3191 2519 3258 2581 in
3304 2517 3621 2605 similibus

765 2627 830 2681 et
863 2616 1223 2682 maioribus
1258 2618 1473 2700 etiam,
1514 2617 1883 2704 ubicunque
1923 2620 2183 2684 occasio
2227 2641 2369 2684 sese
2411 2620 2770 2700 ostentarit,
2815 2617 2896 2682 de
2938 2618 3259 2682 universis
3304 2625 3369 2682 et
3411 2619 3623 2703 singu·

631 2764 638 2773 .
681 2715 846 2780 eolis
899 2716 1064 2782 bene
1117 2716 1426 2781 merendo
1476 2718 1544 2781 in
1596 2718 1770 2783 omni
1826 2717 1970 2783 loco
2030 2728 2093 2783 et
2147 2728 2439 2805 tempore
2494 2728 2690 2805 atque
2729 2712 2922 2783 *omni
2974 2716 3333 2782 officiorum
3388 2738 3624 2802 genere

765 2837 1263 2902 recompensare
1322 2838 1578 2903 semper
1635 2816 2054 2882 studebimus
2139 2817 2217 2882 In
2273 2819 2453 2883 cuius
2515 2819 2611 2882 rei
2655 2816 2849 2881 fidem
2914 2838 2993 2881 ac
3035 2816 3302 2880 evidens
3344 2817 3622 2879 testimo-

767 2916 946 2980 nium
1003 2914 1121 2980 has
1178 2914 1401 2980 literas
1440 2914 1702 3001 publico
1745 2917 2190 2982 universitatis
2230 2926 2494 2982 nostrae
2551 2915 2764 3002 sigillo
2812 2938 3104 3003 appenso
3147 2913 3623 2981 confirmandas

765 3014 1299 3080 existimavimus.
1386 3013 1571 3095 Quae
1616 3014 1809 3080 datae
1851 3025 2002 3082 sunt
2041 3016 2333 3103 Lypsiae
2373 3036 2542 3081 anno
2585 3014 3054 3102 MDXXXJIIj
3102 3022 3221 3079 etc.

2859 3113 3099 3201 Georg.
3143 3116 3185 3178 a
3229 3113 3464 3182 Szode.

682 3291 748 3347 25
921 3287 1053 3350 133.
1097 3276 1222 3368 [Bl.
1267 3287 1345 3349 76
1361 3277 1415 3368 b]
1459 3298 1554 3346 An
1597 3297 1932 3347 Dncmuu
1974 3298 2577 3350 MERSBURGENSEM
2618 3299 2689 3346 m
2735 3295 2988 3347 CAUSSA
3032 3297 3424 3348 clm'rloms

1771 3396 2123 3446 cumsnffl
2165 3395 2609 3447 sacsnnons.

927 3512 1182 3597 Rector,
1229 3513 1526 3598 magistri
1575 3522 1638 3576 et
1676 3512 1976 3578 doctores
2019 3512 2303 3599 inclytae
2345 3515 2789 3579 universitatis
2834 3511 3030 3578 studii
3068 3512 3432 3598 Lypsensis

935 3611 1218 3678 Salutem
1261 3611 1329 3675 in
1373 3609 1482 3676 dn.-
1519 3610 1716 3675 Venit
1759 3611 1845 3675 ad
1897 3634 2017 3676 nos
2058 3613 2163 3676 vir
2220 3614 2541 3698 egregius,
2600 3612 2897 3678 dominus
2949 3611 3336 3698 Henningus
3385 3613 3618 3695 Froch,

767 3733 1166 3796 conquerens
1218 3710 1527 3796 graviter,
1582 3710 1753 3796 quod
1797 3709 2096 3776 dominus
2137 3711 2419 3777 Ioannes
2461 3711 2682 3778 Trolle
2725 3713 2793 3777 in
2844 3732 3044 3776 causa
3105 3710 3310 3776 debiti
3348 3720 3413 3776 et
3459 3713 3619 3777 iniu-

684 3811 1018 3875 sorim-um
1090 3831 1309 3875 coram
1366 3807 1553 3874 nobis
1617 3807 1938 3895 pendente
2008 3810 2199 3875 citari
2272 3833 2341 3875 se
2396 3833 2625 3877 versus
2690 3809 3038 3895 Mersburg
3097 3809 3181 3874 ab
3245 3811 3627 3876 excellentia

766 3918 990 3974 vestra
1030 3908 1273 3990 fecerit,
1319 3930 1464 3973 cum
1507 3917 1722 3972 tamen
1764 3907 1845 3972 lis
1889 3906 1997 3973 hic
2048 3931 2270 3975 coram
2313 3909 2503 3975 nobis
2562 3921 2757 3976 antea
2808 3910 3004 3974 fuerit
3061 3917 3443 3993 contestata,
3502 3911 3622 3975 im-

769 4006 1176 4095 ploravitque
1215 4009 1285 4072 in
1324 4006 1448 4071 hac
1487 4030 1560 4072 re
1600 4005 1914 4072 auxilium
1958 4019 2024 4073 et
2063 4007 2462 4094 praesidium
2499 4020 2811 4092 nostrum,
2856 4008 3029 4095 quod
3068 4007 3167 4076 illi
3209 4031 3452 4094 negare
3494 4032 3624 4074 non

770 4110 1115 4195 potuimus,
1179 4107 1566 4194 praesertim
1625 4129 1773 4171 eum
1815 4106 1985 4173 dom.
2031 4106 2251 4172 Trolle
2291 4118 2542 4173 contra·
2579 4110 3011 4174 iuramentum
3055 4131 3241 4173 suum
3279 4118 3344 4173 et
3385 4118 3627 4174 statuta

769 4216 994 4272 nostra
1034 4207 1307 4272 rectoris
1347 4204 1861 4271 iurisdictionem
1904 4217 2146 4271 temere
2181 4215 2246 4271 et
2290 4207 2431 4271 sine
2461 4206 2596 4273 ulla
2639 4229 2872 4274 caussa
2913 4208 3107 4273 etiam
3149 4207 3263 4272 lite
3306 4207 3628 4296 pendente

691 4314 757 4370 35
777 4303 1135 4371 declinarit,
1221 4304 1639 4390 Quapropter
1694 4327 1955 4370 oramus
2000 4294 2441 4392 praestantem
2497 4305 2944 4372 excellentiam
2988 4315 3296 4390 vestram,
3350 4331 3432 4373 ne
3471 4308 3628 4374 velit

771 4406 1117 4470 temerario
1162 4400 1266 4490 [77
1280 4399 1332 4489 ⁸]
1379 4405 1585 4468 actori
1637 4405 1705 4469 in
1760 4403 1886 4469 hac
1932 4426 2167 4469 caussa
2219 4405 2432 4472 locum
2478 4404 2637 4469 dare
2692 4403 2809 4470 sed
2873 4407 3091 4492 potius
3145 4406 3328 4472 illum
3372 4430 3626 4493 cogere,

774 4511 846 4568 ut
899 4505 999 4568 ius
1046 4526 1260 4586 suum,
1318 4503 1372 4566 si
1425 4501 1600 4586 quod
1654 4501 1881 4586 habet,
1940 4524 2158 4568 coram
2209 4504 2398 4571 nobis
2456 4513 2904 4594 persequatur.
2985 4504 3065 4569 Id
3123 4505 3296 4591 quod
3334 4508 3625 4572 vicissim

775 4605 950 4668 omni
993 4602 1206 4668 studio
1248 4609 1315 4666 et
1355 4622 1558 4688 opera
1598 4623 1759 4687 erga
1800 4600 2252 4668 excellentiam
2296 4613 2583 4669 vestram
2629 4605 2805 4687 omni
2844 4603 2988 4670 loco
3039 4613 3104 4669 et
3142 4615 3437 4692 tempore
3481 4628 3625 4693 pro·

773 4703 1010 4767 mereri
1048 4700 1469 4767 studebimus.
1514 4699 1764 4766 Valete.
1809 4700 2121 4788 Lypsiae,
2167 4724 2335 4768 anno
2380 4701 2717 4768 XXXIIII
2756 4714 2877 4769 etc.

691 4878 759 4933 4ο
886 4874 1016 4935 134.
1062 4883 1472 4950 MANDATUM,
1518 4882 1712 4943 Quon
1752 4882 2152 4950 Armerrun,
2198 4883 2341 4932 cum
2384 4884 2749 4936 CANDELAE
2794 4885 3439 4938 mms‘rmnonun

1859 4982 2515 5034 cmcunrnnuu'rnn.

939 5097 1121 5166 More
1161 5100 1475 5166 maiorum
1519 5098 1646 5164 hac
1689 5119 1968 5185 vespera
2015 5098 2327 5164 candelae
2370 5100 2473 5182 iis,
2532 5100 2640 5187 qui
2700 5100 2787 5164 ad
2843 5123 3116 5165 examen
3161 5123 3282 5188 pro
3323 5102 3627 5188 magiste-

772 5199 870 5264 rio
929 5200 1101 5264 iusta
1164 5197 1565 5263 dominorum
1630 5201 2150 5263 examinatorum
2213 5220 2488 5263 censura
2549 5197 2932 5264 admittendi
2998 5211 3204 5283 erunt,
3262 5223 3304 5265 a
3364 5200 3627 5266 domino

774 5295 1309 5363 vicecancellario
1354 5307 1416 5362 et
1461 5297 1653 5362 dictis
1697 5296 2259 5362 examinatoribus
2311 5297 2704 5363 adferentur.
2789 5297 3209 5386 Quapropter
3248 5299 3629 5368 Fridericus
