4038 6358
868 459 989 529 326
1848 458 1949 508 Die
1988 457 2098 522 phn
2106 458 2426 523 osopbische
2459 457 2713 509 Faeulsst.

1594 682 1686 742 15.
1728 693 1823 741 ns·
1865 692 2093 743 nmms
2134 691 2350 741 ramo
2391 690 2947 741 ursi-nmmum.

2002 812 2128 876 νει.
2168 826 2216 865 ι
2263 811 2339 862 st.
2374 810 2457 870 21,
2492 810 2540 861 3.

1029 925 1194 990 Item
1249 924 1420 1013 quod
1474 946 1692 991 omnes
1742 924 1895 992 libri
1944 948 2065 1014 pro
2108 923 2423 1012 gradibus
2465 924 2827 1011 magisterii
2876 921 2982 989 vel
3036 921 3597 988 baccalariatus
3670 919 3825 1005 pri-

864 1026 1058 1090 mitus
1106 1023 1594 1091 distribuantur.
1677 1023 1929 1106 Quibus
1973 1023 2059 1091 ad
2103 1024 2365 1113 plenum
2408 1048 2537 1091 non
2577 1022 2957 1104 distributis,
3015 1046 3145 1088 non
3189 1021 3477 1110 poterit
3533 1016 3818 1106 aliquis

781 1135 814 1190 5
866 1124 1323 1210 magistrorum
1399 1122 1596 1188 alium
1671 1132 1860 1189 exn-a
1932 1124 2093 1190 istos
2169 1123 2494 1211 recipere3
2575 1121 2691 1189 sed
2755 1130 3100 1210 postquam
3163 1144 3411 1189 omnes
3514 1118 3816 1204 recepti

865 1223 1106 1287 fuerint
1114 1271 1133 1305 ,
1197 1223 1466 1309 poterit,
1523 1224 1633 1310 qui
1686 1221 1984 1289 residuus
2038 1223 2259 1305 fuerit,
2318 1222 2610 1311 recipere
2665 1220 2931 1305 librum,
2987 1240 3473 1309 quemcunque
3552 1214 3803 1283 volue-

863 1323 950 1386 rit
991 1330 1108 1386 etc.

1452 1441 1541 1504 16.
1591 1432 1714 1524 [Bl.
1758 1444 1836 1504 57
1848 1435 1901 1525 ¹²]
1945 1455 2058 1528 ns,
2086 1453 2648 1505 commeamus
2689 1436 3098 1504 onnmARm¹

2021 1574 2143 1638 νει.
2183 1589 2229 1625 a.
2266 1574 2342 1625 sn.
2377 1573 2460 1637 21,
2496 1573 2545 1624 4.

793 1698 858 1753 10
1042 1686 1201 1750 Item
1245 1686 1514 1775 quilibet
1552 1688 2010 1773 magistrorum
2052 1689 2375 1776 recipiens
2416 1687 2817 1753 ordinarium
2856 1687 3178 1753 tenebitur
3219 1689 3459 1775 ipsum
3518 1708 3668 1773 per
3717 1707 3793 1748 se

877 1786 1249 1852 continuare
1290 1784 1393 1851 vel
1435 1786 1726 1852 facultati
1769 1787 2104 1875 resignare
2146 1796 2298 1854 ante
2337 1789 2574 1853 festum
2616 1785 2811 1852 Galli.

1703 1959 1794 2019 17.
1837 1972 1932 2019 ns
1973 1970 2404 2021 nomi-mus
2446 1969 2862 2020 ommuaus.

2005 2089 2125 2155 νει.
2169 2105 2217 2144 ι.
2264 2090 2341 2142 st.
2378 2090 2462 2150 21,
2498 2092 2545 2141 5.

1031 2202 1215 2283 Item,
1263 2203 1318 2267 si
1357 2201 1424 2268 in
1470 2225 1626 2269 casu
1674 2204 1906 2291 aliquis
1952 2205 2411 2290 magistrorum
2454 2212 2602 2290 post
2643 2202 3082 2289 incepcionem
3125 2224 3457 2268 novarum
3509 2201 3764 2268 leccio-

789 2312 849 2369 15
866 2326 1018 2367 num
1084 2300 1379 2366 similiter
1440 2302 1758 2389 inciperet
1816 2302 2032 2389 legere
2095 2302 2497 2368 ordinarium
2574 2311 2639 2367 et
2696 2324 2826 2366 non
2892 2303 3293 2367 continuaret
3363 2324 3606 2390 usque
3672 2300 3760 2366 ad

870 2402 1083 2483 finem,
1126 2423 1256 2465 non
1298 2409 1512 2487 potest
1553 2400 1740 2466 alteri
1783 2402 2119 2487 resignare
2164 2401 2251 2467 ad
2292 2400 2816 2484 continuandum,
2857 2400 2973 2466 sed
3018 2401 3217 2467 stabit
3256 2404 3327 2466 in
3368 2401 3754 2468 dictamine

41 2513 85 2610 {gg
865 2501 1190 2567 facultatis
1233 2499 1563 2566 residuum
1607 2500 2129 2567 continuandum.

41 2636 85 2752 {¹⁴
1389 2672 1484 2734 18.
1529 2684 1672 2734 cun
1714 2684 1903 2746 Quo'r
1946 2684 2414 2734 Annmn'rmns
2454 2684 2585 2733 nsi·
2627 2683 3177 2733 com-nmmos.

46 2755 57 2762 ’
2029 2786 2145 2850 vgl.
2177 2802 2225 2836 ι
2254 2787 2329 2838 ει
2365 2786 2446 2848 21,
2484 2787 2532 2838 s.

788 2891 856 2949 20
1035 2883 1195 2947 Item
1258 2883 1524 2973 quilibet
1567 2886 1887 2972 recipiens
1932 2883 2331 2951 ordinarium
2370 2883 2692 2949 tenebitur
2732 2884 2945 2971 ipsum
2989 2885 3369 2950 continuare
3408 2907 3571 2950 cum
3621 2884 3737 2948 tri-

871 2982 991 3048 bus
1038 2982 1446 3050 audientibus
1492 2985 1577 3050 ad
1620 2987 1856 3049 minus.

1521 3141 1616 3204 19.
1657 3153 1754 3201 DE
1797 3150 2231 3201 moeremus
2275 3152 2635 3201 oanmum
2677 3152 2748 3200 m
2790 3151 3069 3201 mmo.

2019 3254 2139 3317 vgv.
2178 3270 2225 3305 a.
2268 3254 2341 3305 st.
2381 3254 2465 3313 21,
2505 3256 2550 3305 7.

1035 3368 1198 3433 Item
1242 3368 1514 3459 quilibet
1551 3370 1865 3456 magister
1908 3367 2102 3435 debet
2144 3390 2287 3433 esse
2327 3367 2590 3433 indutus
2632 3366 2861 3434 habitu
2900 3390 3021 3455 pro
3061 3377 3353 3456 tempore
3394 3368 3723 3456 recepcio·

787 3476 853 3534 25
871 3469 973 3533 nis
1013 3467 1346 3536 ordinarii.

1582 3590 1683 3654 20.
1722 3602 1912 3650 mam
1951 3601 2046 3649 AD
2088 3599 2379 3648 emma
2419 3599 2997 3651 escensana-us.

1606 3704 1611 3713 ‘
2012 3718 2134 3783 νει.
2167 3733 2213 3769 a.
2250 3719 2326 3769 st.
2363 3717 2447 3780 21,
2484 3717 2563 3769 12.

1032 3835 1194 3900 Item
1234 3834 1387 3900 libri
1440 3834 1525 3899 ad
1580 3834 1855 3920 gradum
1908 3831 2385 3899 baccalariatus
2439 3839 2615 3896 sunt:
2687 3842 3001 3899 uectatus
3052 3835 3279 3901 Petri
3330 3832 3709 3922 Hispani,

870 3933 1372 3998 Priscianus
1408 3934 1771 4015 brevior,
1815 3942 2056 3997 vetus
2098 3954 2267 4013 ars,
2310 3932 2697 4018 priorum,
2742 3934 3339 4018 posteriorum,
3383 3933 3710 3999 eleuco-

787 4040 1070 4114 30rum,
1115 4031 1654 4118 phisicorum,
1712 4031 1807 4096 de
1848 4032 2139 4113 anima,
2198 4052 2440 4117 spera
2482 4032 2987 4116 materialis,
3029 4033 3399 4100 Donatus
3439 4036 3709 4099 minor

872 4130 976 4195 vel
1034 4131 1397 4197 secunda
1456 4154 1652 4219 pars
1707 4129 1813 4196 vel
1867 4128 2276 4210 Florista,
2334 4126 2849 4215 algorismus
2893 4141 2960 4196 et
3000 4143 3435 4220 computus
3488 4143 3555 4199 et
3604 4129 3706 4196 ali·

873 4231 1016 4318 quis
1059 4228 1280 4295 liber
1320 4233 1398 4296 in
1434 4230 1880 4296 rethorica.

1659 4400 1759 4461 21.
1801 4410 1992 4459 mem
2034 4410 2128 4458 AD
2172 4408 2462 4457 summ
2503 4410 2920 4460 molerem.

2012 4529 2135 4593 νει.
2170 4543 2217 4581 ι.
2257 4528 2331 4579 ει
2369 4529 2452 4589 21,
2493 4529 2574 4581 13.

784 4655 851 4712 35
1034 4645 1196 4711 Item
1241 4643 1327 4709 ad
1371 4643 1645 4730 gradum
1678 4643 2040 4731 magisterii
2081 4651 2229 4709 sunt
2269 4642 2421 4709 libri
2461 4645 2602 4710 isti:
2660 4646 3148 4732 topicorum,
3193 4645 3287 4710 de
3326 4645 3582 4730 coele,
3620 4643 3697 4709 de

864 4744 1430 4831 generacione,
1474 4743 2101 4825 metheororum,
2145 4765 2403 4830 parva
2456 4745 2899 4828 naturalia,
2954 4744 3433 4827 ethicorum,
3477 4744 3698 4833 polli-

867 4845 1252 4925 ticorum,
1303 4843 1983 4928 yconomicorum,
2039 4844 2580 4930 perspectiva
2623 4846 3082 4930 communis,
3124 4843 3500 4910 theorica
3551 4844 3695 4931 pla·

1030 5044 1048 5094 1
1093 5040 1295 5112 Einige
1336 5039 1456 5095 hier
1490 5040 1605 5094 und
1651 5039 1741 5095 bei
1785 5039 1893 5094 den
1942 5037 2238 5109 folgenden
2273 5036 2555 5094 Absatsen
2604 5042 2793 5110 spiiter
2838 5058 2911 5096 an
2960 5041 3066 5097 den
3117 5039 3282 5096 nand
3322 5036 3693 5111 geschriebene

868 5122 1106 5179 Zeichen
1141 5124 1255 5179 und
1296 5122 1655 5179 Buchstaben
1690 5137 1918 5194 vei-mag
1950 5121 2043 5176 ich
2077 5120 2235 5178 nicht
2265 5138 2336 5177 zu
2370 5120 2731 5180 entrfithseln.
