<?xml version="1.0" encoding="UTF-8"?>
<!DOCTYPE html PUBLIC "-//W3C//DTD XHTML 1.0 Transitional//EN"
    "http://www.w3.org/TR/xhtml1/DTD/xhtml1-transitional.dtd">
<html xmlns="http://www.w3.org/1999/xhtml" xml:lang="en" lang="en">
 <head>
  <title>
</title>
<meta http-equiv="Content-Type" content="text/html;charset=utf-8" />
  <meta name='ocr-system' content='tesseract 3.04.00' />
  <meta name='ocr-capabilities' content='ocr_page ocr_carea ocr_par ocr_line ocrx_word'/>
</head>
<body>
  <div class='ocr_page' id='page_1' title='image "./diestatutenbche02leipgoog_0116.png"; bbox 0 0 4038 6358; ppageno 0'>
   <div class='ocr_carea' id='block_1_1' title="bbox 821 604 2723 675">
    <p class='ocr_par' dir='ltr' id='par_1_1' title="bbox 821 604 2723 675">
     <span class='ocr_line' id='line_1_1' title="bbox 821 604 2723 675; baseline -0.004 -8"><span class='ocrx_word' id='word_1_1' title='bbox 821 612 936 675; x_wconf 88' lang='lat'><strong>100</strong></span> <span class='ocrx_word' id='word_1_2' title='bbox 1745 608 1855 660; x_wconf 82' lang='lat' dir='ltr'><strong>Des</strong></span> <span class='ocrx_word' id='word_1_3' title='bbox 1892 608 2162 661; x_wconf 77' lang='lat' dir='ltr'><strong>Iohannes</strong></span> <span class='ocrx_word' id='word_1_4' title='bbox 2196 604 2357 661; x_wconf 76' lang='lat' dir='ltr'><strong>Fabri</strong></span> <span class='ocrx_word' id='word_1_5' title='bbox 2390 611 2457 660; x_wconf 83' lang='lat' dir='ltr'><strong>de</strong></span> <span class='ocrx_word' id='word_1_6' title='bbox 2493 605 2723 661; x_wconf 84' lang='lat' dir='ltr'><strong>Werdea</strong></span> 
     </span>
    </p>
   </div>
   <div class='ocr_carea' id='block_1_2' title="bbox 1190 793 3268 859">
    <p class='ocr_par' dir='ltr' id='par_1_2' title="bbox 1190 793 3268 859">
     <span class='ocr_line' id='line_1_2' title="bbox 1190 793 3268 859; baseline -0.002 -2"><span class='ocrx_word' id='word_1_7' title='bbox 1190 793 1245 857; x_wconf 81' lang='lat'><strong>8.</strong></span> <span class='ocrx_word' id='word_1_8' title='bbox 1309 807 1696 856; x_wconf 72' lang='lat' dir='ltr'>MANDATUM</span> <span class='ocrx_word' id='word_1_9' title='bbox 1736 808 2338 859; x_wconf 68' lang='lat' dir='ltr'>NOTIFICATORIUM</span> <span class='ocrx_word' id='word_1_10' title='bbox 2382 807 2890 858; x_wconf 71' lang='lat' dir='ltr'>RELEGATIONIS</span> <span class='ocrx_word' id='word_1_11' title='bbox 2931 804 3268 857; x_wconf 76' lang='lat' dir='ltr'><strong>Amemus.</strong></span> 
     </span>
    </p>
   </div>
   <div class='ocr_carea' id='block_1_3' title="bbox 731 922 3679 1811">
    <p class='ocr_par' dir='ltr' id='par_1_3' title="bbox 811 922 3679 1210">
     <span class='ocr_line' id='line_1_3' title="bbox 980 922 3679 1011; baseline -0.001 -23"><span class='ocrx_word' id='word_1_12' title='bbox 980 922 1293 989; x_wconf 88' lang='lat' dir='ltr'><strong>Notificat</strong></span> <span class='ocrx_word' id='word_1_13' title='bbox 1334 923 1632 990; x_wconf 88' lang='lat' dir='ltr'><strong>omnibus</strong></span> <span class='ocrx_word' id='word_1_14' title='bbox 1675 935 1738 990; x_wconf 93' lang='lat' dir='ltr'><strong>et</strong></span> <span class='ocrx_word' id='word_1_15' title='bbox 1780 924 2056 1011; x_wconf 86' lang='lat' dir='ltr'><strong>singulis</strong></span> <span class='ocrx_word' id='word_1_16' title='bbox 2098 925 2543 991; x_wconf 86' lang='lat' dir='ltr'><strong>universitatis</strong></span> <span class='ocrx_word' id='word_1_17' title='bbox 2586 924 2876 991; x_wconf 91' lang='lat' dir='ltr'><strong>eiusdem</strong></span> <span class='ocrx_word' id='word_1_18' title='bbox 2920 924 3278 1011; x_wconf 78' lang='lat' dir='ltr'>suppositis</span> <span class='ocrx_word' id='word_1_19' title='bbox 3320 945 3450 1010; x_wconf 90' lang='lat' dir='ltr'><strong>per</strong></span> <span class='ocrx_word' id='word_1_20' title='bbox 3483 942 3679 1008; x_wconf 85' lang='lat' dir='ltr'><strong>prae·</strong></span> 
     </span>
     <span class='ocr_line' id='line_1_4' title="bbox 814 1019 3677 1113; baseline -0.001 -24"><span class='ocrx_word' id='word_1_21' title='bbox 814 1025 1020 1089; x_wconf 89' lang='lat' dir='ltr'><strong>sentia</strong></span> <span class='ocrx_word' id='word_1_22' title='bbox 1048 1026 1067 1066; x_wconf 87' lang='lat'><strong>¹</strong></span> <span class='ocrx_word' id='word_1_23' title='bbox 1081 1072 1100 1107; x_wconf 86' lang='lat'><em>‚</em></span> <span class='ocrx_word' id='word_1_24' title='bbox 1164 1024 1259 1091; x_wconf 64' lang='grc' dir='ltr'><strong>Ν.</strong></span> <span class='ocrx_word' id='word_1_25' title='bbox 1325 1025 1460 1089; x_wconf 91' lang='lat' dir='ltr'><strong>iam</strong></span> <span class='ocrx_word' id='word_1_26' title='bbox 1523 1023 1734 1090; x_wconf 88' lang='lat' dir='ltr'><strong>dictae</strong></span> <span class='ocrx_word' id='word_1_27' title='bbox 1790 1025 2236 1090; x_wconf 87' lang='lat' dir='ltr'><strong>universitatis</strong></span> <span class='ocrx_word' id='word_1_28' title='bbox 2299 1021 2362 1112; x_wconf 85' lang='lat'><strong>[8</strong></span> <span class='ocrx_word' id='word_1_29' title='bbox 2373 1022 2425 1113; x_wconf 79' lang='lat' dir='ltr'><strong>b]</strong></span> <span class='ocrx_word' id='word_1_30' title='bbox 2471 1025 2881 1113; x_wconf 85' lang='lat' dir='ltr'><strong>suppositum</strong></span> <span class='ocrx_word' id='word_1_31' title='bbox 2937 1030 3206 1111; x_wconf 91' lang='lat' dir='ltr'><strong>propter</strong></span> <span class='ocrx_word' id='word_1_32' title='bbox 3260 1019 3677 1107; x_wconf 85' lang='lat' dir='ltr'><strong>multiplices</strong></span> 
     </span>
     <span class='ocr_line' id='line_1_5' title="bbox 811 1123 3677 1210; baseline -0.001 -22"><span class='ocrx_word' id='word_1_33' title='bbox 811 1147 961 1189; x_wconf 89' lang='lat' dir='ltr'><strong>suos</strong></span> <span class='ocrx_word' id='word_1_34' title='bbox 1005 1145 1313 1189; x_wconf 87' lang='lat' dir='ltr'><strong>excessus</strong></span> <span class='ocrx_word' id='word_1_35' title='bbox 1357 1133 1422 1189; x_wconf 89' lang='lat' dir='ltr'><strong>et</strong></span> <span class='ocrx_word' id='word_1_36' title='bbox 1465 1124 1781 1189; x_wconf 89' lang='lat' dir='ltr'><strong>demerita</strong></span> <span class='ocrx_word' id='word_1_37' title='bbox 1823 1123 1904 1189; x_wconf 89' lang='lat' dir='ltr'><strong>de</strong></span> <span class='ocrx_word' id='word_1_38' title='bbox 1945 1126 2270 1190; x_wconf 90' lang='lat' dir='ltr'><strong>communi</strong></span> <span class='ocrx_word' id='word_1_39' title='bbox 2313 1147 2631 1191; x_wconf 91' lang='lat' dir='ltr'><strong>consensu</strong></span> <span class='ocrx_word' id='word_1_40' title='bbox 2671 1123 3106 1210; x_wconf 80' lang='lat' dir='ltr'><strong>concordique</strong></span> <span class='ocrx_word' id='word_1_41' title='bbox 3150 1123 3483 1187; x_wconf 86' lang='lat' dir='ltr'><strong>sententia</strong></span> <span class='ocrx_word' id='word_1_42' title='bbox 3522 1142 3677 1185; x_wconf 91' lang='lat' dir='ltr'><strong>con·</strong></span> 
     </span>
    </p>

    <p class='ocr_par' dir='ltr' id='par_1_4' title="bbox 753 1217 3676 1711">
     <span class='ocr_line' id='line_1_6' title="bbox 753 1217 3675 1313; baseline -0.001 -25"><span class='ocrx_word' id='word_1_43' title='bbox 753 1233 787 1288; x_wconf 82' lang='lat'>5</span> <span class='ocrx_word' id='word_1_44' title='bbox 809 1223 1203 1290; x_wconf 90' lang='lat' dir='ltr'><strong>siliariorum</strong></span> <span class='ocrx_word' id='word_1_45' title='bbox 1262 1223 1626 1289; x_wconf 79' lang='lat' dir='ltr'><strong>antedictae</strong></span> <span class='ocrx_word' id='word_1_46' title='bbox 1677 1224 2124 1289; x_wconf 83' lang='lat' dir='ltr'><strong>universitatis</strong></span> <span class='ocrx_word' id='word_1_47' title='bbox 2181 1224 2268 1290; x_wconf 90' lang='lat' dir='ltr'><strong>ad</strong></span> <span class='ocrx_word' id='word_1_48' title='bbox 2319 1225 2826 1313; x_wconf 85' lang='lat' dir='ltr'><strong>quinquennium</strong></span> <span class='ocrx_word' id='word_1_49' title='bbox 2881 1245 3024 1288; x_wconf 87' lang='lat' dir='ltr'><strong>esse</strong></span> <span class='ocrx_word' id='word_1_50' title='bbox 3074 1221 3473 1309; x_wconf 85' lang='lat' dir='ltr'><strong>relegatum.</strong></span> <span class='ocrx_word' id='word_1_51' title='bbox 3564 1217 3675 1285; x_wconf 92' lang='lat' dir='ltr'><strong>Ob</strong></span> 
     </span>
     <span class='ocr_line' id='line_1_7' title="bbox 806 1319 3672 1410; baseline -0.002 -23"><span class='ocrx_word' id='word_1_52' title='bbox 806 1322 932 1389; x_wconf 88' lang='lat' dir='ltr'><strong>hoc</strong></span> <span class='ocrx_word' id='word_1_53' title='bbox 975 1321 1245 1388; x_wconf 88' lang='lat' dir='ltr'><strong>mandat</strong></span> <span class='ocrx_word' id='word_1_54' title='bbox 1284 1323 1458 1389; x_wconf 93' lang='lat' dir='ltr'><strong>idem</strong></span> <span class='ocrx_word' id='word_1_55' title='bbox 1503 1324 1801 1390; x_wconf 91' lang='lat' dir='ltr'><strong>dominus</strong></span> <span class='ocrx_word' id='word_1_56' title='bbox 1846 1332 2059 1390; x_wconf 89' lang='lat' dir='ltr'><strong>rector</strong></span> <span class='ocrx_word' id='word_1_57' title='bbox 2103 1323 2401 1390; x_wconf 90' lang='lat' dir='ltr'><strong>omnibus</strong></span> <span class='ocrx_word' id='word_1_58' title='bbox 2447 1336 2511 1390; x_wconf 88' lang='lat' dir='ltr'><strong>et</strong></span> <span class='ocrx_word' id='word_1_59' title='bbox 2554 1323 2826 1410; x_wconf 81' lang='lat' dir='ltr'><strong>singulis</strong></span> <span class='ocrx_word' id='word_1_60' title='bbox 2869 1323 3061 1389; x_wconf 89' lang='lat' dir='ltr'><strong>huius</strong></span> <span class='ocrx_word' id='word_1_61' title='bbox 3105 1321 3307 1387; x_wconf 86' lang='lat' dir='ltr'><strong>studii</strong></span> <span class='ocrx_word' id='word_1_62' title='bbox 3350 1319 3672 1407; x_wconf 87' lang='lat' dir='ltr'><strong>supposi-</strong></span> 
     </span>
     <span class='ocr_line' id='line_1_8' title="bbox 807 1418 3676 1512; baseline -0.002 -24"><span class='ocrx_word' id='word_1_63' title='bbox 807 1425 924 1506; x_wconf 87' lang='lat' dir='ltr'><strong>tis,</strong></span> <span class='ocrx_word' id='word_1_64' title='bbox 986 1432 1305 1509; x_wconf 87' lang='lat' dir='ltr'><strong>quatenus</strong></span> <span class='ocrx_word' id='word_1_65' title='bbox 1362 1421 1610 1489; x_wconf 87' lang='lat' dir='ltr'><strong>nullum</strong></span> <span class='ocrx_word' id='word_1_66' title='bbox 1666 1426 1959 1512; x_wconf 91' lang='lat' dir='ltr'><strong>ipsorum</strong></span> <span class='ocrx_word' id='word_1_67' title='bbox 2013 1425 2148 1489; x_wconf 85' lang='lat' dir='ltr'><strong>iam</strong></span> <span class='ocrx_word' id='word_1_68' title='bbox 2191 1423 2437 1490; x_wconf 87' lang='lat' dir='ltr'><strong>dictum</strong></span> <span class='ocrx_word' id='word_1_69' title='bbox 2478 1424 2839 1511; x_wconf 85' lang='lat' dir='ltr'><strong>relegatum</strong></span> <span class='ocrx_word' id='word_1_70' title='bbox 2882 1431 2996 1488; x_wconf 90' lang='lat' dir='ltr'><strong>aut</strong></span> <span class='ocrx_word' id='word_1_71' title='bbox 3032 1442 3459 1509; x_wconf 85' lang='lat' dir='ltr'><strong>quoscunque</strong></span> <span class='ocrx_word' id='word_1_72' title='bbox 3504 1418 3676 1484; x_wconf 86' lang='lat' dir='ltr'><strong>tales</strong></span> 
     </span>
     <span class='ocr_line' id='line_1_9' title="bbox 808 1520 3675 1612; baseline -0.002 -24"><span class='ocrx_word' id='word_1_73' title='bbox 808 1522 1091 1610; x_wconf 90' lang='lat' dir='ltr'><strong>hospitio</strong></span> <span class='ocrx_word' id='word_1_74' title='bbox 1131 1524 1435 1610; x_wconf 85' lang='lat' dir='ltr'><strong>recipiat,</strong></span> <span class='ocrx_word' id='word_1_75' title='bbox 1490 1541 1717 1589; x_wconf 88' lang='lat' dir='ltr'><strong>mensa</strong></span> <span class='ocrx_word' id='word_1_76' title='bbox 1757 1524 2004 1608; x_wconf 87' lang='lat' dir='ltr'><strong>foveat,</strong></span> <span class='ocrx_word' id='word_1_77' title='bbox 2070 1534 2184 1590; x_wconf 88' lang='lat' dir='ltr'><strong>aut</strong></span> <span class='ocrx_word' id='word_1_78' title='bbox 2224 1524 2651 1612; x_wconf 82' lang='lat' dir='ltr'><strong>quovismodo</strong></span> <span class='ocrx_word' id='word_1_79' title='bbox 2695 1522 2905 1589; x_wconf 87' lang='lat' dir='ltr'><strong>eidem</strong></span> <span class='ocrx_word' id='word_1_80' title='bbox 2945 1521 3053 1588; x_wconf 92' lang='lat' dir='ltr'><strong>vel</strong></span> <span class='ocrx_word' id='word_1_81' title='bbox 3094 1520 3342 1587; x_wconf 89' lang='lat' dir='ltr'><strong>eisdem</strong></span> <span class='ocrx_word' id='word_1_82' title='bbox 3385 1540 3675 1586; x_wconf 87' lang='lat' dir='ltr'><strong>conver·</strong></span> 
     </span>
     <span class='ocr_line' id='line_1_10' title="bbox 796 1618 3675 1711; baseline -0.003 -18"><span class='ocrx_word' id='word_1_83' title='bbox 796 1624 944 1693; x_wconf 60' lang='lat' dir='ltr'><strong>asari</strong></span> <span class='ocrx_word' id='word_1_84' title='bbox 983 1632 1389 1709; x_wconf 87' lang='lat' dir='ltr'><strong>praesumat,</strong></span> <span class='ocrx_word' id='word_1_85' title='bbox 1429 1622 1551 1689; x_wconf 89' lang='lat' dir='ltr'><strong>sub</strong></span> <span class='ocrx_word' id='word_1_86' title='bbox 1596 1646 1813 1711; x_wconf 88' lang='lat' dir='ltr'><strong>poena</strong></span> <span class='ocrx_word' id='word_1_87' title='bbox 1854 1643 1903 1690; x_wconf 83' lang='lat' dir='ltr'><strong>x</strong></span> <span class='ocrx_word' id='word_1_88' title='bbox 1942 1623 2341 1690; x_wconf 88' lang='lat' dir='ltr'><strong>florenorum</strong></span> <span class='ocrx_word' id='word_1_89' title='bbox 2380 1624 2789 1690; x_wconf 82' lang='lat' dir='ltr'><strong>universitati</strong></span> <span class='ocrx_word' id='word_1_90' title='bbox 2829 1620 3367 1688; x_wconf 81' lang='lat' dir='ltr'><strong>irremissibiliter</strong></span> <span class='ocrx_word' id='word_1_91' title='bbox 3406 1618 3675 1709; x_wconf 88' lang='lat' dir='ltr'><strong>persol-</strong></span> 
     </span>
    </p>

    <p class='ocr_par' dir='ltr' id='par_1_5' title="bbox 731 1721 2754 1811">
     <span class='ocr_line' id='line_1_11' title="bbox 731 1721 2754 1811; baseline 0 -24"><span class='ocrx_word' id='word_1_92' title='bbox 731 1733 795 1793; x_wconf 80' lang='lat'><strong>10</strong></span> <span class='ocrx_word' id='word_1_93' title='bbox 811 1721 1191 1787; x_wconf 88' lang='lat' dir='ltr'><strong>vendorum.</strong></span> <span class='ocrx_word' id='word_1_94' title='bbox 1274 1722 1520 1789; x_wconf 89' lang='lat' dir='ltr'><strong>Datum</strong></span> <span class='ocrx_word' id='word_1_95' title='bbox 1561 1734 1923 1791; x_wconf 83' lang='lat' dir='ltr'><strong>rectoratus</strong></span> <span class='ocrx_word' id='word_1_96' title='bbox 1968 1722 2092 1789; x_wconf 91' lang='lat' dir='ltr'><strong>sub</strong></span> <span class='ocrx_word' id='word_1_97' title='bbox 2136 1723 2380 1811; x_wconf 79' lang='lat' dir='ltr'><strong>sigillo,</strong></span> <span class='ocrx_word' id='word_1_98' title='bbox 2421 1747 2591 1791; x_wconf 89' lang='lat' dir='ltr'><strong>anno</strong></span> <span class='ocrx_word' id='word_1_99' title='bbox 2636 1732 2754 1789; x_wconf 88' lang='lat' dir='ltr'><strong>etc.</strong></span> 
     </span>
    </p>
   </div>
   <div class='ocr_carea' id='block_1_4' title="bbox 1714 1898 2743 1958">
    <p class='ocr_par' dir='ltr' id='par_1_6' title="bbox 1714 1898 2743 1958">
     <span class='ocr_line' id='line_1_12' title="bbox 1714 1898 2743 1958; baseline -0.004 0"><span class='ocrx_word' id='word_1_100' title='bbox 1714 1898 1773 1958; x_wconf 85' lang='grc'><strong>9.</strong></span> <span class='ocrx_word' id='word_1_101' title='bbox 1837 1908 2227 1957; x_wconf 73' lang='grc' dir='ltr'><strong>ΜΑΝΒΔΤῘῙΜ</strong></span> <span class='ocrx_word' id='word_1_102' title='bbox 2263 1907 2743 1957; x_wconf 70' lang='lat' dir='ltr'>EXCLUSIONIS.</span> 
     </span>
    </p>
   </div>
   <div class='ocr_carea' id='block_1_5' title="bbox 723 2022 3670 3709">
    <p class='ocr_par' dir='ltr' id='par_1_7' title="bbox 805 2022 3670 2313">
     <span class='ocr_line' id='line_1_13' title="bbox 972 2022 3670 2113; baseline -0.002 -24"><span class='ocrx_word' id='word_1_103' title='bbox 972 2023 1110 2089; x_wconf 87' lang='lat' dir='ltr'><strong>Nos</strong></span> <span class='ocrx_word' id='word_1_104' title='bbox 1151 2023 1245 2089; x_wconf 89' lang='lat' dir='ltr'><strong>.N.</strong></span> <span class='ocrx_word' id='word_1_105' title='bbox 1290 2034 1406 2091; x_wconf 86' lang='lat' dir='ltr'><strong>etc.</strong></span> <span class='ocrx_word' id='word_1_106' title='bbox 1451 2033 1684 2089; x_wconf 88' lang='lat' dir='ltr'><strong>rector.</strong></span> <span class='ocrx_word' id='word_1_107' title='bbox 1769 2022 1934 2090; x_wconf 83' lang='lat' dir='ltr'><strong>Cum</strong></span> <span class='ocrx_word' id='word_1_108' title='bbox 1987 2025 2176 2090; x_wconf 89' lang='lat' dir='ltr'><strong>iuxta</strong></span> <span class='ocrx_word' id='word_1_109' title='bbox 2228 2024 2563 2113; x_wconf 85' lang='lat' dir='ltr'><strong>praefatae</strong></span> <span class='ocrx_word' id='word_1_110' title='bbox 2603 2023 3051 2088; x_wconf 84' lang='lat' dir='ltr'><strong>universitatis</strong></span> <span class='ocrx_word' id='word_1_111' title='bbox 3094 2029 3409 2086; x_wconf 86' lang='lat' dir='ltr'><strong>statutum</strong></span> <span class='ocrx_word' id='word_1_112' title='bbox 3423 2070 3444 2104; x_wconf 91' lang='lat'><strong><em>,</em></strong></span> <span class='ocrx_word' id='word_1_113' title='bbox 3516 2041 3670 2084; x_wconf 90' lang='lat' dir='ltr'><strong>con-</strong></span> 
     </span>
     <span class='ocr_line' id='line_1_14' title="bbox 805 2121 3669 2213; baseline -0.002 -23"><span class='ocrx_word' id='word_1_114' title='bbox 805 2134 909 2190; x_wconf 90' lang='lat' dir='ltr'><strong>tra</strong></span> <span class='ocrx_word' id='word_1_115' title='bbox 954 2123 1314 2190; x_wconf 90' lang='lat' dir='ltr'><strong>homicidas</strong></span> <span class='ocrx_word' id='word_1_116' title='bbox 1352 2121 1828 2190; x_wconf 85' lang='lat' dir='ltr'><strong>rationabiliter</strong></span> <span class='ocrx_word' id='word_1_117' title='bbox 1871 2122 2144 2208; x_wconf 84' lang='lat' dir='ltr'><strong>editum,</strong></span> <span class='ocrx_word' id='word_1_118' title='bbox 2188 2123 2522 2213; x_wconf 89' lang='lat' dir='ltr'><strong>quodlibet</strong></span> <span class='ocrx_word' id='word_1_119' title='bbox 2563 2123 3002 2211; x_wconf 83' lang='lat' dir='ltr'><strong>suppositum,</strong></span> <span class='ocrx_word' id='word_1_120' title='bbox 3044 2121 3471 2187; x_wconf 89' lang='lat' dir='ltr'><strong>homicidium</strong></span> <span class='ocrx_word' id='word_1_121' title='bbox 3515 2141 3669 2206; x_wconf 86' lang='lat' dir='ltr'><strong>per-</strong></span> 
     </span>
     <span class='ocr_line' id='line_1_15' title="bbox 805 2221 3668 2313; baseline -0.002 -23"><span class='ocrx_word' id='word_1_122' title='bbox 805 2234 1099 2313; x_wconf 90' lang='lat' dir='ltr'><strong>petrasse</strong></span> <span class='ocrx_word' id='word_1_123' title='bbox 1136 2232 1498 2310; x_wconf 87' lang='lat' dir='ltr'><strong>repertum,</strong></span> <span class='ocrx_word' id='word_1_124' title='bbox 1554 2245 1637 2288; x_wconf 91' lang='lat' dir='ltr'><strong>ne</strong></span> <span class='ocrx_word' id='word_1_125' title='bbox 1697 2223 1778 2288; x_wconf 93' lang='lat' dir='ltr'><strong>de</strong></span> <span class='ocrx_word' id='word_1_126' title='bbox 1819 2222 2071 2289; x_wconf 86' lang='lat' dir='ltr'><strong>malitia</strong></span> <span class='ocrx_word' id='word_1_127' title='bbox 2118 2247 2238 2290; x_wconf 88' lang='lat' dir='ltr'><strong>sua</strong></span> <span class='ocrx_word' id='word_1_128' title='bbox 2279 2223 2622 2289; x_wconf 90' lang='lat' dir='ltr'><strong>comodum</strong></span> <span class='ocrx_word' id='word_1_129' title='bbox 2663 2232 2953 2310; x_wconf 86' lang='lat' dir='ltr'><strong>reportet</strong></span> <span class='ocrx_word' id='word_1_130' title='bbox 2991 2244 3155 2287; x_wconf 91' lang='lat' dir='ltr'><strong>neve</strong></span> <span class='ocrx_word' id='word_1_131' title='bbox 3200 2221 3480 2285; x_wconf 86' lang='lat' dir='ltr'><strong>crimina</strong></span> <span class='ocrx_word' id='word_1_132' title='bbox 3527 2240 3668 2283; x_wconf 89' lang='lat' dir='ltr'><strong>ma-</strong></span> 
     </span>
    </p>

    <p class='ocr_par' dir='ltr' id='par_1_8' title="bbox 727 2319 3669 2811">
     <span class='ocr_line' id='line_1_16' title="bbox 727 2319 3669 2410; baseline -0.002 -21"><span class='ocrx_word' id='word_1_133' title='bbox 727 2334 787 2389; x_wconf 85' lang='lat'><strong>15</strong></span> <span class='ocrx_word' id='word_1_134' title='bbox 808 2336 1006 2389; x_wconf 89' lang='lat' dir='ltr'><strong>neant</strong></span> <span class='ocrx_word' id='word_1_135' title='bbox 1056 2324 1400 2409; x_wconf 88' lang='lat' dir='ltr'><strong>impunita,</strong></span> <span class='ocrx_word' id='word_1_136' title='bbox 1457 2346 1613 2388; x_wconf 88' lang='lat' dir='ltr'><strong>mox</strong></span> <span class='ocrx_word' id='word_1_137' title='bbox 1669 2347 1711 2389; x_wconf 88' lang='lat' dir='ltr'><strong>a</strong></span> <span class='ocrx_word' id='word_1_138' title='bbox 1773 2346 2049 2410; x_wconf 88' lang='lat' dir='ltr'><strong>corpore</strong></span> <span class='ocrx_word' id='word_1_139' title='bbox 2100 2325 2544 2391; x_wconf 87' lang='lat' dir='ltr'><strong>universitatis</strong></span> <span class='ocrx_word' id='word_1_140' title='bbox 2602 2321 2982 2410; x_wconf 87' lang='lat' dir='ltr'><strong>praedictae</strong></span> <span class='ocrx_word' id='word_1_141' title='bbox 3031 2320 3234 2386; x_wconf 83' lang='lat' dir='ltr'><strong>veluti</strong></span> <span class='ocrx_word' id='word_1_142' title='bbox 3285 2319 3669 2386; x_wconf 89' lang='lat' dir='ltr'><strong>membrum</strong></span> 
     </span>
     <span class='ocr_line' id='line_1_17' title="bbox 805 2421 3664 2511; baseline -0.001 -24"><span class='ocrx_word' id='word_1_143' title='bbox 805 2422 1134 2511; x_wconf 90' lang='lat' dir='ltr'><strong>putridum</strong></span> <span class='ocrx_word' id='word_1_144' title='bbox 1191 2421 1450 2488; x_wconf 85' lang='lat' dir='ltr'><strong>excludi</strong></span> <span class='ocrx_word' id='word_1_145' title='bbox 1515 2421 1750 2488; x_wconf 89' lang='lat' dir='ltr'><strong>debeat</strong></span> <span class='ocrx_word' id='word_1_146' title='bbox 1804 2433 1868 2488; x_wconf 90' lang='lat' dir='ltr'><strong>et</strong></span> <span class='ocrx_word' id='word_1_147' title='bbox 1909 2423 2227 2507; x_wconf 87' lang='lat' dir='ltr'><strong>rescindi,</strong></span> <span class='ocrx_word' id='word_1_148' title='bbox 2296 2432 2363 2488; x_wconf 88' lang='lat' dir='ltr'><strong>et</strong></span> <span class='ocrx_word' id='word_1_149' title='bbox 2409 2424 2509 2489; x_wconf 84' lang='lat' dir='ltr'><strong>.N.</strong></span> <span class='ocrx_word' id='word_1_150' title='bbox 2554 2423 2925 2509; x_wconf 86' lang='lat' dir='ltr'><strong>saepefatae</strong></span> <span class='ocrx_word' id='word_1_151' title='bbox 2963 2421 3408 2486; x_wconf 86' lang='lat' dir='ltr'><strong>universitatis</strong></span> <span class='ocrx_word' id='word_1_152' title='bbox 3450 2442 3664 2485; x_wconf 87' lang='lat' dir='ltr'><strong>mem-</strong></span> 
     </span>
     <span class='ocr_line' id='line_1_18' title="bbox 804 2518 3660 2610; baseline -0.001 -22"><span class='ocrx_word' id='word_1_153' title='bbox 804 2523 990 2588; x_wconf 88' lang='lat' dir='ltr'><strong>brum</strong></span> <span class='ocrx_word' id='word_1_154' title='bbox 1009 2572 1028 2606; x_wconf 88' lang='lat'>‚</span> <span class='ocrx_word' id='word_1_155' title='bbox 1070 2546 1346 2610; x_wconf 90' lang='lat' dir='ltr'><strong>poenam</strong></span> <span class='ocrx_word' id='word_1_156' title='bbox 1386 2524 1453 2587; x_wconf 92' lang='lat' dir='ltr'><strong>in</strong></span> <span class='ocrx_word' id='word_1_157' title='bbox 1497 2522 1863 2589; x_wconf 87' lang='lat' dir='ltr'><strong>huiusmodi</strong></span> <span class='ocrx_word' id='word_1_158' title='bbox 1905 2532 2147 2589; x_wconf 89' lang='lat' dir='ltr'><strong>statuto</strong></span> <span class='ocrx_word' id='word_1_159' title='bbox 2194 2545 2577 2610; x_wconf 82' lang='lat' dir='ltr'><strong>expressam</strong></span> <span class='ocrx_word' id='word_1_160' title='bbox 2618 2545 2697 2588; x_wconf 88' lang='lat' dir='ltr'><strong>ac</strong></span> <span class='ocrx_word' id='word_1_161' title='bbox 2746 2522 2913 2605; x_wconf 85' lang='lat' dir='ltr'><strong>alia,</strong></span> <span class='ocrx_word' id='word_1_162' title='bbox 2958 2522 3188 2587; x_wconf 90' lang='lat' dir='ltr'><strong>merito</strong></span> <span class='ocrx_word' id='word_1_163' title='bbox 3233 2518 3660 2602; x_wconf 88' lang='lat' dir='ltr'><strong>attendenda,</strong></span> 
     </span>
     <span class='ocr_line' id='line_1_19' title="bbox 801 2619 3664 2711; baseline -0.001 -23"><span class='ocrx_word' id='word_1_164' title='bbox 801 2625 1064 2688; x_wconf 89' lang='lat' dir='ltr'><strong>minime</strong></span> <span class='ocrx_word' id='word_1_165' title='bbox 1119 2622 1483 2710; x_wconf 87' lang='lat' dir='ltr'><strong>pensando,</strong></span> <span class='ocrx_word' id='word_1_166' title='bbox 1541 2621 1961 2687; x_wconf 87' lang='lat' dir='ltr'><strong>homicidium</strong></span> <span class='ocrx_word' id='word_1_167' title='bbox 2025 2625 2092 2687; x_wconf 92' lang='lat' dir='ltr'><strong>in</strong></span> <span class='ocrx_word' id='word_1_168' title='bbox 2154 2645 2435 2710; x_wconf 89' lang='lat' dir='ltr'><strong>persona</strong></span> <span class='ocrx_word' id='word_1_169' title='bbox 2480 2622 2809 2711; x_wconf 91' lang='lat' dir='ltr'><strong>quondam</strong></span> <span class='ocrx_word' id='word_1_170' title='bbox 2852 2622 3123 2687; x_wconf 89' lang='lat' dir='ltr'><strong>studiosi</strong></span> <span class='ocrx_word' id='word_1_171' title='bbox 3166 2626 3313 2700; x_wconf 91' lang='lat' dir='ltr'><strong>(seu</strong></span> <span class='ocrx_word' id='word_1_172' title='bbox 3354 2619 3664 2695; x_wconf 88' lang='lat' dir='ltr'><strong>discreti)</strong></span> 
     </span>
     <span class='ocr_line' id='line_1_20' title="bbox 805 2719 3664 2811; baseline -0.002 -22"><span class='ocrx_word' id='word_1_173' title='bbox 805 2724 904 2789; x_wconf 84' lang='lat' dir='ltr'><strong>.N.</strong></span> <span class='ocrx_word' id='word_1_174' title='bbox 964 2723 1046 2789; x_wconf 93' lang='lat' dir='ltr'><strong>de</strong></span> <span class='ocrx_word' id='word_1_175' title='bbox 1108 2723 1203 2787; x_wconf 88' lang='lat' dir='ltr'><strong>.N.</strong></span> <span class='ocrx_word' id='word_1_176' title='bbox 1258 2721 1464 2787; x_wconf 87' lang='lat' dir='ltr'><strong>felicis</strong></span> <span class='ocrx_word' id='word_1_177' title='bbox 1523 2722 1875 2787; x_wconf 88' lang='lat' dir='ltr'><strong>memoriae</strong></span> <span class='ocrx_word' id='word_1_178' title='bbox 1926 2724 2273 2789; x_wconf 85' lang='lat' dir='ltr'><strong>temerario</strong></span> <span class='ocrx_word' id='word_1_179' title='bbox 2324 2745 2531 2811; x_wconf 90' lang='lat' dir='ltr'><strong>nuper</strong></span> <span class='ocrx_word' id='word_1_180' title='bbox 2588 2723 3067 2811; x_wconf 87' lang='lat' dir='ltr'><strong>perpetraverit</strong></span> <span class='ocrx_word' id='word_1_181' title='bbox 3119 2743 3311 2786; x_wconf 86' lang='lat' dir='ltr'><strong>ausu:</strong></span> <span class='ocrx_word' id='word_1_182' title='bbox 3372 2719 3664 2805; x_wconf 88' lang='lat' dir='ltr'><strong>ideoque</strong></span> 
     </span>
    </p>

    <p class='ocr_par' dir='ltr' id='par_1_9' title="bbox 724 2820 3662 3311">
     <span class='ocr_line' id='line_1_21' title="bbox 724 2820 3662 2910; baseline -0.001 -23"><span class='ocrx_word' id='word_1_183' title='bbox 724 2832 791 2887; x_wconf 88' lang='lat'><strong>20</strong></span> <span class='ocrx_word' id='word_1_184' title='bbox 812 2832 1401 2910; x_wconf 89' lang='lat' dir='ltr'><strong>praememoratum</strong></span> <span class='ocrx_word' id='word_1_185' title='bbox 1442 2822 1535 2887; x_wconf 90' lang='lat' dir='ltr'><strong>.N.</strong></span> <span class='ocrx_word' id='word_1_186' title='bbox 1580 2821 1661 2886; x_wconf 93' lang='lat' dir='ltr'><strong>de</strong></span> <span class='ocrx_word' id='word_1_187' title='bbox 1705 2822 1802 2889; x_wconf 83' lang='lat' dir='ltr'><strong>.N.</strong></span> <span class='ocrx_word' id='word_1_188' title='bbox 1846 2832 2115 2910; x_wconf 87' lang='lat' dir='ltr'><strong>propter</strong></span> <span class='ocrx_word' id='word_1_189' title='bbox 2173 2823 2538 2889; x_wconf 90' lang='lat' dir='ltr'><strong>huiusmodi</strong></span> <span class='ocrx_word' id='word_1_190' title='bbox 2587 2843 2912 2888; x_wconf 89' lang='lat' dir='ltr'><strong>enormem</strong></span> <span class='ocrx_word' id='word_1_191' title='bbox 2957 2842 3298 2887; x_wconf 85' lang='lat' dir='ltr'><strong>excessum</strong></span> <span class='ocrx_word' id='word_1_192' title='bbox 3339 2820 3662 2907; x_wconf 87' lang='lat' dir='ltr'><strong>gravissi-</strong></span> 
     </span>
     <span class='ocr_line' id='line_1_22' title="bbox 803 2920 3662 3011; baseline -0.001 -25"><span class='ocrx_word' id='word_1_193' title='bbox 803 2945 1111 3011; x_wconf 90' lang='lat' dir='ltr'><strong>mumque</strong></span> <span class='ocrx_word' id='word_1_194' title='bbox 1170 2921 1474 2988; x_wconf 88' lang='lat' dir='ltr'><strong>delictum</strong></span> <span class='ocrx_word' id='word_1_195' title='bbox 1530 2920 1612 2985; x_wconf 93' lang='lat' dir='ltr'><strong>de</strong></span> <span class='ocrx_word' id='word_1_196' title='bbox 1672 2922 1978 2987; x_wconf 90' lang='lat' dir='ltr'><strong>concordi</strong></span> <span class='ocrx_word' id='word_1_197' title='bbox 2038 2924 2357 2988; x_wconf 91' lang='lat' dir='ltr'><strong>sententia</strong></span> <span class='ocrx_word' id='word_1_198' title='bbox 2411 2924 2874 3009; x_wconf 87' lang='lat' dir='ltr'><strong>magistrorum</strong></span> <span class='ocrx_word' id='word_1_199' title='bbox 2925 2931 3120 3008; x_wconf 89' lang='lat' dir='ltr'><strong>atque</strong></span> <span class='ocrx_word' id='word_1_200' title='bbox 3169 2920 3508 2986; x_wconf 87' lang='lat' dir='ltr'><strong>doctorum</strong></span> <span class='ocrx_word' id='word_1_201' title='bbox 3555 2942 3662 2983; x_wconf 90' lang='lat' dir='ltr'><strong>su·</strong></span> 
     </span>
     <span class='ocr_line' id='line_1_23' title="bbox 808 3018 3659 3110; baseline -0.001 -24"><span class='ocrx_word' id='word_1_202' title='bbox 808 3021 1147 3109; x_wconf 88' lang='lat' dir='ltr'><strong>pradictae</strong></span> <span class='ocrx_word' id='word_1_203' title='bbox 1207 3021 1649 3087; x_wconf 85' lang='lat' dir='ltr'><strong>universitatis</strong></span> <span class='ocrx_word' id='word_1_204' title='bbox 1719 3020 1806 3086; x_wconf 91' lang='lat' dir='ltr'><strong>ad</strong></span> <span class='ocrx_word' id='word_1_205' title='bbox 1876 3020 2001 3087; x_wconf 90' lang='lat' dir='ltr'><strong>hoc</strong></span> <span class='ocrx_word' id='word_1_206' title='bbox 2064 3045 2181 3110; x_wconf 90' lang='lat' dir='ltr'><strong>spe</strong></span> <span class='ocrx_word' id='word_1_207' title='bbox 2198 3018 2261 3109; x_wconf 86' lang='lat'><strong>[9</strong></span> <span class='ocrx_word' id='word_1_208' title='bbox 2275 3019 2327 3109; x_wconf 82' lang='lat'><strong>⁸]</strong></span> <span class='ocrx_word' id='word_1_209' title='bbox 2346 3022 2595 3088; x_wconf 87' lang='lat' dir='ltr'><strong>cialiter</strong></span> <span class='ocrx_word' id='word_1_210' title='bbox 2662 3031 3040 3087; x_wconf 89' lang='lat' dir='ltr'><strong>vocatorum</strong></span> <span class='ocrx_word' id='word_1_211' title='bbox 3083 3043 3125 3086; x_wconf 92' lang='lat' dir='ltr'><strong>a</strong></span> <span class='ocrx_word' id='word_1_212' title='bbox 3164 3042 3437 3108; x_wconf 87' lang='lat' dir='ltr'><strong>corpore</strong></span> <span class='ocrx_word' id='word_1_213' title='bbox 3486 3020 3659 3084; x_wconf 86' lang='lat' dir='ltr'><strong>eius·</strong></span> 
     </span>
     <span class='ocr_line' id='line_1_24' title="bbox 812 3119 3658 3211; baseline -0.001 -24"><span class='ocrx_word' id='word_1_214' title='bbox 812 3121 960 3188; x_wconf 92' lang='lat' dir='ltr'><strong>dem</strong></span> <span class='ocrx_word' id='word_1_215' title='bbox 1020 3122 1460 3188; x_wconf 88' lang='lat' dir='ltr'><strong>universitatis</strong></span> <span class='ocrx_word' id='word_1_216' title='bbox 1519 3130 1849 3209; x_wconf 86' lang='lat' dir='ltr'><strong>tamquam</strong></span> <span class='ocrx_word' id='word_1_217' title='bbox 1903 3120 2263 3187; x_wconf 89' lang='lat' dir='ltr'><strong>membrum</strong></span> <span class='ocrx_word' id='word_1_218' title='bbox 2321 3121 2652 3211; x_wconf 88' lang='lat' dir='ltr'><strong>putridum</strong></span> <span class='ocrx_word' id='word_1_219' title='bbox 2705 3120 3096 3187; x_wconf 88' lang='lat' dir='ltr'><strong>exclusimus</strong></span> <span class='ocrx_word' id='word_1_220' title='bbox 3142 3129 3207 3186; x_wconf 88' lang='lat' dir='ltr'><strong>et</strong></span> <span class='ocrx_word' id='word_1_221' title='bbox 3246 3119 3658 3201; x_wconf 89' lang='lat' dir='ltr'><strong>rescidimus‚</strong></span> 
     </span>
     <span class='ocr_line' id='line_1_25' title="bbox 805 3220 3657 3311; baseline -0.001 -23"><span class='ocrx_word' id='word_1_222' title='bbox 805 3246 923 3311; x_wconf 90' lang='lat' dir='ltr'><strong>per</strong></span> <span class='ocrx_word' id='word_1_223' title='bbox 978 3225 1474 3310; x_wconf 89' lang='lat' dir='ltr'><strong>praesentiaque</strong></span> <span class='ocrx_word' id='word_1_224' title='bbox 1529 3245 1571 3286; x_wconf 88' lang='lat' dir='ltr'><strong>a</strong></span> <span class='ocrx_word' id='word_1_225' title='bbox 1611 3220 1789 3286; x_wconf 88' lang='lat' dir='ltr'><strong>dicta</strong></span> <span class='ocrx_word' id='word_1_226' title='bbox 1828 3230 2056 3286; x_wconf 88' lang='lat' dir='ltr'><strong>nostra</strong></span> <span class='ocrx_word' id='word_1_227' title='bbox 2094 3224 2514 3289; x_wconf 87' lang='lat' dir='ltr'><strong>universitate</strong></span> <span class='ocrx_word' id='word_1_228' title='bbox 2557 3221 2814 3309; x_wconf 91' lang='lat' dir='ltr'><strong>publice</strong></span> <span class='ocrx_word' id='word_1_229' title='bbox 2855 3220 3261 3288; x_wconf 89' lang='lat' dir='ltr'><strong>excludimus</strong></span> <span class='ocrx_word' id='word_1_230' title='bbox 3304 3232 3370 3287; x_wconf 89' lang='lat' dir='ltr'><strong>et</strong></span> <span class='ocrx_word' id='word_1_231' title='bbox 3408 3222 3657 3285; x_wconf 91' lang='lat' dir='ltr'><strong>rescin-</strong></span> 
     </span>
    </p>

    <p class='ocr_par' dir='ltr' id='par_1_10' title="bbox 723 3319 3659 3709">
     <span class='ocr_line' id='line_1_26' title="bbox 723 3319 3654 3409; baseline -0.001 -23"><span class='ocrx_word' id='word_1_232' title='bbox 723 3331 789 3386; x_wconf 82' lang='lat'><strong>25</strong></span> <span class='ocrx_word' id='word_1_233' title='bbox 810 3322 1050 3404; x_wconf 88' lang='lat' dir='ltr'><strong>dimus,</strong></span> <span class='ocrx_word' id='word_1_234' title='bbox 1125 3322 1506 3388; x_wconf 87' lang='lat' dir='ltr'><strong>mandantes</strong></span> <span class='ocrx_word' id='word_1_235' title='bbox 1562 3321 1861 3386; x_wconf 89' lang='lat' dir='ltr'><strong>omnibus</strong></span> <span class='ocrx_word' id='word_1_236' title='bbox 1918 3332 1982 3387; x_wconf 91' lang='lat' dir='ltr'><strong>et</strong></span> <span class='ocrx_word' id='word_1_237' title='bbox 2043 3321 2312 3408; x_wconf 81' lang='lat' dir='ltr'><strong>singulis</strong></span> <span class='ocrx_word' id='word_1_238' title='bbox 2378 3322 2741 3409; x_wconf 83' lang='lat' dir='ltr'><strong>magistris,</strong></span> <span class='ocrx_word' id='word_1_239' title='bbox 2807 3320 3214 3404; x_wconf 89' lang='lat' dir='ltr'><strong>doctoribus,</strong></span> <span class='ocrx_word' id='word_1_240' title='bbox 3280 3319 3654 3402; x_wconf 86' lang='lat' dir='ltr'><strong>licentiatis,</strong></span> 
     </span>
     <span class='ocr_line' id='line_1_27' title="bbox 806 3419 3655 3505; baseline -0 -19"><span class='ocrx_word' id='word_1_241' title='bbox 806 3421 1195 3487; x_wconf 87' lang='lat' dir='ltr'><strong>baccalariis</strong></span> <span class='ocrx_word' id='word_1_242' title='bbox 1255 3432 1319 3486; x_wconf 90' lang='lat' dir='ltr'><strong>et</strong></span> <span class='ocrx_word' id='word_1_243' title='bbox 1372 3420 1781 3487; x_wconf 88' lang='lat' dir='ltr'><strong>studentibus</strong></span> <span class='ocrx_word' id='word_1_244' title='bbox 1839 3422 2286 3487; x_wconf 85' lang='lat' dir='ltr'><strong>universitatis</strong></span> <span class='ocrx_word' id='word_1_245' title='bbox 2340 3433 2601 3487; x_wconf 87' lang='lat' dir='ltr'><strong>nostrae</strong></span> <span class='ocrx_word' id='word_1_246' title='bbox 2616 3470 2635 3505; x_wconf 89' lang='lat'><em>‚</em></span> <span class='ocrx_word' id='word_1_247' title='bbox 2693 3443 2777 3486; x_wconf 91' lang='lat' dir='ltr'><strong>ne</strong></span> <span class='ocrx_word' id='word_1_248' title='bbox 2832 3444 2979 3487; x_wconf 90' lang='lat' dir='ltr'><strong>cum</strong></span> <span class='ocrx_word' id='word_1_249' title='bbox 3033 3421 3207 3488; x_wconf 91' lang='lat' dir='ltr'><strong>dicto</strong></span> <span class='ocrx_word' id='word_1_250' title='bbox 3246 3420 3346 3486; x_wconf 83' lang='lat' dir='ltr'><strong>.N.</strong></span> <span class='ocrx_word' id='word_1_251' title='bbox 3386 3419 3655 3486; x_wconf 87' lang='lat' dir='ltr'><strong>excluso</strong></span> 
     </span>
     <span class='ocr_line' id='line_1_28' title="bbox 807 3519 3658 3609; baseline -0.001 -22"><span class='ocrx_word' id='word_1_252' title='bbox 807 3523 877 3586; x_wconf 91' lang='lat' dir='ltr'><strong>in</strong></span> <span class='ocrx_word' id='word_1_253' title='bbox 919 3522 1174 3587; x_wconf 87' lang='lat' dir='ltr'><strong>actibus</strong></span> <span class='ocrx_word' id='word_1_254' title='bbox 1217 3520 1619 3587; x_wconf 86' lang='lat' dir='ltr'><strong>scholasticis</strong></span> <span class='ocrx_word' id='word_1_255' title='bbox 1678 3529 1812 3586; x_wconf 85' lang='lat' dir='ltr'><strong>tam</strong></span> <span class='ocrx_word' id='word_1_256' title='bbox 1867 3521 2148 3609; x_wconf 89' lang='lat' dir='ltr'><strong>publicis</strong></span> <span class='ocrx_word' id='word_1_257' title='bbox 2192 3543 2387 3609; x_wconf 90' lang='lat' dir='ltr'><strong>quam</strong></span> <span class='ocrx_word' id='word_1_258' title='bbox 2435 3522 2712 3609; x_wconf 89' lang='lat' dir='ltr'><strong>privatis</strong></span> <span class='ocrx_word' id='word_1_259' title='bbox 2756 3521 3237 3609; x_wconf 91' lang='lat' dir='ltr'><strong>quomodolibet</strong></span> <span class='ocrx_word' id='word_1_260' title='bbox 3276 3519 3658 3586; x_wconf 89' lang='lat' dir='ltr'><strong>conversari</strong></span> 
     </span>
     <span class='ocr_line' id='line_1_29' title="bbox 807 3619 3659 3709; baseline -0.002 -22"><span class='ocrx_word' id='word_1_261' title='bbox 807 3630 1247 3709; x_wconf 84' lang='lat' dir='ltr'><strong>praesumant,</strong></span> <span class='ocrx_word' id='word_1_262' title='bbox 1277 3620 1396 3687; x_wconf 90' lang='lat' dir='ltr'><strong>sub</strong></span> <span class='ocrx_word' id='word_1_263' title='bbox 1425 3643 1637 3708; x_wconf 88' lang='lat' dir='ltr'><strong>poena</strong></span> <span class='ocrx_word' id='word_1_264' title='bbox 1659 3624 1848 3687; x_wconf 90' lang='lat' dir='ltr'><strong>unius</strong></span> <span class='ocrx_word' id='word_1_265' title='bbox 1872 3644 2240 3708; x_wconf 86' lang='lat' dir='ltr'><strong>sexagenae</strong></span> <span class='ocrx_word' id='word_1_266' title='bbox 2267 3644 2497 3704; x_wconf 88' lang='lat' dir='ltr'><strong>novae,</strong></span> <span class='ocrx_word' id='word_1_267' title='bbox 2524 3622 2933 3687; x_wconf 88' lang='lat' dir='ltr'><strong>universitati</strong></span> <span class='ocrx_word' id='word_1_268' title='bbox 2960 3619 3494 3687; x_wconf 87' lang='lat' dir='ltr'><strong>irremissibiliter</strong></span> <span class='ocrx_word' id='word_1_269' title='bbox 3534 3631 3659 3685; x_wconf 87' lang='lat' dir='ltr'><strong>etc.</strong></span> 
     </span>
    </p>
   </div>
   <div class='ocr_carea' id='block_1_6' title="bbox 1567 3795 2887 3859">
    <p class='ocr_par' dir='ltr' id='par_1_11' title="bbox 1567 3795 2887 3859">
     <span class='ocr_line' id='line_1_30' title="bbox 1567 3795 2887 3859; baseline 0.003 -4"><span class='ocrx_word' id='word_1_270' title='bbox 1567 3795 1662 3858; x_wconf 89' lang='grc'><strong>10.</strong></span> <span class='ocrx_word' id='word_1_271' title='bbox 1725 3807 1937 3855; x_wconf 74' lang='lat' dir='ltr'><strong>ALmD</strong></span> <span class='ocrx_word' id='word_1_272' title='bbox 1983 3807 2373 3855; x_wconf 72' lang='lat' dir='ltr'>MANDATUM</span> <span class='ocrx_word' id='word_1_273' title='bbox 2410 3805 2887 3859; x_wconf 71' lang='lat' dir='ltr'><strong>Excmffloms,</strong></span> 
     </span>
    </p>
   </div>
   <div class='ocr_carea' id='block_1_7' title="bbox 723 3925 3654 4627">
    <p class='ocr_par' dir='ltr' id='par_1_12' title="bbox 723 3925 3654 4627">
     <span class='ocr_line' id='line_1_31' title="bbox 725 3925 3654 4028; baseline 0.001 -25"><span class='ocrx_word' id='word_1_274' title='bbox 725 3925 808 4003; x_wconf 58' lang='lat'><strong>30¹</strong></span> <span class='ocrx_word' id='word_1_275' title='bbox 974 3938 1110 4003; x_wconf 89' lang='lat' dir='ltr'><strong>Nos</strong></span> <span class='ocrx_word' id='word_1_276' title='bbox 1153 3939 1247 4003; x_wconf 87' lang='lat' dir='ltr'><strong>.N.</strong></span> <span class='ocrx_word' id='word_1_277' title='bbox 1293 3947 1411 4004; x_wconf 87' lang='lat' dir='ltr'><strong>etc.</strong></span> <span class='ocrx_word' id='word_1_278' title='bbox 1456 3947 1682 4004; x_wconf 88' lang='lat' dir='ltr'><strong>rector.</strong></span> <span class='ocrx_word' id='word_1_279' title='bbox 1733 3938 1919 4004; x_wconf 86' lang='lat' dir='ltr'><strong>Licet</strong></span> <span class='ocrx_word' id='word_1_280' title='bbox 1964 3939 2063 4008; x_wconf 86' lang='lat' dir='ltr'><strong>.N.</strong></span> <span class='ocrx_word' id='word_1_281' title='bbox 2108 3938 2191 4004; x_wconf 89' lang='lat' dir='ltr'><strong>de</strong></span> <span class='ocrx_word' id='word_1_282' title='bbox 2237 3939 2332 4004; x_wconf 87' lang='lat' dir='ltr'><strong>.N.</strong></span> <span class='ocrx_word' id='word_1_283' title='bbox 2377 3935 2592 4005; x_wconf 89' lang='lat' dir='ltr'><strong>dictae</strong></span> <span class='ocrx_word' id='word_1_284' title='bbox 2633 3949 2896 4005; x_wconf 87' lang='lat' dir='ltr'><strong>nostrae</strong></span> <span class='ocrx_word' id='word_1_285' title='bbox 2934 3940 3381 4006; x_wconf 81' lang='lat' dir='ltr'><strong>universitatis</strong></span> <span class='ocrx_word' id='word_1_286' title='bbox 3418 3962 3654 4028; x_wconf 90' lang='lat' dir='ltr'><strong>suppo-</strong></span> 
     </span>
     <span class='ocr_line' id='line_1_32' title="bbox 816 4038 3653 4127; baseline 0.001 -25"><span class='ocrx_word' id='word_1_287' title='bbox 816 4040 1005 4102; x_wconf 87' lang='lat' dir='ltr'><strong>situm</strong></span> <span class='ocrx_word' id='word_1_288' title='bbox 1060 4050 1329 4125; x_wconf 89' lang='lat' dir='ltr'><strong>propter</strong></span> <span class='ocrx_word' id='word_1_289' title='bbox 1382 4061 1690 4126; x_wconf 86' lang='lat' dir='ltr'><strong>poenam,</strong></span> <span class='ocrx_word' id='word_1_290' title='bbox 1748 4061 1941 4126; x_wconf 91' lang='lat' dir='ltr'><strong>quam</strong></span> <span class='ocrx_word' id='word_1_291' title='bbox 1999 4038 2083 4105; x_wconf 92' lang='lat' dir='ltr'><strong>ob</strong></span> <span class='ocrx_word' id='word_1_292' title='bbox 2134 4038 2474 4105; x_wconf 89' lang='lat' dir='ltr'><strong>nonnullos</strong></span> <span class='ocrx_word' id='word_1_293' title='bbox 2529 4060 2833 4103; x_wconf 89' lang='lat' dir='ltr'><strong>excessus</strong></span> <span class='ocrx_word' id='word_1_294' title='bbox 2894 4062 3045 4105; x_wconf 90' lang='lat' dir='ltr'><strong>suos</strong></span> <span class='ocrx_word' id='word_1_295' title='bbox 3099 4062 3307 4127; x_wconf 90' lang='lat' dir='ltr'><strong>nuper</strong></span> <span class='ocrx_word' id='word_1_296' title='bbox 3359 4040 3653 4122; x_wconf 88' lang='lat' dir='ltr'><strong>incurrit,</strong></span> 
     </span>
     <span class='ocr_line' id='line_1_33' title="bbox 810 4137 3653 4227; baseline 0.001 -25"><span class='ocrx_word' id='word_1_297' title='bbox 810 4137 896 4202; x_wconf 88' lang='lat' dir='ltr'><strong>ad</strong></span> <span class='ocrx_word' id='word_1_298' title='bbox 935 4161 1051 4202; x_wconf 90' lang='lat' dir='ltr'><strong>nos</strong></span> <span class='ocrx_word' id='word_1_299' title='bbox 1096 4139 1306 4220; x_wconf 87' lang='lat' dir='ltr'><strong>citari,</strong></span> <span class='ocrx_word' id='word_1_300' title='bbox 1349 4160 1544 4224; x_wconf 90' lang='lat' dir='ltr'><strong>saepe</strong></span> <span class='ocrx_word' id='word_1_301' title='bbox 1591 4162 1841 4227; x_wconf 93' lang='lat' dir='ltr'><strong>quoque</strong></span> <span class='ocrx_word' id='word_1_302' title='bbox 1885 4162 1963 4203; x_wconf 90' lang='lat' dir='ltr'><strong>ac</strong></span> <span class='ocrx_word' id='word_1_303' title='bbox 2007 4139 2267 4225; x_wconf 89' lang='lat' dir='ltr'><strong>saepius</strong></span> <span class='ocrx_word' id='word_1_304' title='bbox 2310 4140 2378 4203; x_wconf 91' lang='lat' dir='ltr'><strong>in</strong></span> <span class='ocrx_word' id='word_1_305' title='bbox 2420 4137 2632 4204; x_wconf 89' lang='lat' dir='ltr'><strong>valvis</strong></span> <span class='ocrx_word' id='word_1_306' title='bbox 2676 4137 3092 4225; x_wconf 84' lang='lat' dir='ltr'><strong>collegiorum</strong></span> <span class='ocrx_word' id='word_1_307' title='bbox 3136 4149 3201 4204; x_wconf 87' lang='lat' dir='ltr'><strong>et</strong></span> <span class='ocrx_word' id='word_1_308' title='bbox 3234 4139 3653 4205; x_wconf 88' lang='lat' dir='ltr'><strong>ecclesiarum</strong></span> 
     </span>
     <span class='ocr_line' id='line_1_34' title="bbox 808 4238 3651 4326; baseline 0.001 -24"><span class='ocrx_word' id='word_1_309' title='bbox 808 4239 1019 4325; x_wconf 88' lang='lat' dir='ltr'><strong>primo</strong></span> <span class='ocrx_word' id='word_1_310' title='bbox 1065 4240 1139 4304; x_wconf 86' lang='lat'><strong>2⁰</strong></span> <span class='ocrx_word' id='word_1_311' title='bbox 1178 4241 1253 4306; x_wconf 90' lang='lat'><strong>3⁰</strong></span> <span class='ocrx_word' id='word_1_312' title='bbox 1295 4247 1358 4302; x_wconf 91' lang='lat' dir='ltr'><strong>et</strong></span> <span class='ocrx_word' id='word_1_313' title='bbox 1400 4260 1485 4303; x_wconf 90' lang='lat' dir='ltr'><strong>ex</strong></span> <span class='ocrx_word' id='word_1_314' title='bbox 1527 4238 2088 4325; x_wconf 88' lang='lat' dir='ltr'><strong>superabundanti</strong></span> <span class='ocrx_word' id='word_1_315' title='bbox 2130 4240 2206 4303; x_wconf 83' lang='lat'><strong>4⁰</strong></span> <span class='ocrx_word' id='word_1_316' title='bbox 2247 4239 2492 4325; x_wconf 91' lang='lat' dir='ltr'><strong>requiri</strong></span> <span class='ocrx_word' id='word_1_317' title='bbox 2547 4247 2611 4303; x_wconf 89' lang='lat' dir='ltr'><strong>et</strong></span> <span class='ocrx_word' id='word_1_318' title='bbox 2663 4240 3101 4326; x_wconf 66' lang='lat' dir='ltr'><strong>peremptorie</strong></span> <span class='ocrx_word' id='word_1_319' title='bbox 3138 4241 3385 4304; x_wconf 91' lang='lat' dir='ltr'><strong>moneri</strong></span> <span class='ocrx_word' id='word_1_320' title='bbox 3427 4240 3651 4304; x_wconf 88' lang='lat' dir='ltr'><strong>feceri-</strong></span> 
     </span>
     <span class='ocr_line' id='line_1_35' title="bbox 807 4338 3652 4426; baseline 0.001 -24"><span class='ocrx_word' id='word_1_321' title='bbox 807 4361 984 4418; x_wconf 92' lang='lat' dir='ltr'><strong>mus,</strong></span> <span class='ocrx_word' id='word_1_322' title='bbox 1040 4347 1352 4425; x_wconf 90' lang='lat' dir='ltr'><strong>quatenus</strong></span> <span class='ocrx_word' id='word_1_323' title='bbox 1406 4338 1578 4403; x_wconf 79' lang='lat' dir='ltr'><strong>infra</strong></span> <span class='ocrx_word' id='word_1_324' title='bbox 1640 4349 1883 4403; x_wconf 91' lang='lat' dir='ltr'><strong>certum</strong></span> <span class='ocrx_word' id='word_1_325' title='bbox 1938 4347 2198 4426; x_wconf 89' lang='lat' dir='ltr'><strong>tempus</strong></span> <span class='ocrx_word' id='word_1_326' title='bbox 2260 4360 2480 4403; x_wconf 87' lang='lat' dir='ltr'><strong>coram</strong></span> <span class='ocrx_word' id='word_1_327' title='bbox 2534 4338 2727 4406; x_wconf 90' lang='lat' dir='ltr'><strong>nobis</strong></span> <span class='ocrx_word' id='word_1_328' title='bbox 2786 4341 3153 4426; x_wconf 88' lang='lat' dir='ltr'><strong>nostrisque</strong></span> <span class='ocrx_word' id='word_1_329' title='bbox 3213 4339 3652 4405; x_wconf 87' lang='lat' dir='ltr'><strong>assessoribus</strong></span> 
     </span>
     <span class='ocr_line' id='line_1_36' title="bbox 723 4437 3651 4526; baseline 0.001 -25"><span class='ocrx_word' id='word_1_330' title='bbox 723 4446 790 4502; x_wconf 84' lang='lat'><strong>35</strong></span> <span class='ocrx_word' id='word_1_331' title='bbox 813 4447 1218 4524; x_wconf 90' lang='lat' dir='ltr'><strong>compareret</strong></span> <span class='ocrx_word' id='word_1_332' title='bbox 1274 4460 1393 4525; x_wconf 90' lang='lat' dir='ltr'><strong>pro</strong></span> <span class='ocrx_word' id='word_1_333' title='bbox 1443 4440 1671 4526; x_wconf 91' lang='lat' dir='ltr'><strong>poenis</strong></span> <span class='ocrx_word' id='word_1_334' title='bbox 1712 4437 1903 4503; x_wconf 91' lang='lat' dir='ltr'><strong>nobis</strong></span> <span class='ocrx_word' id='word_1_335' title='bbox 1945 4460 2025 4503; x_wconf 90' lang='lat' dir='ltr'><strong>ac</strong></span> <span class='ocrx_word' id='word_1_336' title='bbox 2066 4438 2478 4503; x_wconf 89' lang='lat' dir='ltr'><strong>universitati</strong></span> <span class='ocrx_word' id='word_1_337' title='bbox 2517 4447 2781 4503; x_wconf 85' lang='lat' dir='ltr'><strong>nostrae</strong></span> <span class='ocrx_word' id='word_1_338' title='bbox 2823 4461 2968 4504; x_wconf 90' lang='lat' dir='ltr'><strong>cum</strong></span> <span class='ocrx_word' id='word_1_339' title='bbox 3011 4439 3241 4504; x_wconf 83' lang='lat' dir='ltr'><strong>effectu</strong></span> <span class='ocrx_word' id='word_1_340' title='bbox 3290 4439 3651 4504; x_wconf 86' lang='lat' dir='ltr'><strong>satisfactu-</strong></span> 
     </span>
     <span class='ocr_line' id='line_1_37' title="bbox 807 4535 3653 4627; baseline 0.001 -26"><span class='ocrx_word' id='word_1_341' title='bbox 807 4560 949 4619; x_wconf 89' lang='lat' dir='ltr'><strong>rus,</strong></span> <span class='ocrx_word' id='word_1_342' title='bbox 992 4535 1277 4622; x_wconf 92' lang='lat' dir='ltr'><strong>alioquin</strong></span> <span class='ocrx_word' id='word_1_343' title='bbox 1318 4536 1404 4601; x_wconf 85' lang='lat' dir='ltr'><strong>ad</strong></span> <span class='ocrx_word' id='word_1_344' title='bbox 1447 4539 1654 4625; x_wconf 90' lang='lat' dir='ltr'><strong>ipsius</strong></span> <span class='ocrx_word' id='word_1_345' title='bbox 1695 4536 2134 4603; x_wconf 88' lang='lat' dir='ltr'><strong>exclusionem</strong></span> <span class='ocrx_word' id='word_1_346' title='bbox 2177 4537 2708 4626; x_wconf 86' lang='lat' dir='ltr'><strong>procederemus,</strong></span> <span class='ocrx_word' id='word_1_347' title='bbox 2760 4538 3038 4627; x_wconf 88' lang='lat' dir='ltr'><strong>licetque</strong></span> <span class='ocrx_word' id='word_1_348' title='bbox 3078 4561 3118 4604; x_wconf 97' lang='lat' dir='ltr'><strong>a</strong></span> <span class='ocrx_word' id='word_1_349' title='bbox 3162 4538 3335 4605; x_wconf 88' lang='lat' dir='ltr'><strong>dicto</strong></span> <span class='ocrx_word' id='word_1_350' title='bbox 3380 4539 3481 4603; x_wconf 84' lang='lat' dir='ltr'><strong>.N.</strong></span> <span class='ocrx_word' id='word_1_351' title='bbox 3526 4540 3653 4604; x_wconf 88' lang='lat' dir='ltr'><strong>suf·</strong></span> 
     </span>
    </p>
   </div>
   <div class='ocr_carea' id='block_1_8' title="bbox 806 4785 3652 5365">
    <p class='ocr_par' dir='ltr' id='par_1_13' title="bbox 806 4785 3652 5365">
     <span class='ocr_line' id='line_1_38' title="bbox 949 4785 3650 4859; baseline 0.001 -18"><span class='ocrx_word' id='word_1_352' title='bbox 949 4792 968 4841; x_wconf 90' lang='lat' dir='ltr'><strong>l</strong></span> <span class='ocrx_word' id='word_1_353' title='bbox 1010 4787 1146 4843; x_wconf 86' lang='lat' dir='ltr'><strong>Dies</strong></span> <span class='ocrx_word' id='word_1_354' title='bbox 1181 4787 1353 4843; x_wconf 89' lang='lat' dir='ltr'><strong>Wort</strong></span> <span class='ocrx_word' id='word_1_355' title='bbox 1385 4786 1518 4842; x_wconf 81' lang='lat' dir='ltr'><strong>wird</strong></span> <span class='ocrx_word' id='word_1_356' title='bbox 1559 4785 1977 4858; x_wconf 84' lang='lat' dir='ltr'><strong>gemeiniglich,</strong></span> <span class='ocrx_word' id='word_1_357' title='bbox 2010 4786 2125 4841; x_wconf 90' lang='lat' dir='ltr'><strong>und</strong></span> <span class='ocrx_word' id='word_1_358' title='bbox 2162 4804 2223 4842; x_wconf 88' lang='lat' dir='ltr'><strong>so</strong></span> <span class='ocrx_word' id='word_1_359' title='bbox 2259 4785 2404 4843; x_wconf 86' lang='lat' dir='ltr'><strong>auch</strong></span> <span class='ocrx_word' id='word_1_360' title='bbox 2439 4804 2513 4841; x_wconf 89' lang='lat' dir='ltr'><strong>an</strong></span> <span class='ocrx_word' id='word_1_361' title='bbox 2546 4786 2725 4843; x_wconf 85' lang='lat' dir='ltr'><strong>dieser</strong></span> <span class='ocrx_word' id='word_1_362' title='bbox 2756 4786 2952 4857; x_wconf 67' lang='lat' dir='ltr'><strong>Stella,</strong></span> <span class='ocrx_word' id='word_1_363' title='bbox 2992 4785 3303 4859; x_wconf 81' lang='lat' dir='ltr'><strong>abgekiirzt</strong></span> <span class='ocrx_word' id='word_1_364' title='bbox 3329 4793 3493 4859; x_wconf 70' lang='grc' dir='ltr'><strong><em>Ρΐιίζ,</em></strong></span> <span class='ocrx_word' id='word_1_365' title='bbox 3529 4788 3650 4844; x_wconf 77' lang='lat' dir='ltr'><strong>wel-</strong></span> 
     </span>
     <span class='ocr_line' id='line_1_39' title="bbox 807 4869 3652 4945; baseline 0.001 -20"><span class='ocrx_word' id='word_1_366' title='bbox 807 4871 937 4927; x_wconf 90' lang='lat' dir='ltr'><strong>ches</strong></span> <span class='ocrx_word' id='word_1_367' title='bbox 973 4871 1210 4928; x_wconf 90' lang='lat' dir='ltr'><strong>Zeichen</strong></span> <span class='ocrx_word' id='word_1_368' title='bbox 1247 4889 1415 4944; x_wconf 83' lang='lat' dir='ltr'><strong>sogar</strong></span> <span class='ocrx_word' id='word_1_369' title='bbox 1448 4869 1540 4925; x_wconf 84' lang='lat' dir='ltr'><strong>fiir</strong></span> <span class='ocrx_word' id='word_1_370' title='bbox 1566 4872 1944 4942; x_wconf 61' lang='lat' dir='ltr'><strong>praesentim</strong></span> <span class='ocrx_word' id='word_1_371' title='bbox 1978 4876 2048 4937; x_wconf 86' lang='lat' dir='ltr'><strong>(z.</strong></span> <span class='ocrx_word' id='word_1_372' title='bbox 2085 4871 2149 4927; x_wconf 90' lang='lat' dir='ltr'><strong>B.</strong></span> <span class='ocrx_word' id='word_1_373' title='bbox 2186 4872 2243 4926; x_wconf 91' lang='lat' dir='ltr'><strong>in</strong></span> <span class='ocrx_word' id='word_1_374' title='bbox 2282 4873 2413 4929; x_wconf 89' lang='lat' dir='ltr'><strong>Nro.</strong></span> <span class='ocrx_word' id='word_1_375' title='bbox 2450 4875 2523 4943; x_wconf 85' lang='lat'><strong>5),</strong></span> <span class='ocrx_word' id='word_1_376' title='bbox 2550 4873 2923 4945; x_wconf 61' lang='lat' dir='ltr'><strong>praecantium</strong></span> <span class='ocrx_word' id='word_1_377' title='bbox 2956 4871 3037 4944; x_wconf 92' lang='lat' dir='ltr'><strong>(in</strong></span> <span class='ocrx_word' id='word_1_378' title='bbox 3074 4870 3206 4927; x_wconf 91' lang='lat' dir='ltr'><strong>Nro.</strong></span> <span class='ocrx_word' id='word_1_379' title='bbox 3244 4877 3276 4927; x_wconf 88' lang='grc'><strong>6</strong></span> <span class='ocrx_word' id='word_1_380' title='bbox 3314 4890 3366 4927; x_wconf 89' lang='lat' dir='ltr'><strong>u.</strong></span> <span class='ocrx_word' id='word_1_381' title='bbox 3410 4873 3464 4945; x_wconf 83' lang='lat'><strong>7)</strong></span> <span class='ocrx_word' id='word_1_382' title='bbox 3498 4872 3652 4928; x_wconf 89' lang='lat' dir='ltr'><strong>nicht</strong></span> 
     </span>
     <span class='ocr_line' id='line_1_40' title="bbox 807 4953 3651 5028; baseline 0.001 -18"><span class='ocrx_word' id='word_1_383' title='bbox 807 4956 982 5011; x_wconf 86' lang='lat' dir='ltr'><strong>selten</strong></span> <span class='ocrx_word' id='word_1_384' title='bbox 1020 4958 1359 5026; x_wconf 84' lang='lat' dir='ltr'><strong>vorkommt,</strong></span> <span class='ocrx_word' id='word_1_385' title='bbox 1410 4955 1528 5011; x_wconf 88' lang='lat' dir='ltr'><strong>also</strong></span> <span class='ocrx_word' id='word_1_386' title='bbox 1582 4953 1673 5009; x_wconf 79' lang='lat' dir='ltr'><strong>fiir</strong></span> <span class='ocrx_word' id='word_1_387' title='bbox 1720 4956 1811 5010; x_wconf 89' lang='lat' dir='ltr'><strong>die</strong></span> <span class='ocrx_word' id='word_1_388' title='bbox 1863 4955 2131 5027; x_wconf 87' lang='lat' dir='ltr'><strong>Deutung</strong></span> <span class='ocrx_word' id='word_1_389' title='bbox 2176 4956 2277 5012; x_wconf 89' lang='lat' dir='ltr'><strong>der</strong></span> <span class='ocrx_word' id='word_1_390' title='bbox 2311 4956 2578 5013; x_wconf 82' lang='lat' dir='ltr'><strong>Endsilbe</strong></span> <span class='ocrx_word' id='word_1_391' title='bbox 2608 4975 2713 5027; x_wconf 83' lang='lat' dir='ltr'><strong>gar</strong></span> <span class='ocrx_word' id='word_1_392' title='bbox 2748 4957 2947 5013; x_wconf 83' lang='lat' dir='ltr'><strong>keinen</strong></span> <span class='ocrx_word' id='word_1_393' title='bbox 2980 4955 3195 5012; x_wconf 83' lang='lat' dir='ltr'><strong>Anhalt</strong></span> <span class='ocrx_word' id='word_1_394' title='bbox 3228 4956 3491 5028; x_wconf 66' lang='lat' dir='ltr'><strong>gewahrt.</strong></span> <span class='ocrx_word' id='word_1_395' title='bbox 3558 4958 3651 5013; x_wconf 82' lang='lat' dir='ltr'><strong>Da</strong></span> 
     </span>
     <span class='ocr_line' id='line_1_41' title="bbox 808 5039 3648 5112; baseline 0.002 -18"><span class='ocrx_word' id='word_1_396' title='bbox 808 5041 943 5095; x_wconf 87' lang='lat' dir='ltr'><strong>aber</strong></span> <span class='ocrx_word' id='word_1_397' title='bbox 978 5044 1298 5111; x_wconf 70' lang='lat' dir='ltr'><strong>praesentia</strong></span> <span class='ocrx_word' id='word_1_398' title='bbox 1329 5039 1626 5096; x_wconf 84' lang='lat' dir='ltr'><strong>mehrmals</strong></span> <span class='ocrx_word' id='word_1_399' title='bbox 1657 5039 2119 5111; x_wconf 82' lang='lat' dir='ltr'><strong>ausgeschrieben</strong></span> <span class='ocrx_word' id='word_1_400' title='bbox 2155 5040 2317 5112; x_wconf 87' lang='lat' dir='ltr'><strong>steht,</strong></span> <span class='ocrx_word' id='word_1_401' title='bbox 2356 5041 2456 5097; x_wconf 77' lang='lat' dir='ltr'><strong>wie</strong></span> <span class='ocrx_word' id='word_1_402' title='bbox 2488 5042 2549 5095; x_wconf 90' lang='lat' dir='ltr'><strong>in</strong></span> <span class='ocrx_word' id='word_1_403' title='bbox 2586 5041 2719 5098; x_wconf 86' lang='lat' dir='ltr'><strong>Nro.</strong></span> <span class='ocrx_word' id='word_1_404' title='bbox 2753 5047 2786 5098; x_wconf 84' lang='lat'>9</span> <span class='ocrx_word' id='word_1_405' title='bbox 2819 5059 2871 5099; x_wconf 87' lang='lat' dir='ltr'><strong>u.</strong></span> <span class='ocrx_word' id='word_1_406' title='bbox 2912 5047 3001 5110; x_wconf 83' lang='lat'><strong>68,</strong></span> <span class='ocrx_word' id='word_1_407' title='bbox 3051 5058 3113 5097; x_wconf 89' lang='lat' dir='ltr'><strong>so</strong></span> <span class='ocrx_word' id='word_1_408' title='bbox 3161 5041 3306 5098; x_wconf 87' lang='lat' dir='ltr'><strong>habe</strong></span> <span class='ocrx_word' id='word_1_409' title='bbox 3358 5042 3450 5097; x_wconf 81' lang='lat' dir='ltr'><strong>ich</strong></span> <span class='ocrx_word' id='word_1_410' title='bbox 3506 5043 3648 5099; x_wconf 86' lang='lat' dir='ltr'><strong>auch</strong></span> 
     </span>
     <span class='ocr_line' id='line_1_42' title="bbox 807 5124 3649 5198; baseline 0.002 -20"><span class='ocrx_word' id='word_1_411' title='bbox 807 5126 864 5178; x_wconf 89' lang='lat' dir='ltr'><strong>in</strong></span> <span class='ocrx_word' id='word_1_412' title='bbox 904 5124 1035 5180; x_wconf 90' lang='lat' dir='ltr'><strong>Nro.</strong></span> <span class='ocrx_word' id='word_1_413' title='bbox 1074 5130 1138 5181; x_wconf 83' lang='lat'><strong>29</strong></span> <span class='ocrx_word' id='word_1_414' title='bbox 1173 5143 1226 5182; x_wconf 90' lang='lat' dir='ltr'><strong>u.</strong></span> <span class='ocrx_word' id='word_1_415' title='bbox 1268 5131 1360 5182; x_wconf 78' lang='lat'><strong>108</strong></span> <span class='ocrx_word' id='word_1_416' title='bbox 1392 5126 1711 5198; x_wconf 69' lang='lat' dir='ltr'><strong>praesentia</strong></span> <span class='ocrx_word' id='word_1_417' title='bbox 1743 5130 1968 5196; x_wconf 81' lang='lat' dir='ltr'><strong>gesetzt.</strong></span> <span class='ocrx_word' id='word_1_418' title='bbox 2040 5124 2411 5198; x_wconf 82' lang='lat' dir='ltr'><strong>Desgleichen</strong></span> <span class='ocrx_word' id='word_1_419' title='bbox 2443 5124 2587 5181; x_wconf 87' lang='lat' dir='ltr'><strong>auch</strong></span> <span class='ocrx_word' id='word_1_420' title='bbox 2622 5127 2682 5181; x_wconf 90' lang='lat' dir='ltr'><strong>in</strong></span> <span class='ocrx_word' id='word_1_421' title='bbox 2716 5126 2847 5183; x_wconf 85' lang='lat' dir='ltr'><strong>Nro.</strong></span> <span class='ocrx_word' id='word_1_422' title='bbox 2883 5129 2947 5182; x_wconf 87' lang='grc'><strong>83</strong></span> <span class='ocrx_word' id='word_1_423' title='bbox 2981 5143 3037 5181; x_wconf 90' lang='lat' dir='ltr'><strong>u.</strong></span> <span class='ocrx_word' id='word_1_424' title='bbox 3074 5130 3169 5195; x_wconf 83' lang='lat'><strong>86,</strong></span> <span class='ocrx_word' id='word_1_425' title='bbox 3215 5125 3305 5182; x_wconf 89' lang='lat' dir='ltr'><strong>die</strong></span> <span class='ocrx_word' id='word_1_426' title='bbox 3355 5127 3474 5183; x_wconf 83' lang='lat' dir='ltr'><strong>sich</strong></span> <span class='ocrx_word' id='word_1_427' title='bbox 3526 5128 3649 5184; x_wconf 77' lang='lat' dir='ltr'><strong>frei-</strong></span> 
     </span>
     <span class='ocr_line' id='line_1_43' title="bbox 806 5207 3651 5283; baseline 0.002 -20"><span class='ocrx_word' id='word_1_428' title='bbox 806 5207 918 5264; x_wconf 89' lang='lat' dir='ltr'><strong>lich</strong></span> <span class='ocrx_word' id='word_1_429' title='bbox 970 5208 1186 5265; x_wconf 69' lang='lat' dir='ltr'><strong>litterae</strong></span> <span class='ocrx_word' id='word_1_430' title='bbox 1228 5227 1447 5265; x_wconf 86' lang='lat' dir='ltr'><strong>nennen</strong></span> <span class='ocrx_word' id='word_1_431' title='bbox 1497 5211 1611 5264; x_wconf 87' lang='lat' dir='ltr'><strong>und</strong></span> <span class='ocrx_word' id='word_1_432' title='bbox 1657 5228 1741 5266; x_wconf 81' lang='lat' dir='ltr'><strong>wo</strong></span> <span class='ocrx_word' id='word_1_433' title='bbox 1789 5208 1963 5265; x_wconf 86' lang='lat' dir='ltr'><strong>daher</strong></span> <span class='ocrx_word' id='word_1_434' title='bbox 2010 5208 2158 5265; x_wconf 89' lang='lat' dir='ltr'><strong>nach</strong></span> <span class='ocrx_word' id='word_1_435' title='bbox 2191 5210 2469 5281; x_wconf 78' lang='lat' dir='ltr'><strong>Analogie</strong></span> <span class='ocrx_word' id='word_1_436' title='bbox 2513 5228 2621 5266; x_wconf 87' lang='lat' dir='ltr'><strong>von</strong></span> <span class='ocrx_word' id='word_1_437' title='bbox 2670 5213 2837 5265; x_wconf 78' lang='lat' dir='ltr'><strong>datae</strong></span> <span class='ocrx_word' id='word_1_438' title='bbox 2884 5209 3164 5267; x_wconf 82' lang='lat' dir='ltr'><strong>vielleieht</strong></span> <span class='ocrx_word' id='word_1_439' title='bbox 3204 5221 3521 5283; x_wconf 64' lang='lat' dir='ltr'><strong>praesenta</strong></span> <span class='ocrx_word' id='word_1_440' title='bbox 3550 5214 3651 5268; x_wconf 77' lang='lat' dir='ltr'><strong>das</strong></span> 
     </span>
     <span class='ocr_line' id='line_1_44' title="bbox 813 5293 3307 5365; baseline 0.002 -17"><span class='ocrx_word' id='word_1_441' title='bbox 813 5293 1110 5363; x_wconf 85' lang='lat' dir='ltr'><strong>richtigere</strong></span> <span class='ocrx_word' id='word_1_442' title='bbox 1147 5311 1395 5365; x_wconf 80' lang='lat' dir='ltr'><strong>gewesen</strong></span> <span class='ocrx_word' id='word_1_443' title='bbox 1433 5297 1573 5348; x_wconf 66' lang='lat' dir='ltr'><strong>ware</strong></span> <span class='ocrx_word' id='word_1_444' title='bbox 1589 5336 1603 5363; x_wconf 86' lang='lat'>,</span> <span class='ocrx_word' id='word_1_445' title='bbox 1633 5295 1733 5348; x_wconf 87' lang='lat' dir='ltr'><strong>das</strong></span> <span class='ocrx_word' id='word_1_446' title='bbox 1768 5296 1824 5349; x_wconf 89' lang='lat' dir='ltr'><strong>in</strong></span> <span class='ocrx_word' id='word_1_447' title='bbox 1862 5294 2073 5350; x_wconf 87' lang='lat' dir='ltr'><strong>andern</strong></span> <span class='ocrx_word' id='word_1_448' title='bbox 2110 5293 2580 5350; x_wconf 81' lang='lat' dir='ltr'><strong>Formelbiichern</strong></span> <span class='ocrx_word' id='word_1_449' title='bbox 2617 5294 2773 5350; x_wconf 89' lang='lat' dir='ltr'><strong>nicht</strong></span> <span class='ocrx_word' id='word_1_450' title='bbox 2809 5294 2983 5351; x_wconf 84' lang='lat' dir='ltr'><strong>selten</strong></span> <span class='ocrx_word' id='word_1_451' title='bbox 3018 5295 3307 5353; x_wconf 83' lang='lat' dir='ltr'><strong>erscheint.</strong></span> 
     </span>
    </p>
   </div>
   <div class='ocr_carea' id='block_1_9' title="bbox 3965 1593 3972 2118">
    <p class='ocr_par' dir='ltr' id='par_1_14' title="bbox 3965 1593 3972 2118">
     <span class='ocr_line' id='line_1_45' title="bbox 3965 1593 3972 2118; baseline 0 0"><span class='ocrx_word' id='word_1_452' title='bbox 3965 1593 3972 2118; x_wconf 95' lang='lat' dir='ltr'><strong> </strong></span> 
     </span>
    </p>
   </div>
   <div class='ocr_carea' id='block_1_10' title="bbox 3963 1593 3974 2487">
    <p class='ocr_par' dir='ltr' id='par_1_15' title="bbox 3963 1593 3974 2487">
     <span class='ocr_line' id='line_1_46' title="bbox 3963 1593 3974 2487; baseline 0 0"><span class='ocrx_word' id='word_1_453' title='bbox 3963 1593 3974 2487; x_wconf 95' lang='lat' dir='ltr'><strong> </strong></span> 
     </span>
    </p>
   </div>
   <div class='ocr_carea' id='block_1_11' title="bbox 3955 3027 3973 5312">
    <p class='ocr_par' dir='ltr' id='par_1_16' title="bbox 3955 3027 3973 5312">
     <span class='ocr_line' id='line_1_47' title="bbox 3955 3027 3973 5312; baseline 0 0"><span class='ocrx_word' id='word_1_454' title='bbox 3955 3027 3973 5312; x_wconf 95' lang='lat' dir='ltr'><strong> </strong></span> 
     </span>
    </p>
   </div>
   <div class='ocr_carea' id='block_1_12' title="bbox 3950 3027 3974 6171">
    <p class='ocr_par' dir='ltr' id='par_1_17' title="bbox 3950 3027 3974 6171">
     <span class='ocr_line' id='line_1_48' title="bbox 3950 3027 3974 6171; baseline 0 0"><span class='ocrx_word' id='word_1_455' title='bbox 3950 3027 3974 6171; x_wconf 95' lang='lat' dir='ltr'><strong> </strong></span> 
     </span>
    </p>
   </div>
  </div>
 </body>
</html>
