4038 6358
1252 626 1356 677 Die
1391 625 1631 678 statuten
1664 638 1788 675 vom
1823 623 1989 676 Jahrs
2029 623 2175 675 1628.
3033 621 3155 688 285

278 806 494 873 luerit
528 804 633 871 vel
689 826 822 886 non
864 804 1151 891 potuerit
1202 824 1286 868 ex
1329 824 1427 888 eo,
1484 804 1657 892 quod
1697 804 1849 869 hinc
1893 802 2231 869 discedere
2274 798 2484 866 aliove
2526 801 2812 887 migrare
2852 800 3149 884 voluerit,

278 904 611 972 locarium
652 904 955 968 instantis
999 903 1329 967 semestris
1369 902 1475 967 vel
1518 905 1843 989 integrum
1900 901 2229 990 persolvet
2271 906 2384 964 aut
2426 895 2554 985 [11]
2601 898 2682 964 de
2725 898 3155 986 persolvendo

282 1005 584 1070 curatori
640 1011 900 1084 caveat,
960 1003 1341 1089 priusquam
1395 1004 1741 1090 quicquam
1798 1024 2062 1067 suarum
2120 1021 2340 1066 rerum
2391 997 2545 1062 inde
2598 1006 2906 1085 exportat
2958 1006 3154 1085 atque

283 1103 624 1185 transfert,
679 1101 786 1165 vel
828 1099 1029 1166 alium
1071 1100 1375 1166 idoneum
1420 1100 1896 1183 conductorem,
1955 1101 2066 1188 qui
2119 1100 2188 1163 in
2231 1098 2444 1163 locum
2494 1097 2704 1185 ipsius
2749 1095 3055 1161 succedat
3094 1104 3159 1160 et

285 1199 619 1266 mercedis
658 1175 1221 1287 persolutionem
1202 1223 1270 1265 1n
1311 1222 1382 1264 se
1421 1200 1719 1287 recipiat,
1758 1201 2066 1282 inveniat,
2109 1199 2352 1263 sciente
2393 1204 2457 1260 et
2497 1193 2817 1282 probante
2855 1193 2925 1259 id
2966 1215 3151 1260 cura·
3204 1203 3237 1257 5

286 1309 457 1365 tore.
540 1297 615 1363 Si
654 1298 872 1365 facere
913 1297 982 1363 id
1024 1309 1299 1382 recuset,
1338 1298 1746 1386 hypothecae
1785 1298 1930 1365 loco
1974 1298 2213 1381 omnia,
2255 1316 2423 1384 quae
2471 1296 2540 1359 in
2581 1292 2985 1359 habitatione
3025 1293 3156 1358 fue·

289 1398 451 1480 rint,
491 1419 532 1462 a
577 1395 850 1483 collegio
893 1396 1372 1463 detinebuntur.

1056 1580 1152 1628 DE
1194 1579 1340 1628 NON
1382 1579 1756 1629 VIOLANDIS
1798 1577 2410 1628 HABITATIONIBUS.

1492 1715 1829 1765 Statutum
1882 1715 2028 1795 1v4

464 1822 558 1912 [S.
592 1822 692 1913 12]
738 1824 1123 1914 Quicunque
1166 1830 1233 1892 in
1276 1828 1676 1893 habitatione
1721 1852 1762 1893 a
1803 1849 1872 1891 se
1915 1827 2233 1893 conducta
2275 1825 2520 1915 aliquid
2561 1827 2848 1912 fregerit,
2889 1823 3158 1911 ruperit,
3181 1831 3245 1887 10

298 1925 646 2008 amoverit,
703 1934 816 1989 aut
854 1923 1022 1990 ullas
1066 1937 1288 2012 partes
1334 1927 1591 1992 aedium
1636 1926 1890 2011 collegii
1934 1925 2360 1991 deformando
2422 1923 2903 2012 lacerandoque
2961 1923 3162 1987 laese-

298 2024 413 2105 rit,
475 2024 534 2087 is
593 2033 659 2088 et
718 2022 1025 2088 damnum
1093 2024 1313 2090 datum
1334 2053 1351 2063 ³
1390 2027 1633 2090 sarciat
1702 2035 1766 2091 et
1826 2025 2129 2089 mulctam
2198 2025 2406 2090 solvat
2471 2025 2736 2111 insuper
2801 2020 3165 2087 ioachimici

296 2124 510 2205 unius,
572 2144 740 2209 quae
783 2124 976 2186 etiam
1022 2145 1143 2210 pro
1189 2122 1405 2187 delicti
1448 2126 1774 2209 gravitate
1819 2147 1901 2188 ex
1946 2125 2266 2188 sententia
2323 2122 2581 2208 collegii
2636 2124 2880 2207 poterit
2920 2120 3164 2206 augeri.

300 2222 507 2287 Nemo
554 2222 774 2286 etiam·
795 2223 1140 2308 quicquam
1180 2226 1334 2287 novi
1386 2224 1602 2308 operis
1652 2224 1719 2287 in
1763 2245 1882 2288 sua
1922 2222 2321 2287 habitatione
2373 2244 2494 2310 pro
2552 2242 2667 2286 suo
2725 2219 2995 2286 arbitrio
3053 2241 3163 2283 ex·

302 2330 529 2402 struat,
587 2320 715 2384 nisi
760 2321 1177 2406 permittente
1221 2330 1535 2387 curatore.
1618 2321 1689 2387 Si
1750 2323 1893 2409 quis
1948 2322 2174 2387 fecerit
2225 2330 2290 2386 et
2348 2330 2675 2386 structura
2728 2317 3155 2406 improbetur,
3178 2326 3242 2381 15

303 2428 619 2506 quantum
674 2418 894 2483 damni
951 2417 1177 2483 datum
1228 2441 1371 2483 esse
1427 2417 1763 2505 collegium
1824 2422 2153 2502 statuerit,
2213 2429 2462 2484 tantum
2516 2418 2624 2483 ille
2682 2427 3000 2504 praestet3
3061 2417 3164 2481 sin

304 2513 430 2603 [13]
480 2516 817 2603 probetur,
874 2516 1251 2582 aedificator
1304 2519 1599 2604 impensa
1651 2520 1779 2584 ista
1824 2522 2100 2605 pecunia
2141 2527 2392 2602 caret03
2451 2517 2763 2604 adeoque,
2819 2537 2946 2603 quo
2989 2517 3162 2601 quise

310 2636 435 2702 que
478 2615 677 2681 modo
718 2615 1185 2704 habitationem
1243 2638 1427 2680 suam
1468 2618 1750 2703 accepit,
1809 2615 2035 2682 abiens
2078 2616 2305 2682 eodem
2345 2618 2645 2681 restituat
2684 2637 2827 2679 eam
2872 2613 3163 2700 collegio,

302 2716 510 2780 Nemo
555 2736 809 2802 quoque
848 2716 917 2778 in
958 2712 1091 2778 ulla
1134 2723 1321 2800 parte
1377 2716 1708 2801 superiore
1762 2715 2016 2780 aedium
2076 2713 2333 2801 collegii
2387 2736 2598 2803 neque
2653 2715 2914 2801 uspiam
2967 2736 3166 2800 supra

300 2814 559 2895 limina,
627 2812 839 2898 ligna,
905 2833 1159 2878 asseres
1210 2822 1323 2877 aut
1380 2812 1749 2878 huiusmodi
1807 2814 1937 2878 alia
1989 2813 2197 2878 findat
2253 2824 2365 2878 aut
2417 2822 2619 2895 secet,
2689 2811 2771 2878 ob
2835 2813 3251 2897 ingentem20

302 2911 516 2977 labem
562 2912 1117 2996 contignationum
1159 2921 1223 2976 et
1265 2921 1825 2998 compacturarum
1865 2912 2164 2978 aedificii.
2219 2911 2346 2993 Qui
2389 2914 2633 2994 fecerit,
2678 2910 2762 2999 ab
2809 2933 2884 2976 eo
2927 2909 3170 2975 mulcta

302 3010 517 3077 florini
566 3009 888 3075 dimidiati
942 3012 1272 3097 exigetur3
1333 3012 1388 3076 si
1438 3011 1691 3093 iterum,
1746 3010 1885 3076 luat
1930 3010 2230 3098 duplum3
2294 3013 2350 3076 si
2400 3010 2701 3098 amplius,
2758 3009 3058 3075 trahatur
3099 3011 3169 3074 in

302 3109 621 3176 iudicium
667 3108 941 3196 collegii.

935 3309 1028 3356 DE
1071 3308 1678 3371 TRANQUILLITATE
1722 3308 1813 3356 ΕΤ
1860 3308 2118 3370 QUIETE
2162 3310 2541 3359 SERVANDA·

1402 3437 1475 3513 [S.
1518 3437 1597 3511 14]
1638 3443 1983 3495 Statutum
2019 3445 2084 3497 V.
3188 3447 3255 3508 25

471 3573 691 3661 Saepe
732 3574 866 3638 iras
907 3595 1037 3638 non
1079 3571 1257 3638 leves
1302 3595 1385 3639 ac
1423 3573 1790 3639 voluntates
1836 3573 2110 3638 acerbas
2149 3586 2367 3641 movet
2408 3574 2865 3662 intempestiva
2920 3586 2984 3640 et
3040 3584 3172 3639 tur-

302 3673 575 3739 bulenta
617 3671 1025 3737 tumultuatio
1068 3672 1237 3736 inter
1296 3693 1427 3755 eos,
1484 3675 1596 3758 qui
1638 3672 1744 3737 vel
1786 3673 1854 3737 in
1898 3672 2126 3739 eodem
2178 3673 2322 3740 loco
2374 3674 2477 3739 vel
2532 3675 2801 3762 propius
2852 3673 3170 3738 habitant.

306 3771 535 3852 Quare
576 3793 931 3853 monemus,
973 3779 1045 3834 ut
1083 3771 1354 3858 quisque
1390 3791 1459 3835 se
1498 3772 1716 3858 ipsum
1758 3771 2048 3837 modeste
2092 3782 2297 3857 regat,
2348 3771 2571 3838 sedulo
2617 3774 2908 3859 cogitans
2953 3772 3170 3858 „quod

303 3870 429 3935 tibi
469 3892 606 3936 non
644 3871 746 3935 vis
790 3870 952 3952 fieri,
998 3868 1186 3934 alteri
1222 3892 1306 3935 ne
1346 3870 1643 3952 feceris“,
1688 3880 1755 3936 et
1796 3871 1891 3935 sic
1934 3873 2262 3957 strepitus,
2304 3871 2632 3955 tumultus,
2675 3873 2990 3957 fragores,
3032 3874 3169 3959 qui·

304 3969 431 4035 bus
487 3969 604 4035 alii
663 3964 1145 4056 perturbantur,
1188 3970 1379 4052 vitet3
1436 3990 1647 4056 neque
1714 3969 2058 4057 saliendo,
2094 3969 2516 4057 impingendo
2569 3972 2800 4036 ianuas
2871 3971 3170 4057 postibus
3188 3980 3259 4036 30

309 4068 752 4134 vehementius
833 4064 1039 4155 (quod
1114 4089 1319 4154 parvo
1378 4066 1708 4153 impendio
1782 4070 2164 4154 praecaveri
2232 4078 2477 4156 potest,
2546 4070 2758 4134 unctis
2830 4070 3028 4153 seris,
3106 4079 3179 4134 ut

309 4166 789 4233 conclusionem
828 4165 1021 4231 facile
1063 4163 1437 4252 recipiant),
1485 4163 1612 4251 [15]
1658 4166 1978 4253 pulsando
2024 4168 2177 4232 item
2221 4169 2389 4234 ostia
2440 4170 2812 4255 importune
2865 4169 3174 4234 molestus

311 4269 396 4332 sit
438 4263 612 4331 aliis.
694 4263 946 4346 Quodsi
994 4265 1339 4352 quispiam,
1397 4286 1437 4329 a
1492 4276 1787 4331 curatore
1828 4264 1931 4331 vel
1986 4268 2202 4334 vicino
2257 4289 2372 4333 suo
2432 4268 2629 4333 semel
2686 4277 2881 4356 atque
2939 4270 3176 4334 iterum

314 4365 703 4446 admonitus,
760 4363 885 4429 sibi
928 4386 1060 4429 non
1105 4365 1596 4452 temperaverit,
1652 4364 2167 4451 obiurgationem
2225 4389 2266 4431 a
2321 4368 2698 4454 praeposito
2761 4376 2853 4450 et,
2908 4368 2964 4432 si
3007 4388 3174 4454 opus

310 4464 525 4546 fuerit,
570 4483 847 4550 poenam
888 4484 1140 4550 quoque
1185 4462 1605 4528 arbitrariam
1650 4464 1917 4528 sufferet
1959 4486 1999 4529 a
2045 4464 2336 4552 collegio.
2417 4466 2521 4531 Ad
2566 4466 2892 4552 strepituS,
2937 4464 3170 4553 quibus
3190 4473 3257 4530 35

314 4562 613 4648 inquilini
668 4559 1042 4649 perturbari
1098 4561 1323 4645 solent,
1378 4564 1706 4650 pertinent
1751 4564 1943 4628 etiam
1996 4564 2242 4629 beluini
2283 4563 2515 4631 boatus
2570 4574 2634 4629 et
2675 4565 2959 4629 rusticae
3000 4566 3175 4629 voci-

313 4662 661 4728 ferationes
673 4709 693 4745 ,
752 4659 973 4746 quales
1034 4658 1413 4748 plerumque
1471 4661 1555 4726 ab
1614 4659 1812 4726 ebriis
1869 4684 2014 4727 eum
2075 4666 2363 4729 maxima
2414 4662 2822 4752 turpitudine
2879 4673 3176 4749 gestuum

317 4760 614 4844 eduntur,
679 4780 876 4845 saepe
934 4760 1129 4823 etiam
1190 4759 1275 4824 ab
1330 4760 1649 4848 improbis
1709 4769 1775 4824 et
1828 4760 2301 4846 petulantibus,
2363 4763 2660 4848 quamvis
2718 4783 2848 4827 non
2907 4762 3178 4826 nimium

315 4860 706 4948 potaverint,
765 4878 971 4922 sanna
1010 4859 1165 4923 item
1207 4868 1272 4923 et
1311 4874 1729 4946 quaecunque
1772 4858 1896 4924 hoc
1936 4857 2333 4949 no[16]mine
2379 4860 2719 4947 collegium
2762 4860 3174 4926 dedecorant.

316 4958 579 5024 Talium
643 4957 845 5042 igitur
906 4956 1409 5023 debachantium
1476 4957 1854 5045 petulantia,
1920 4959 2069 5045 plus
2139 4982 2332 5046 quam
2397 4960 2679 5043 beluina,
2747 4961 2962 5046 prima
3028 4961 3263 5026 vice40

314 5056 692 5124 ioachimici
755 5057 949 5120 unius
1004 5055 1245 5121 mulcta
1301 5067 1461 5139 esto,
1519 5055 1727 5122 altera
1785 5056 2059 5123 duorum
2117 5065 2182 5123 et
2239 5060 2334 5123 sic
2391 5081 2648 5146 semper
2707 5059 2996 5147 duplum,
3054 5061 3183 5125 nisi

313 5158 583 5244 gravius
628 5155 966 5243 quippiam
1013 5176 1055 5221 a
1097 5154 1368 5243 collegio
1413 5164 1749 5222 statuetur.
1834 5155 1924 5221 Et
1969 5159 2124 5245 quia
2177 5155 2264 5221 ad
2310 5157 2627 5224 eiusmodi
2678 5157 2972 5225 beluinos
3023 5157 3178 5224 boa-

312 5266 419 5323 tus
483 5266 951 5343 saepenumero
1003 5277 1133 5322 non
1187 5256 1523 5321 minimam
1580 5278 1844 5323 causam
1911 5254 2229 5343 praebent
2292 5258 2802 5347 compotationes
2858 5258 3181 5325 convicto-
