4038 6358
1159 595 1252 646 mit
1283 595 1814 648 Zusatsbeschlflssen
1848 596 1930 646 bis
1965 609 2084 646 snm
2116 594 2282 648 Jahre
2322 599 2469 646 uso.
3146 595 3221 658 61

1412 783 1507 846 21.
1571 799 1712 850 Vom
1749 801 1798 851 7.
1832 799 1978 850 Mars
2017 797 2165 852 14⁷1.
2194 781 2215 822 ¹

529 909 745 974 Item·
779 931 952 976 anno
1011 909 1252 976 domini
1305 913 1406 976 m⁰
1458 913 2096 1000 quadringentesimo
2144 913 2625 1000 septuagesimo
2680 909 2889 997 primo
2902 957 2921 992 ,
2993 909 3063 974 in
3129 907 3235 972 die

343 1010 592 1074 sancti
653 1009 950 1076 Thomas
993 1009 1076 1075 de
1114 1011 1374 1100 Aquino
1387 1061 1408 1096 ,
1467 1013 1838 1079 conclusum
1895 1013 2018 1078 fuit
2070 1013 2141 1077 in
2182 1011 2473 1098 generali
2512 1010 2983 1076 convocacione
3026 1010 3229 1093 magi-

343 1120 680 1174 strorum
723 1111 1174 1176 universitatis
1213 1111 1406 1178 huius
1419 1161 1438 1195 ,
1485 1113 1850 1199 specialiter
1894 1113 1982 1178 ad
2022 1111 2149 1178 hoc
2186 1112 2395 1194 facta,
2439 1123 2505 1176 et
2544 1133 2663 1199 per
2702 1119 2975 1195 quatuor
3016 1110 3233 1173 nacio-

343 1230 476 1272 nes
531 1208 856 1274 eiusdem
893 1210 1300 1276 concorditer
1341 1211 1798 1298 approbatum,
1841 1210 2015 1301 quod
2059 1210 2333 1300 quilibet
2372 1210 2456 1276 ab
2500 1211 2921 1278 universitate
2964 1207 3051 1272 ad
3098 1229 3231 1272 cer·
3252 1217 3285 1271 5

343 1315 500 1370 tum
549 1317 836 1396 tempus
877 1308 1202 1396 relegatus
1217 1358 1237 1392 ‚
1280 1313 1392 1398 qui
1431 1310 1605 1377 ultra
1637 1314 1982 1378 terminum
2024 1310 2369 1376 recedendi
2384 1358 2402 1392 ,
2439 1333 2563 1398 per
2604 1309 2941 1376 consilium
2982 1304 3237 1374 univer-

349 1408 594 1472 sitafis
639 1409 706 1474 ei
753 1407 1138 1495 praefixum,
1179 1409 1248 1474 in
1289 1408 1414 1474 hoc
1451 1410 1692 1499 oppido
1733 1411 2165 1498 permanserit
2206 1419 2317 1474 aut
2361 1405 2465 1496 [2⁰
2476 1407 2528 1496 ⁸]
2572 1407 2935 1475 recedendo
2968 1431 3111 1474 sese
3144 1409 3237 1472 in—

351 1506 708 1574 decenter
755 1507 1028 1576 conduci
1067 1509 1463 1596 permiserit,
1521 1509 1625 1575 vel
1687 1512 1798 1596 qui
1851 1509 2025 1576 infra
2066 1521 2319 1597 tempus
2358 1508 2783 1595 relegacionis
2826 1530 2983 1573 suae
3021 1508 3237 1574 redire

353 1606 452 1670 ad
497 1608 854 1693 gremium
897 1608 1108 1674 almae
1149 1611 1592 1676 universitatis
1635 1612 2177 1698 praesumpserit,
2216 1632 2371 1676 mox
2406 1610 2549 1674 sine
2586 1606 2877 1674 ulteriori
2924 1630 3235 1674 convoca·

351 1707 570 1772 cione
589 1755 616 1790 ,
684 1709 1007 1774 citacione
1061 1727 1141 1774 ac
1195 1711 1558 1776 monicione
1613 1731 1732 1798 per
1785 1719 2107 1776 rectorem
2160 1719 2437 1797 protunc
2488 1709 2867 1774 existentem
2909 1718 3239 1795 tamquam
3260 1719 3325 1773 10

357 1805 772 1874 membrum
813 1807 1146 1895 putridum
1185 1831 1228 1874 a
1267 1829 1538 1896 corpore
1575 1810 2014 1875 universitatis
2056 1807 2465 1876 rescindatur
2504 1807 2609 1874 vel
2650 1806 3053 1876 excludatur.

1442 1979 1538 2044 22.
1595 1996 1732 2047 Vom
1769 1996 1816 2050 4.
1856 1995 1986 2046 Juni
2024 1975 2218 2050 1490.ι

547 2106 762 2174 Anno
805 2105 1050 2174 domini
1089 2106 1428 2176 millesimo
1476 2108 2565 2196 quadringentesimononagesimo·‚
2618 2105 2725 2173 die
2764 2127 2921 2173 vero
2964 2107 3241 2176 Veneris

367 2219 634 2295 quarta
673 2208 921 2272 mensis
961 2206 1150 2292 Iunii,
1189 2209 1258 2274 in
1297 2208 1588 2296 generali
1628 2211 2103 2276 convocacione
2140 2209 2599 2296 magistrorum
2643 2216 2708 2273 et
2736 2205 3077 2274 doctorum
3102 2211 3241 2276 uni·

363 2307 734 2374 versitatis
749 2356 770 2392 ,
814 2305 1188 2394 specialiter
1223 2307 1312 2374 ad
1353 2309 1478 2376 hoc
1515 2310 1712 2394 facta,
1755 2320 1828 2376 ut
1865 2309 2362 2390 discordiaruQ
2410 2307 2807 2374 sedicionum
2848 2329 2929 2374 ac
2966 2309 3325 2376 insulan-15

369 2409 642 2474 tiaram
703 2409 982 2472 materia
995 2456 1016 2492 ,
1071 2429 1204 2494 qua
1255 2410 1755 2476 communitates
1817 2409 2197 2497 plerumque
2246 2431 2377 2474 non
2430 2406 2845 2474 mediocriter
2900 2403 3005 2495 [20
3018 2405 3073 2496 ¹³]
3112 2419 3243 2474 tur-

367 2505 634 2574 bantur
651 2555 670 2585 ,
713 2505 1198 2595 periclitantur,
1241 2507 1680 2574 dissolvuntur
1719 2531 1802 2574 ac
1841 2508 2288 2591 destruuntur,
2330 2505 2577 2572 salubri
2615 2505 2897 2594 quodam
2931 2507 3240 2593 remedio,

378 2617 720 2693 quantum
755 2606 898 2672 fieri
937 2606 1214 2694 poterit,
1253 2605 1548 2690 tollatur,
1597 2607 1990 2697 impediatur
2030 2606 2137 2674 vel
2172 2606 2401 2674 saltem
2442 2608 2934 2692 praeveniatur,
2988 2608 3245 2675 conclu-

379 2729 532 2774 sum
581 2707 718 2772 fuit
757 2715 824 2772 et
863 2713 1194 2789 statum,
1235 2727 1316 2774 ac
1357 2729 1476 2794 per
1517 2717 1796 2796 quatuor
1835 2708 2145 2774 naciones
2187 2705 2473 2772 eiusdem
2514 2707 2957 2773 universitatis
2984 2729 3245 2776 concor-

379 2804 560 2870 diter
605 2804 1082 2892 approbatum:
3258 2817 3327 2876 20

559 2903 960 2993 Quicunque
999 2905 1546 2992 conspirationes,
1601 2903 2051 2972 conventicula
2085 2902 2193 2968 vel
2236 2905 2742 2990 conspiratorias
2786 2907 3243 2975 conventiones

385 3005 456 3068 in
501 3025 904 3092 quocunque
943 3003 1086 3072 loco
1125 3004 1354 3070 feoerit
1393 3014 1506 3071 aut
1544 3004 1674 3070 illis
1713 3003 2193 3094 quomodolibet
2220 3003 2533 3068 interesse
2560 3007 3093 3090 praesumpserit,
3135 3008 3243 3073 vel

390 3104 502 3191 qui
545 3102 764 3170 alium
805 3113 920 3168 aut
957 3102 1152 3188 alios,
1211 3117 1282 3168 ut
1319 3104 1482 3170 haec
1521 3103 1682 3170 fiant
1693 3153 1712 3189 ,
1763 3104 2006 3171 directe
2048 3104 2152 3170 vel
2196 3101 2507 3168 indirecte
2546 3101 2909 3188 induxerit,
2966 3127 3083 3170 seu
3122 3129 3243 3194 pro

387 3202 844 3291 conspirando
903 3202 1010 3271 vel
1065 3204 1512 3271 conventicula
1573 3205 1870 3271 faciendo
1921 3228 2067 3271 sese
2103 3204 2511 3291 inscripserit
2544 3204 2649 3269 vel
2688 3204 2959 3270 inscribi
3000 3206 3243 3291 fecerit,

389 3314 506 3369 aut
565 3302 880 3371 scedulas
932 3306 1438 3391 conspiratorias
1491 3306 1830 3391 scripserit
1894 3303 2002 3370 vel
2056 3303 2321 3369 easdem
2376 3302 2809 3369 scribentibus
2860 3314 3325 3373 consensumz'»

387 3400 492 3467 vel
561 3424 766 3490 opem
827 3404 1226 3490 praestiterit
1241 3452 1262 3487 ,
1319 3424 1436 3469 seu
1483 3402 1744 3469 easdem
1799 3404 1866 3469 in
1922 3404 2409 3492 quibuscunque
2468 3402 2629 3467 locis
2668 3403 2989 3489 proiicere
3004 3454 3023 3489 ,
3071 3410 3173 3483 [21
3188 3404 3243 3494 ⁸]

395 3502 680 3589 affigere
718 3500 826 3567 vel
865 3503 1168 3569 intimare
1209 3525 1408 3569 ausus
1443 3502 1668 3568 fuerit:
1720 3502 1826 3568 vel
1865 3504 1976 3589 qui
2013 3504 2451 3591 suppositum,
2508 3512 2733 3569 contra
2774 3501 2946 3589 quod
2986 3505 3243 3571 univer-

399 3602 568 3669 sitas
623 3603 778 3689 ipsa
818 3601 924 3668 vel
969 3602 1262 3689 superior
1303 3602 1744 3667 universitatis
1785 3610 2054 3689 propter
2096 3626 2247 3669 suos
2290 3624 2595 3669 excessus
2633 3601 3049 3688 relegationis
3063 3653 3082 3688 ,
3140 3628 3250 3671 ex·

399 3699 718 3767 clusionis
761 3700 868 3767 vel
909 3702 1142 3790 quavis
1181 3699 1314 3767 alia
1352 3700 1678 3787 condigna
1717 3724 1930 3789 poena
1959 3703 2370 3789 processerit,
2408 3702 2747 3769 defensare
2781 3704 3249 3789 praetenderit:

395 3800 502 3865 vel
545 3802 669 3889 qui
709 3800 980 3885 factum,
1038 3799 1406 3867 huiusmodi
1449 3802 1858 3889 suppositum
1898 3803 2197 3888 punitum
2238 3822 2353 3867 seu
2392 3800 2789 3889 puniendum
2830 3824 3243 3888 concernens,
3262 3814 3331 3871 30

397 3896 736 3967 nationale
751 3949 772 3985 ,
813 3900 940 3967 hoc
979 3910 1082 3966 est
1117 3900 1293 3987 quod
1333 3900 1516 3967 natio
1559 3922 1700 3967 sese
1742 3898 1824 3967 de
1864 3899 1988 3967 hoc
2027 3902 2446 3986 intromittat,
2501 3900 2745 3967 directe
2783 3901 2891 3967 vel
2934 3902 3247 3970 indirecte

401 4020 516 4065 seu
559 4001 799 4088 quovis
843 3998 971 4066 alio
1012 4000 1204 4067 modo
1243 4001 1472 4067 fecerit
1511 4010 1624 4067 aut
1665 4002 1856 4067 etiam
1903 3999 2473 4067 convocationibus
2510 4000 2617 4067 vel
2659 4003 2875 4068 verius
2918 4004 3245 4070 conventi·

402 4098 564 4166 culis
579 4150 602 4184 ,
663 4098 778 4165 ubi
832 4099 996 4165 talia
1045 4099 1275 4165 fierent
1327 4109 1392 4166 et
1443 4108 1904 4183 tractarentur,
1955 4101 2269 4167 interesse
2321 4104 2835 4189 praesumpserit
2886 4113 2951 4169 et
3002 4103 3083 4170 de
3124 4102 3249 4171 hoc

405 4202 746 4265 confessus
786 4198 896 4266 vel
937 4200 1272 4266 convictus
1291 4200 1346 4283 ³,
1395 4210 1728 4287 tamquam
1771 4200 1956 4287 pacis
1998 4210 2065 4265 et
2106 4200 2489 4268 concordiae
2530 4202 2827 4270 turbator
2867 4204 2953 4269 ab
2994 4204 3249 4269 univer-

405 4297 598 4365 sitate
645 4297 1051 4367 excludatur.
3261 4311 3329 4367 35

571 4586 694 4646 Die
721 4586 1056 4664 folgenden
1085 4584 1292 4647 beiden
1317 4587 1842 4664 Bidenses-mutare
1879 4608 2010 4649 vom
2030 4590 2225 4649 Jahre
2254 4590 2413 4652 1476
2439 4588 2653 4669 finden
2694 4586 2819 4648 siclt
2860 4593 2984 4663 aas
3015 4590 3129 4648 den
3154 4589 3243 4649 in-

409 4702 560 4746 nam
603 4686 808 4747 &iton
847 4688 952 4747 des
994 4686 1176 4747 obern
1209 4690 1338 4748 und
1375 4696 1594 4749 autern
1635 4688 1890 4751 Deckels
1926 4688 2321 4767 yaeffleben.

543 4955 568 5005 1
613 4948 723 5004 Die
755 4954 938 5005 ersten
974 4954 1006 5005 2
1041 4946 1226 5003 Zeilen
1258 4948 1374 5003 und
1408 4948 1498 5005 die
1531 4956 1560 5005 7
1594 4950 1797 5007 letzten
1832 4950 2010 5007 dieses
2046 4950 2319 5007 Absatzes
2351 4951 2473 5007 sind
2512 4968 2617 5007 von
2652 4950 2936 5007 derselben
2960 4950 3127 5009 Hand
3160 4971 3252 5026 ge-

418 5030 700 5089 schrieben
733 5032 836 5089 wie
867 5034 967 5088 der
1003 5030 1449 5103 voraufgehende
1479 5034 1714 5091 Artikel.
1783 5035 1902 5091 Das
1935 5034 2278 5091 dazwiscben
2316 5053 2426 5092 von
2459 5036 2680 5092 zweiter
2717 5034 2881 5091 Hand
2918 5036 2981 5109 (s.
3004 5038 3115 5093 den
3150 5037 3250 5095 sol·

419 5118 626 5185 genden
659 5116 906 5184 Artikel)
941 5116 1349 5175 Geschriebene
1379 5117 1711 5190 (conc-limma
1729 5122 1860 5191 fuit
1891 5151 1950 5159 —
1985 5121 2303 5190 permiserit
2332 5120 2442 5193 vel)
2478 5120 2625 5175 steht
2660 5118 2764 5175 auf
2792 5120 2986 5176 Rasur.

544 5208 578 5259 2
609 5202 808 5259 Dieser
837 5202 1062 5258 Artikel
1101 5200 1316 5259 scheint
1350 5220 1459 5259 von
1489 5202 1590 5258 der
1618 5206 1814 5275 Hand,
1856 5204 1946 5259 die
1990 5204 2101 5259 den
2132 5200 2407 5261 mittleren
2438 5204 2597 5261 'rheil
2628 5206 2725 5261 des
2760 5206 3243 5277 voraufgehenden

422 5282 645 5343 schrieb.
857 5292 890 5343 3
922 5286 999 5343 Es
1035 5284 1176 5343 fehlt
1209 5286 1354 5343 wohl
1372 5288 1574 5359 fleu-it.
