4038 6358
1185 610 1357 665 Achte
1391 610 1918 675 sumentes-etim,
1954 628 2079 664 vom
2115 608 2281 665 Jahre
2322 608 2465 665 1⁵58.
3136 610 3258 677 543

1685 798 1900 862 Caput
1929 798 1996 848 X.

579 895 1045 961 Universorum
1092 896 1520 961 attentissima
1560 917 1718 960 cura
1758 897 1844 959 sit
1886 893 2262 959 occasiones
2306 915 2528 959 omnes
2568 893 2941 960 removendi
2958 943 2977 977 ,
3022 891 3256 980 quibus

385 995 549 1061 fieri
581 1006 822 1082 posset,
848 1005 922 1060 ut
954 997 1105 1080 igne
1147 994 1453 1060 damnum
1496 995 1779 1061 daretur.
1844 995 2125 1058 Lumina
2166 992 2620 1057 tractabuntur
2662 1003 2866 1077 caute,
2909 994 3090 1079 ligna
3131 1014 3259 1057 non

387 1106 805 1182 reponentur
851 1095 937 1160 ad
975 1096 1271 1160 fornaces
1316 1106 1427 1159 aut
1465 1097 1638 1159 intra
1680 1093 1996 1176 cubicula,
2042 1092 2159 1157 sed
2200 1092 2364 1174 loca,
2409 1114 2576 1179 quae
2619 1095 2953 1178 assignata
2998 1091 3263 1180 quibus·

389 1215 535 1281 que
597 1195 870 1275 fuerint,
932 1193 1018 1258 ad
1077 1193 1249 1259 hunc
1303 1216 1486 1258 usum
1542 1192 1986 1259 conducantur
2043 1200 2237 1279 atque
2296 1196 2745 1277 occupentur.¹
2849 1192 2978 1273 Qui
3035 1201 3262 1256 contra
3312 1200 3344 1253 5

391 1294 637 1358 facere
681 1291 994 1357 admoniti
1037 1295 1450 1380 perrexerint
1470 1341 1487 1373 ,
1552 1314 1664 1357 eos
1725 1293 2113 1378 permissum
2183 1300 2281 1354 est
2338 1289 2610 1355 locatori
2670 1314 2792 1357 usu
2842 1290 3262 1356 habitationis

400 1395 705 1479 privare.
789 1393 868 1456 In
911 1392 1225 1457 cubiculis
1267 1414 1350 1455 ne
1385 1394 1530 1479 quis
1574 1395 1922 1479 quicquam
1962 1390 2224 1473 habeat,
2268 1412 2394 1477 quo
2438 1391 2611 1475 ignis
2656 1390 3053 1456 carbonesve
3095 1412 3263 1455 com·

400 1490 967 1577 praebendantur.

1483 1602 1576 1693 [S.
1607 1603 1749 1692 146]
1799 1627 2009 1689 Caput
2044 1626 2138 1677 xl.

578 1725 786 1789 Fores
831 1722 1090 1788 aedium
1137 1721 1390 1807 collegii
1435 1722 1642 1787 hieme
1689 1721 2070 1788 claudentur
2099 1732 2295 1788 noctu
2316 1722 2480 1787 hora
2499 1745 2692 1806 nona,
2738 1732 2983 1788 aestate
3010 1733 3073 1789 et
3104 1734 3260 1788 tem·
3286 1733 3350 1788 10

393 1823 677 1911 poribus
721 1825 914 1887 trium
958 1832 1355 1887 mercatuum
1399 1822 1560 1886 hora
1603 1821 1871 1887 decima.
1958 1822 2087 1903 Qui
2132 1822 2434 1887 exclusus
2477 1822 2795 1909 pulsando
2838 1822 3263 1888 clamandove

403 1922 503 1986 ad
549 1923 722 1987 fores
766 1934 879 1987 aut
919 1923 990 1986 in
1031 1922 1254 2010 platea
1295 1923 1701 2008 importunus
1759 1924 1985 2005 fuerit,
2029 1922 2299 1987 multam
2356 1921 2566 1987 solvat
2616 1922 2832 1987 florini
2891 1922 3267 1988 dimidiati.²

405 2020 550 2102 Qui
613 2044 768 2086 vero
821 2022 1128 2087 famulum
1185 2021 1491 2087 locatoris
1544 2020 1647 2085 vel
1705 2024 1989 2107 coegerit
2048 2025 2180 2086 vim
2240 2021 2602 2103 afferendO,
2658 2022 2761 2087 vel
2814 2022 3268 2109 persuadendo

405 2142 799 2209 quocunque
824 2121 1019 2188 modo
1049 2144 1125 2186 eo
1161 2120 1563 2210 perduxerit,
1597 2131 1666 2185 ut
1708 2144 1825 2187 suo
1871 2120 2145 2187 arbitrio
2188 2122 2362 2187 fores
2409 2118 2741 2186 clauderet
2778 2132 2890 2187 aut
2932 2121 3266 2208 panderet,

407 2221 615 2303 quive
647 2222 790 2304 ipse
829 2220 896 2283 in
934 2244 1050 2285 sua
1091 2230 1412 2307 potestate
1457 2219 1705 2285 clavem
1748 2222 1986 2286 forium
2032 2220 2479 2307 publicarum,.
2501 2220 3077 2306 quomodocunque
3122 2232 3352 2308 par-15

416 2329 598 2402 tam,
641 2318 973 2401 habuerit,
1017 2324 1209 2406 quive
1254 2342 1634 2407 quacunque
1680 2321 2039 2386 clanculum
2079 2322 2419 2406 irrepserit
2461 2330 2573 2383 aut
2615 2342 2684 2384 se
2726 2322 3168 2403 insinuaverit,
3212 2324 3268 2385 is

409 2421 613 2482 unius
636 2417 889 2483 florini³
914 2419 1179 2483 multam
1216 2418 1444 2503 solvat,
1481 2421 1607 2484 nisi
1635 2423 1868 2508 potius,
1912 2430 1982 2485 ut
2025 2443 2060 2484 e
2104 2418 2376 2505 collegio
2424 2420 2718 2504 emigret,
2759 2418 3078 2484 iubendus
3123 2443 3267 2485 esse

409 2516 739 2582 videatur.

1661 2627 1872 2702 Caput
1901 2639 2024 2690 ΧΗ.

581 2730 1074 2819 Disputationes
1122 2735 1464 2817 serotinae,
1510 2733 1593 2798 ab
1636 2736 1899 2819 antiquo
1940 2736 2009 2799 in
2058 2733 2472 2821 collegiorum
2518 2731 2759 2799 scholis
2801 2735 3157 2819 institutae,
3203 2746 3353 2802 et20

408 2830 578 2895 alibi
624 2842 687 2895 et
729 2830 906 2918 apud
965 2855 1085 2897 nos
1146 2834 1396 2897 servari
1444 2833 1672 2920 placet.
1771 2833 2023 2922 Estque
2077 2835 2457 2899 exercitatio
2515 2837 2644 2900 ista
2694 2833 2887 2898 valde
2941 2835 3150 2920 utilis,
3213 2839 3268 2900 si

413 2952 580 2994 vera
621 2931 875 2996 ratione
918 2954 1022 2996 res
1065 2941 1397 2999 tractetur.

585 3025 676 3115 [S.
715 3028 850 3116 147]
910 3030 1242 3096 Bacularii
1299 3034 1501 3118 igitur
1542 3054 1724 3097 more
1763 3034 2114 3115 maiorum,
2163 3042 2231 3097 ut
2275 3034 2442 3097 serie
2484 3033 2781 3100 collocati
2818 3035 3078 3099 fuerunt
3120 3057 3272 3100 con-

419 3128 766 3194 suetudine
808 3130 1184 3198 academiae
1229 3142 1528 3216 nostrae,
1571 3133 1665 3197 ita
1713 3155 1830 3198 sua
1871 3133 2014 3198 vice
2061 3132 2487 3221 disputationi
2530 3134 2949 3220 praesideant
2992 3135 3130 3200 sine
3170 3157 3267 3200 re-

426 3230 765 3294 cusatione
785 3279 805 3313 ,
849 3229 1195 3318 descriptis
1237 3231 1629 3297 thematibus
1648 3281 1667 3315 ,
1727 3233 1809 3296 de
1871 3230 2107 3319 quibus
2155 3231 2538 3319 disputetur.
2638 3234 2999 3321 Disputare
3054 3244 3265 3299 autem
3288 3244 3354 3299 25

422 3327 692 3414 placide
732 3327 926 3394 liceat
969 3329 1300 3414 omnibus,
1338 3330 1572 3416 quibus
1614 3329 1897 3396 libuerit.
1980 3330 2089 3395 Ad
2132 3330 2635 3417 disputationem
2678 3334 3021 3398 convenire
3062 3336 3267 3421 inqui·

424 3426 545 3492 lini
588 3428 955 3513 frequentes
1001 3427 1271 3511 debent,
1316 3452 1587 3517 quorum
1634 3453 1831 3495 causa
1879 3430 2285 3517 potissimum
2333 3430 2438 3495 hic
2480 3431 2664 3497 labor
2709 3435 3077 3519 suscipitur.
3144 3433 3269 3500 Lo-

417 3528 629 3592 catori
674 3537 917 3610 autem,
965 3536 1104 3592 tota
1143 3550 1250 3592 res
1292 3539 1363 3593 ut
1400 3552 1560 3594 vera
1613 3531 1865 3595 ratione
1907 3529 2393 3594 administretur
2435 3540 2848 3620 geraturque,
2893 3555 3087 3598 curae
3130 3535 3272 3615 erit,

420 3629 526 3690 cui
545 3675 565 3709 ,
608 3625 857 3691 iubenti
911 3627 1082 3715 quod
1125 3627 1267 3691 fieri
1309 3631 1642 3693 consuevit
1684 3638 1748 3694 et
1789 3627 2017 3709 debet,
2061 3629 2169 3713 qui
2214 3651 2342 3693 non
2384 3633 2711 3715 paruerit,
2757 3630 2989 3698 solvito
3032 3632 3272 3698 multae

421 3726 688 3790 nomine
730 3725 944 3790 florini
988 3725 1466 3813 quadrantem.⁴
3286 3741 3355 3798 30

588 3823 974 3913 Quicunque
1016 3830 1180 3891 inter
1225 3824 1688 3912 disputandum
1728 3848 1908 3909 voce,
1953 3847 2132 3908 sono,
2173 3837 2362 3912 gestu
2389 3827 2782 3917 obstrepere,
2822 3829 3115 3915 illudere,
3154 3833 3271 3896 im·

421 3924 654 4011 pedire
698 3925 1172 4011 praesidentem
1216 3936 1327 3990 aut
1366 3925 1546 4005 aliis,
1591 3927 1700 4010 qui
1743 3936 2000 4007 assunt,
2044 3925 2348 3991 molestus
2391 3951 2532 3993 esse
2571 3941 2635 3993 et
2675 3953 3058 4018 quacunque
3100 3934 3271 3997 inso-

426 4024 630 4088 lentia
654 4047 897 4089 vexare
921 4023 1199 4110 aliquem
1235 4047 1431 4089 ausus
1458 4025 1672 4105 suerit,
1716 4023 1801 4088 ab
1847 4047 1922 4089 eo
1966 4024 2172 4090 multa
2213 4049 2584 4112 grossorum
2630 4032 2911 4116 quinque
2953 4033 3271 4116 exigatur.

410 4122 488 4188 Si
544 4123 891 4189 insolentia
948 4126 1074 4189 ista
1129 4124 1482 4189 notabilem
1535 4123 1774 4189 habeat
1826 4127 2402 4211 importunitatem,
2447 4126 2649 4192 multa
2702 4127 3101 4215 duplicetur,
3124 4134 3148 4172 ὃ
3201 4133 3272 4197 id

412 4221 592 4309 quod
632 4221 880 4289 locator
923 4222 1243 4289 decernet.
3287 4242 3356 4298 35

1629 4377 1855 4440 Caput
1905 4377 2055 4428 XIII.

589 4467 683 4557 [S.
705 4470 848 4559 148]
911 4472 1115 4537 Nemo
1173 4471 1629 4560 inquilinorum
1686 4473 1997 4538 famulum
2037 4473 2123 4538 ad
2168 4496 2237 4539 se
2279 4477 2556 4564 recipiat
2598 4476 2700 4543 vel
2747 4500 2966 4545 secum
3009 4479 3269 4565 habeat,

422 4593 615 4657 quem
658 4580 726 4635 ut
774 4572 1068 4659 recipere
1110 4571 1434 4638 habereve
1477 4573 1537 4637 ei
1586 4572 1813 4638 liceret
1869 4571 2119 4638 locator
2172 4597 2301 4639 non
2346 4580 2739 4643 concesserit
2792 4590 2905 4644 aut
2959 4603 3149 4665 quem
3203 4593 3275 4647 ut

416 4671 775 4736 dimitteret
799 4672 1080 4736 iusserit.
1143 4671 1274 4737 Pro
1313 4695 1388 4738 eo
1426 4680 1661 4754 autem,
1704 4694 1893 4757 quem
1933 4676 2368 4739 consentiente
2408 4674 2712 4761 locatore,
2755 4688 2825 4743 ut
2867 4679 3109 4746 dictum
3152 4691 3272 4765 est,

559 4873 615 5005 hl
659 4868 768 4923 Die
803 4869 1003 4926 Worte
1050 4878 1149 4926 aut
1195 4871 1347 4925 intra
1387 4871 1504 4924 cub.
1541 4868 1627 4924 bis
1674 4877 2005 4940 occupentur
2048 4869 2173 4925 sind
2220 4874 2407 4941 spiiter
2437 4871 2893 4944 eingeklammert
2927 4877 3041 4933 und
3075 4878 3272 4936 durch·

416 4951 558 5007 stric
598 4968 683 5007 en.

589 5040 621 5091 2
655 5034 858 5106 Spiiter
896 5038 1113 5108 intem-i.

585 5126 617 5174 3
657 5119 859 5190 Βρὲωι·
892 5122 1058 5176 Mum
1083 5122 1442 5192 florenorum.

588 5209 621 5259 4
660 5203 858 5274 Spliter
883 5207 1153 5275 florinum
1184 5225 1362 5262 unum.

588 5294 618 5343 5
656 5286 856 5360 Spatsr
893 5290 1220 5362 triplicetur.
