4038 6358
1319 610 1744 673 Bostimmungsn
1779 623 1875 659 aus
1910 611 2033 660 dem
2063 610 2229 661 Jahn-0
2266 610 2410 662 1555.
3157 618 3278 681 625

405 788 565 855 suis
619 788 966 857 laboribus
1009 814 1092 857 ex
1134 815 1261 858 uno
1307 801 1600 880 promoto
1643 812 1763 879 pro
1809 815 1881 857 se
1924 792 2419 859 emolumentum
2461 794 2783 882 integrum
2830 797 3121 862 retineat.
3206 796 3277 863 Si

401 911 587 955 vero
615 891 844 978 plures
879 892 1139 976 fuerint,
1182 894 1296 981 qui
1333 901 1812 980 promoventur,
1855 900 2007 957 tunc
2047 892 2477 959 emolumenta
2516 893 2907 983 reliquorum
2946 896 3015 960 in
3060 919 3280 961 omnes

411 987 752 1057 doctores
796 989 878 1055 de
917 990 1186 1057 consilio
1230 988 1358 1079 [24]
1401 991 1761 1074 facultatis,
1806 1015 1847 1056 a
1886 1014 2013 1079 quo
2055 1015 2323 1057 numero
2366 1002 2693 1079 promotor
2734 994 2911 1061 haud
2951 994 3278 1061 secluden-

407 1088 554 1155 dus
575 1140 598 1173 ,
664 1091 1018 1179 aequaliter
1074 1090 1544 1157 distribuantur
1561 1140 1580 1173 ‚
1641 1100 1714 1156 ut
1784 1100 2148 1179 promotor,
2208 1113 2291 1157 ex
2352 1090 2619 1177 reliquis
2689 1095 2883 1159 etiam
2950 1096 3280 1182 particeps

409 1189 678 1274 factus,
721 1211 842 1278 pro
884 1189 1110 1257 labore
1153 1213 1314 1278 prae
1353 1191 1626 1256 caeteris
1668 1189 1812 1277 plus
1856 1189 2114 1257 habeat.
3330 1206 3363 1259 5

612 1288 726 1357 Sic
767 1312 810 1355 a
850 1299 1360 1377 compromotore
1411 1292 1481 1355 in
1529 1290 1938 1377 promotione
1978 1290 2352 1357 doctoratus
2403 1288 2544 1355 fieri
2601 1289 2823 1374 debet,
2865 1302 2939 1359 ut
2986 1315 3279 1383 compro-

413 1398 658 1477 motor
698 1412 818 1477 pro
861 1391 995 1455 suis
1040 1388 1372 1455 laboribus
1427 1412 1512 1454 ex
1567 1411 1694 1455 uno
1752 1412 1875 1477 pro
1931 1412 2000 1455 se
2064 1388 2561 1457 emolumentum
2618 1389 2721 1454 vel
2777 1401 3030 1478 partem
3088 1416 3281 1459 unam

413 1488 800 1577 integram,
845 1511 1078 1577 nempe
1121 1512 1238 1555 sex
1279 1488 1588 1573 florenos,
1632 1490 1936 1573 retineat3
1979 1491 2036 1555 si
2074 1512 2230 1555 vero
2274 1489 2494 1577 plures
2536 1488 2788 1573 fuerint,
2832 1500 2985 1557 tunc
3025 1514 3276 1579 promo-

417 1589 734 1654 ventium
789 1587 1184 1675 reliquorum
1241 1589 1670 1655 emolumenta
1730 1589 1800 1653 in
1858 1589 2139 1678 reliquos
2207 1587 2501 1655 doctores
2592 1611 2811 1655 omnes
2869 1590 2949 1655 de
3011 1590 3277 1659 consilio

419 1688 796 1771 facultatis,
834 1687 1010 1755 nullo
1055 1700 1348 1776 excepto,
1391 1686 1746 1776 aequaliter
1790 1686 2279 1769 distribuantur,
2321 1687 2415 1753 ita
2454 1697 2527 1754 ut
2564 1700 3036 1776 compromotor
3078 1692 3272 1758 etiam
3299 1704 3362 1758 10

426 1786 524 1851 de
575 1786 844 1875 reliquis
885 1789 1214 1876 particeps
1259 1788 1376 1853 fiat
1388 1838 1406 1871 ,
1453 1797 1518 1853 et
1571 1787 1664 1853 sic
1718 1812 1838 1876 pro
1880 1788 2104 1855 labore
2146 1797 2219 1853 ut
2259 1797 2733 1875 compromotor
2788 1812 2949 1875 prae
3008 1792 3279 1857 caeteris

426 1897 603 1975 post
644 1886 958 1953 decanum
996 1887 1141 1975 plus
1181 1886 1436 1954 habeat.

1154 2072 1239 2137 X.
1296 2069 1386 2159 [S.
1418 2069 1521 2159 25]
1577 2090 1671 2137 nn
1716 2088 2038 2138 consmo
2081 2089 2218 2138 ruo
2262 2088 2578 2137 Ex'mms.

621 2221 786 2289 Cmn
828 2223 1068 2309 petitur
1109 2221 1448 2289 consilium
1491 2246 1532 2288 a
1579 2222 1885 2289 facultate
1927 2223 2181 2288 medica
2225 2220 2308 2286 ab
2351 2222 2591 2287 exteris
2632 2221 3019 2306 hominibus,
3065 2222 3279 2289 decre-

433 2332 587 2387 tum
632 2331 756 2404 est,
808 2330 880 2386 ut
936 2321 1218 2387 decanus
1277 2322 1601 2388 facultatis
1661 2322 2044 2387 sententiam
2096 2320 2349 2387 consilii
2399 2320 2602 2386 literis
2656 2324 2981 2409 concipiat
3021 2330 3086 2387 et
3132 2332 3363 2388 con-15

435 2414 784 2509 scriptam
806 2423 1221 2505 transmittat,
1266 2445 1344 2488 ac
1385 2442 1506 2509 pro
1547 2422 1770 2489 labore
1807 2420 2105 2508 duplum¹
2155 2419 2469 2486 mercedis
2512 2422 2810 2510 accipiat.

744 2604 860 2670 XI.
913 2624 1196 2672 FAMULO
1241 2623 1761 2673 UNIVERSITATIS
1801 2622 1938 2671 PRO
1985 2621 2211 2671 OPERA
2254 2620 2677 2670 COLLIGENDI
2720 2620 2998 2671 GENSUS.

623 2755 896 2823 Famulo
939 2758 1381 2825 universitatis
1424 2780 1544 2847 pro
1588 2779 1788 2844 opera
1843 2754 2186 2843 colligendi
2230 2776 2460 2820 census
2505 2752 2791 2820 decrevit
2843 2754 3148 2839 facultas,
3190 2754 3285 2821 illi

446 2854 683 2921 deberi
729 2879 981 2945 semper
1025 2857 1111 2923 ad
1151 2856 1325 2923 diem
1365 2856 1648 2924 natalem
1687 2856 1930 2924 Christi
1968 2878 2053 2921 ex
2092 2856 2344 2924 aerario
2387 2877 2583 2922 unum
2622 2854 2949 2921 florenum.

633 3129 650 3179 1
693 3124 890 3196 Spster
929 3124 1005 3181 ist
1048 3123 1252 3179 daraus
1298 3123 1558 3196 gemacht
1600 3088 1840 3196 triplum.
1883 3123 2002 3179 ·An
2048 3096 2155 3177 den
2190 3120 2349 3176 Rand
2392 3120 2464 3175 ist
2504 3119 2888 3192 geschrieben,
2920 3121 3054 3175 aber
3086 3121 3285 3177 wieder

458 3209 900 3282 ausgestrichen:
949 3211 1268 3281 Iun-ispmti
1295 3209 1490 3265 habent
1520 3211 1809 3264 dimidium
1841 3209 2053 3278 intem-i.

607 5398 1040 5436 sruurnusucn
1073 5398 1186 5433 nnn
1221 5397 1364 5434 mm.
1400 5394 1636 5432 amram.
2876 5375 2955 5434 40
