4038 6358
1407 670 1834 735 Bestimmungen
1870 685 1966 721 aas
2001 671 2119 721 dem
2155 670 2321 721 John-e
2362 670 2502 723 1555.
3238 668 3353 731 621

859 852 1132 921 Doctori
1174 852 1440 918 alterius
1485 851 1814 917 facultatis
1879 898 2797 918 ..........
2880 855 2917 918 3
2964 864 3024 933 9(

863 954 1226 1019 Licentiato
1268 950 1534 1019 alterius
1581 1003 1594 1017 .
1678 1004 1691 1016 .
1775 1001 1791 1015 .
1872 1002 1886 1016 .
1964 1002 1980 1016 .
2069 1003 2081 1017 .
2174 1000 2189 1015 .
2283 999 2297 1014 .
2381 1000 2398 1015 .
2481 1003 2493 1014 .
2584 1003 2596 1017 .
2678 998 2694 1014 .
2776 1001 2789 1015 .
2878 954 2917 1017 2
2960 986 2983 997 -

862 1052 1181 1139 Magistro
1226 1050 1490 1117 alterius
1572 1100 2799 1118 .............
2888 1056 2912 1114 1
2964 1085 2987 1095 -

865 1150 1142 1217 Famulo
1183 1152 1624 1216 universitatis
1682 1197 2796 1219 ............
2878 1153 2917 1216 2
2960 1184 2981 1195 ·
3012 1150 3031 1189 ¹

1489 1333 1606 1399 111.
1663 1329 1756 1421 [S.
1795 1330 1880 1421 9.]
1934 1351 2028 1397 nn:
2072 1350 2421 1401 comum-0.
3418 1344 3451 1399 5

1813 1484 1818 1489 “
1927 1474 1977 1532 1.

709 1586 1097 1673 computus,
1163 1593 1232 1649 ut
1286 1584 1355 1648 in
1411 1584 1696 1671 acceptis
1756 1594 1820 1647 et
1871 1585 2175 1670 expensis
2236 1584 2449 1647 minus
2506 1584 2745 1648 erroris
2807 1581 3103 1649 accidere
3146 1587 3371 1673 possit,

542 1685 814 1773 singulis
860 1685 1048 1748 annis
1093 1706 1134 1747 a
1177 1682 1439 1766 decane,
1485 1694 1556 1749 ut
1604 1707 1645 1749 a
1689 1679 2044 1747 maioribus
2090 1694 2190 1747 est
2234 1692 2541 1749 statutum
2596 1693 2659 1747 et
2722 1681 3138 1749 observatum
3160 1734 3177 1766 ,
3231 1682 3371 1749 fieri

539 1785 748 1868 debet,
786 1784 981 1872 idque
1022 1782 1138 1849 fiat
1179 1784 1244 1848 in
1289 1782 1395 1847 die
1435 1782 1840 1865 Laurentii,²
1907 1785 1962 1848 si
2013 1782 2339 1848 adfuerint
2382 1806 2602 1848 omnes
2646 1781 2979 1867 doctores3
3042 1794 3106 1848 et
3148 1783 3373 1849 eodem

540 1886 647 1951 die
688 1884 790 1950 vel
834 1881 1028 1971 paulo
1063 1893 1210 1969 post
1249 1882 1535 1947 decanus
1564 1884 1633 1946 in
1664 1881 1969 1947 honorem
2005 1882 2243 1964 Lucae,
2294 1882 2730 1969 evangelistae
2750 1893 2813 1947 et
2832 1884 3085 1966 medici,
3110 1894 3369 1971 sumptu
3390 1895 3455 1950 10

542 1987 780 2051 aerarii
822 1982 1192 2048 doctoribus
1255 1982 1336 2046 de
1392 1981 1660 2047 consilio
1712 1981 2037 2045 facultatis
2094 2004 2357 2046 coenam
2402 1980 2741 2065 exhibeat,
2797 1982 2883 2046 ad
2925 2004 3117 2068 quam
3160 1994 3375 2049 tamen

541 2082 1026 2150 benevolentiae
1071 2103 1270 2146 causa
1311 2080 1540 2167 reliqui
1584 2080 1879 2147 doctores
1922 2084 2082 2145 artis
2126 2081 2435 2162 medicae,
2480 2082 2590 2167 qui
2630 2103 2758 2145 non
2800 2092 2949 2145 sunt
2987 2081 3068 2146 de
3110 2082 3377 2147 consilio

549 2182 900 2264 facultatis,
941 2192 1022 2263 et,
1067 2182 1123 2245 si
1164 2180 1342 2245 locus
1385 2182 1576 2246 fuerit
1589 2230 1608 2263 ,
1655 2182 1850 2252 etiam
1892 2179 2205 2245 licentiati
2248 2180 2531 2245 eiusdem
2584 2183 2743 2244 artis
2786 2181 3049 2246 invitari
3091 2193 3380 2268 possunt.

1127 2364 1238 2430 IV.
1284 2360 1372 2450 [S.
1407 2358 1504 2450 10]
1547 2380 1685 2428 rso
1732 2378 2130 2429 conconmA
2172 2380 2382 2428 mma
2423 2379 2812 2430 noc'roims.

1947 2522 1996 2581 l.
3394 2526 3455 2582 1⁵

709 2633 807 2697 Ne
852 2654 980 2719 qua
1021 2631 1288 2697 offensio
1330 2633 1399 2696 in
1441 2642 1774 2718 posterum
1803 2632 1970 2695 inter
1995 2630 2293 2697 doctores
2322 2630 2567 2696 oboriri
2598 2632 2823 2717 possit,
2866 2630 3155 2697 decrevit
3186 2633 3382 2699 facul·

547 2744 668 2817 tas,
713 2742 802 2816 ut,
845 2733 899 2797 si
943 2732 1090 2821 quis
1133 2742 1398 2796 vocetur
1441 2729 1526 2794 ad
1569 2752 1854 2815 aegrum,
1897 2752 2085 2817 quem
2134 2729 2299 2795 alius
2339 2729 2563 2795 doctor
2604 2732 2671 2794 in
2714 2753 2872 2795 cura
2914 2732 3137 2816 habet,
3194 2735 3249 2799 is
3296 2732 3385 2799 ad

555 2854 698 2897 eum
746 2833 966 2897 venire
1019 2853 1148 2895 non
1206 2841 1488 2912 recuset,
1535 2832 1588 2893 si
1633 2852 1778 2893 cum
1833 2828 2161 2895 voluntate
2204 2840 2269 2893 et
2316 2828 2489 2893 bona
2529 2831 2747 2914 gratia
2788 2830 3053 2897 alterius
3098 2833 3383 2899 doctoris

550 2931 618 2995 id
661 2932 789 2997 fiat.

1940 3031 1995 3093 2.
3398 3042 3467 3098 20

616 3160 624 3167 ‘
719 3144 912 3228 Quod
967 3148 1024 3212 si
1079 3146 1360 3235 priorem
1417 3145 1740 3211 dimittere
1799 3165 1993 3230 aeger
2045 3142 2322 3209 voluerit
2337 3191 2356 3226 ,
2406 3142 2475 3209 id
2518 3164 2649 3210 non
2690 3145 3002 3212 concedat
3042 3147 3225 3232 alter,
3278 3152 3387 3238 qui

563 3249 883 3335 posterius
923 3258 1191 3312 vocatus
1234 3257 1357 3328 est,
1412 3247 1542 3310 imo
1584 3255 1839 3309 recuset
1879 3265 2061 3308 suam
2103 3264 2389 3330 operam,
2450 3245 2576 3308 nisi
2636 3247 2815 3330 prior
2856 3249 3047 3313 etiam
3098 3250 3387 3315 medicus

553 3350 920 3413 retineatur.

1949 3465 2006 3525 3.

719 3582 789 3646 Si
846 3601 1002 3644 vero
1059 3600 1253 3664 aeger
1316 3578 1571 3641 omnino
1612 3598 1738 3641 non
1783 3574 1940 3640 velit
1989 3572 2269 3661 amplius
2324 3576 2416 3639 uti
2472 3576 2706 3663 prioris
2753 3599 2982 3665 opera,
3030 3587 3165 3645 tum
3226 3581 3473 3649 alter25

560 3706 688 3747 non
736 3679 1024 3761 accedat,
1065 3679 1194 3742 nisi
1231 3677 1432 3763 priori
1477 3675 1728 3741 medico
1771 3675 2173 3740 satisfactum
2214 3673 2410 3739 fuerit
2450 3696 2569 3761 pro
2614 3697 2733 3740 sua
2777 3697 2993 3762 opera.

1805 3820 1894 3910 [S.
1936 3820 2033 3911 11]
2086 3831 2145 3890 4.

731 3945 804 4012 Si
844 3948 988 4034 quis
1033 3945 1213 4032 prius
1258 3941 1538 4029 aliquem
1585 3942 1835 4006 curavit
1877 3962 2167 4026 aegrum,
2211 3949 2278 4006 et
2316 3941 2600 4006 nondum
2644 3963 2762 4029 pro
2806 3942 2919 4008 illa
2962 3966 3162 4031 opera
3207 3948 3391 4011 satis-

567 4049 815 4114 factum
853 4047 935 4111 sit
975 4046 1135 4132 ipsi,
1194 4052 1257 4108 et
1299 4042 1378 4106 de
1419 4065 1586 4106 novo
1630 4051 1855 4127 postea
1895 4039 1981 4103 ad
2026 4039 2297 4105 eundem
2341 4063 2607 4126 aegrum
2650 4054 2936 4126 vocatur,
2979 4043 3171 4110 debet
3214 4043 3394 4110 illum

567 4145 985 4235 gratitudinis
1045 4146 1228 4231 prius
1282 4143 1644 4206 admonere.
1730 4138 1924 4220 Quod
1982 4139 2039 4203 si
2094 4139 2179 4203 ad
2237 4139 2405 4205 hanc
2460 4139 2962 4208 admonitionem
3012 4143 3189 4210 illum
3242 4143 3385 4210 reli·
3406 4152 3475 4210 30

569 4247 782 4335 querit
823 4255 884 4310 et
928 4245 1124 4309 alium
1173 4241 1502 4306 doctorem
1544 4242 1907 4322 vocaverit,
1963 4240 2022 4304 is
2066 4238 2259 4304 debet
2316 4261 2555 4325 negare
2616 4263 2800 4306 suam
2844 4265 3109 4329 operam
3125 4293 3143 4327 ,
3190 4243 3397 4309 donec

567 4349 772 4435 priori
813 4344 1214 4410 satisfactum
1255 4343 1356 4407 sit.

1953 4462 2008 4522 5.

733 4579 803 4644 Si
859 4578 1004 4664 quis
1063 4598 1147 4640 ex
1206 4575 1421 4659 aegris
1461 4581 1652 4637 vocat
1692 4570 2019 4637 doctorem
2056 4571 2408 4655 medicum,
2454 4571 2539 4636 ad
2595 4595 2785 4659 quem
2842 4576 3159 4664 principio
3213 4575 3392 4644 scho-

567 4679 723 4745 laris
763 4679 886 4744 fuit
912 4675 1261 4758 adhibitus,
1306 4674 1390 4739 ad
1433 4694 1577 4766 eum
1621 4673 1842 4736 venire
1886 4670 2147 4758 quidem
2188 4669 2412 4737 doctor
2452 4669 2663 4757 debet,
2709 4674 2823 4738 sed
2868 4696 2946 4738 ea
2986 4685 3201 4740 tamen
3242 4697 3389 4740 con·
3410 4681 3478 4742 35

743 4935 765 4985 1
807 4927 1006 4998 Spfiter
1037 4925 1110 4980 ist
1145 4924 1349 4979 durans
1383 4921 1505 4978 eine
1539 4927 1570 4978 3
1607 4919 1879 4992 gemacht.

739 5017 772 5068 2
804 5013 929 5068 Von
969 5009 1198 5066 auderet
1231 5007 1398 5062 Hand
1447 5006 1520 5060 ist
1566 5005 1802 5060 dai-iiber
1849 5002 2209 5101 geschriebeu
2249 5003 2310 5056 in
2344 5005 2589 5074 Auqmto
2640 5006 2761 5076 (der
2793 5006 2921 5077 'rag
2954 5007 3247 5062 Laurentii
3276 5005 3403 5060 ffillt

574 5097 676 5153 auf
709 5098 814 5151 den
851 5101 926 5151 10.
957 5097 1230 5164 August),
1269 5095 1453 5161 spater
1499 5089 1573 5143 ist
1615 5087 1732 5144 dies
1786 5105 1846 5144 so
1893 5088 1994 5142 wie
2029 5087 2127 5142 der
2160 5087 2336 5142 Name
2373 5088 2787 5159 ausgestrichon
2834 5091 2945 5146 und
2993 5090 3158 5145 (ια-ὼ·
3191 5107 3265 5146 gn
3296 5089 3403 5145 den

575 5180 736 5236 Rand
770 5177 1155 5252 geschrieben·
1141 5216 1153 5230 .
1205 5176 1389 5230 Cosmi
1425 5181 1476 5228 ct
1507 5173 1784 5227 Damnam'
1825 5174 1906 5226 ad
1934 5173 2104 5240 finem
2154 5171 2487 5242 Septembris
2530 5171 2641 5242 (ihr
2679 5172 2807 5246 'rag
2848 5173 2975 5228 ffillt
3023 5174 3127 5230 auf
3170 5175 3275 5230 deu
3322 5179 3402 5231 27,

575 5262 948 5338 September);
993 5259 1126 5316 aber
1172 5255 1318 5314 auch
1353 5255 1470 5312 dies
1515 5254 1588 5309 ist
1635 5256 1832 5311 wieder
1878 5253 2293 5328 ausgestricheu
2326 5255 2437 5310 und
2471 5255 2637 5311 daffir
2672 5256 3059 5328 geschricben:
3104 5259 3180 5317 D,
3218 5261 3405 5316 Lumo

576 5349 938 5422 evanqdistae
973 5347 1045 5420 (d.
1087 5349 1163 5399 15.
1205 5341 1481 5413 October).
