4038 6358
1219 605 1389 665 Achte
1414 608 1943 676 Statutenredaction,
1981 624 2104 664 vom
2125 606 2290 666 Jahre
2319 613 2463 667 1558.
3144 611 3261 681 541

395 812 636 880 neque
679 795 938 882 uspiam
979 818 1183 882 supra
1224 794 1449 861 limina
1491 795 1670 883 ligna
1707 794 1911 861 findat
1952 807 2066 861 aut
2106 806 2311 878 secet3
2365 796 2476 881 qui
2516 794 2761 879 fecerit,
2807 794 2891 861 ab
2934 818 3009 861 eo
3048 796 3269 880 multa,

395 896 682 979 quoties
728 893 852 962 hoc
895 894 1135 959 factum
1176 896 1389 977 fuerit,
1417 895 1643 962 -florini
1688 894 2009 960 dimidiati
2051 897 2366 982 exigetur.

1680 1066 1895 1129 Caput
1930 1066 2024 1117 VI.

594 1177 968 1260 Tumultus,
1011 1179 1352 1265 strepitus,
1395 1179 1727 1263 fragores,
1773 1178 2006 1264 quibus
2050 1177 2399 1265 inquilinos
2441 1177 2811 1264 perturbari
2854 1201 3117 1244 necesse
3154 1192 3270 1262 est,

404 1275 736 1359 vitentur,
792 1301 874 1342 ne
930 1281 1076 1366 quis
1131 1276 1453 1359 saliend0,
1500 1274 1670 1364 [140]
1713 1279 2130 1365 impingendo
2185 1281 2415 1343 ianuas
2471 1276 2766 1365 postibus
2810 1278 3268 1361 vehementius,
3320 1290 3352 1344 5

402 1375 750 1459 pulsando
795 1379 962 1443 ostia
1002 1380 1390 1466 importune,
1431 1377 1737 1443 molestus
1782 1380 1866 1442 sit
1903 1376 2072 1442 aliis.
2147 1377 2436 1464 Operam
2480 1381 2751 1463 quisque
2793 1379 2985 1442 etiam
3031 1376 3158 1460 det,
3201 1387 3274 1442 ut

406 1496 620 1539 serae
662 1476 1139 1542 conclusionem
1181 1476 1372 1542 facile
1414 1477 1766 1564 recipiant,
1807 1476 1979 1565 quod
2034 1480 2243 1542 unctis
2297 1476 2427 1541 illis
2484 1499 2690 1564 parvo
2733 1476 3061 1564 impendio
3104 1477 3274 1542 effici

406 1576 691 1659 poterit.
772 1574 903 1657 Qui
947 1578 1017 1641 in
1059 1577 1184 1641 hac
1224 1587 1409 1664 parte
1454 1575 1796 1661 deliquerit
1840 1587 1903 1642 et
1941 1576 2306 1642 admonitus
2350 1575 2475 1641 sibi
2517 1599 2646 1642 non
2690 1578 3166 1664 temperaverit,
3211 1580 3270 1642 ei

409 1674 637 1743 multa
691 1675 1019 1762 irrogetur
1073 1676 1287 1743 florini
1343 1676 1699 1758 dimidiati3
1761 1698 1969 1763 neque
2036 1676 2413 1741 admittetur
2469 1678 2799 1742 excusatio
2857 1684 3272 1741 externorum

415 1784 548 1837 aut
591 1773 952 1862 hospitum,
996 1775 1111 1840 sed
1155 1778 1464 1864 cuiusque
1502 1775 1920 1871 habitationis
1937 1825 1956 1859 ,
2013 1775 2127 1841 ubi
2183 1774 2531 1860 deliquisse
2575 1775 2826 1861 aliquos
2872 1786 3270 1862 compertum
3292 1786 3355 1841 10

409 1872 649 1955 fuerit,
688 1874 986 1962 inquilini
1028 1874 1491 1941 multabuntur.

596 1972 705 2038 Ad
749 1976 1090 2061 strepitus,
1150 1975 1383 2062 quibus
1439 1975 1735 2060 inquilini
1780 1973 2153 2061 perturbari
2198 1974 2433 2057 solent,
2480 1977 2805 2061 pertinent
2847 1985 2911 2040 et
2953 1974 3269 2040 clamores

411 2072 1094 2161 vociferationesque,
1152 2075 1377 2160 quales
1441 2074 1858 2162 plaerumque
1914 2073 1998 2139 ab
2051 2073 2248 2139 ebriis
2302 2096 2450 2138 cum
2519 2072 2920 2160 turpitudine
2977 2086 3274 2160 gestuum

414 2170 731 2254 eduntur,
781 2195 976 2260 saepe
1012 2173 1096 2238 ab
1128 2174 1445 2260 improbis
1480 2186 1544 2239 et
1578 2172 2035 2260 petulantibus,
2078 2175 2373 2259 quamvis
2415 2195 2543 2238 non
2580 2174 2848 2237 nimium
2892 2175 3279 2260 potaverint.

415 2269 692 2336 Talium
752 2272 1041 2337 furorum
1100 2273 1337 2339 diurna
1395 2274 1598 2338 multa
1655 2285 1792 2339 esto
1847 2275 2064 2338 florini
2125 2273 2480 2354 dimidiati,
2534 2282 2853 2336 nocturna
2909 2272 3123 2338 florini
3176 2275 3269 2337 in·
3296 2285 3357 2338 15

414 2371 655 2455 tegri,¹
713 2394 841 2457 quo
892 2386 1184 2460 tempore
1237 2397 1366 2438 non
1407 2374 1600 2438 modo
1641 2395 1773 2437 non
1812 2372 2211 2459 interpellari
2256 2370 2502 2454 studia,
2559 2370 2673 2436 sed
2712 2374 2914 2459 quieti
2956 2373 3150 2436 etiam
3193 2375 3274 2437 si·

415 2469 703 2535 lentium
745 2471 1012 2537 concedi
1057 2494 1336 2559 aequum
1374 2481 1488 2540 est.

601 2569 707 2634 De
749 2573 1015 2636 musicis
1060 2571 1358 2637 cantibus
1402 2570 1953 2659 qualibuscunque
1994 2570 2156 2634 nihil
2200 2569 2580 2657 prohibetur
2633 2570 2717 2635 ab
2762 2572 3048 2657 antiquo,
3093 2570 3275 2637 dum—

420 2667 629 2735 modo
673 2671 902 2734 musici
944 2669 1040 2735 illi
1095 2672 1256 2753 sint,
1306 2668 1476 2758 [141]
1530 2670 1601 2734 id
1656 2682 1755 2735 est
1809 2670 2022 2737 studio
2079 2669 2395 2735 bonarum
2451 2672 2686 2735 artium
2743 2679 2808 2734 et
2857 2670 3276 2735 humanitatis

424 2768 638 2854 digni.
721 2769 974 2835 Horum
1018 2782 1233 2836 tamen
1273 2774 1564 2857 ipsorum
1607 2791 1859 2857 quoque
1903 2781 1966 2835 et
2004 2770 2233 2835 modus
2275 2779 2340 2835 et
2381 2793 2571 2835 suum
2621 2782 2875 2856 tempus
2931 2791 3074 2834 esse
3131 2779 3363 2835 con-20

427 2869 636 2950 venit,
682 2867 762 2933 de
802 2892 929 2957 quo
971 2868 1220 2935 locator
1260 2872 1497 2956 poterit
1540 2892 1835 2953 monere,
1878 2880 1941 2934 et
1985 2872 2273 2934 monenti
2320 2892 2457 2935 mos
2501 2881 2779 2955 geretur.
2864 2868 3013 2934 Una
3051 2880 3149 2933 est
3188 2871 3281 2934 in-

436 2970 655 3053 signis
700 2978 763 3033 et
805 2989 966 3055 prae
1007 2972 1279 3033 caeteris
1324 2968 1903 3034 animadvertenda
1944 2967 2337 3055 petulantia,
2380 2991 2508 3057 qua
2550 2970 2654 3051 fit,
2699 2976 2772 3032 ut
2810 2967 3047 3032 audeat
3087 2970 3281 3033 inter-

433 3066 600 3133 dum
662 3067 899 3155 aliquis
958 3067 1223 3153 globum
1290 3092 1374 3133 ex
1439 3091 1558 3134 sua
1623 3067 2024 3133 habitatione
2087 3068 2395 3133 eiaculari
2453 3067 2535 3133 de
2584 3069 2665 3132 iis
2684 3117 2702 3150 ,
2750 3089 2917 3154 quae
2968 3078 3283 3133 vocantur

427 3164 874 3252 bombardae3
934 3168 1056 3234 hoc
1114 3170 1225 3256 qui
1274 3168 1535 3252 fecerit,
1608 3169 2115 3256 quotiescunque
2177 3167 2421 3233 factum
2476 3167 2698 3251 fuerit,
2763 3168 3003 3255 integri
3065 3167 3279 3234 florini

427 3265 707 3332 multam
747 3267 1097 3355 persolvat.
3298 3275 3367 3334 2⁵

1681 3437 1893 3501 Caput
1927 3436 2049 3490 VII.

602 3549 710 3614 De
753 3547 1039 3615 honestis
1079 3549 1366 3615 moribus
1409 3550 1869 3638 inquilinorum
1910 3553 1979 3615 in
2018 3573 2257 3636 genere
2300 3561 2398 3615 est
2442 3549 2719 3634 dictum3
2740 3552 2764 3593 ²
2830 3550 2945 3615 sed
2999 3572 3278 3635 quorun-

431 3648 591 3715 dam
627 3650 954 3715 malitiosa
994 3652 1288 3736 pravitas
1332 3649 1645 3737 postulat,
1687 3662 1757 3715 ut
1796 3651 2178 3715 nominatim
2223 3649 2546 3737 quaedam
2589 3653 2748 3715 vitia
2792 3649 3280 3737 prohibeantur.

437 3748 1008 3830 Quemadmodum
1050 3747 1248 3835 igitur
1289 3748 1370 3813 de
1405 3749 1764 3836 petulantia
1804 3749 2319 3815 turbulentorum
2359 3749 2683 3837 quaedam
2728 3750 3075 3815 constituta
3118 3762 3287 3834 sunt,

435 3851 536 3913 ita
580 3847 667 3913 ad
710 3847 840 3913 alia
877 3851 1131 3914 maiora
1164 3852 1517 3915 necessitas
1558 3849 1837 3932 deducit,
1882 3851 2004 3914 etsi
2048 3850 2434 3914 mentionem
2476 3850 2705 3915 horum
2745 3872 2876 3915 non
2919 3849 3107 3915 decet
3144 3849 3371 3916 fieri30

435 3950 508 4012 in
549 3947 664 4012 tali
720 3962 1073 4032 conventu,
1131 3950 1385 4036 qualem
1444 3949 1877 4015 studiosorum
1931 3951 2190 4026 virtutis
2244 3959 2307 4014 et
2352 3945 2522 4037 [142]
2568 3951 2927 4036 sapientiae
2979 3972 3122 4015 esse
3162 3973 3286 4038 par

439 4061 573 4131 est,
617 4046 752 4132 sed,
799 4059 867 4112 ut
911 4048 1154 4113 dictum
1199 4060 1313 4132 est,
1357 4053 1711 4115 necessitas
1764 4050 1889 4114 huc
1933 4048 2215 4114 deducit.
2302 4048 2373 4113 Si
2430 4072 2584 4134 ergo
2628 4060 3027 4135 compertum
3070 4049 3283 4135 fuerit,

439 4150 512 4213 in
543 4146 807 4236 aliquod
851 4147 1158 4214 conclave
1198 4148 1676 4214 habitationum
1715 4148 1946 4214 harum
1988 4148 2249 4213 aedium
2292 4148 2728 4214 introductam
2773 4171 2914 4214 esse
2955 4149 3289 4216 mulierem

442 4257 788 4334 suspectae
816 4247 1202 4334 pudiciciae,
1245 4250 1382 4313 sive
1425 4251 1494 4313 in
1535 4248 1667 4314 ulla
1709 4259 1897 4337 parte
1938 4248 2196 4313 aedium
2239 4271 2384 4312 cum
2427 4248 2744 4314 eiusmodi
2786 4248 3053 4314 muliere
3096 4249 3288 4315 collo·

441 4359 661 4412 cutum
701 4358 1116 4413 versatumve
1159 4351 1529 4436 quempiam
1567 4371 1739 4431 esse,
1785 4347 2064 4435 denique
2106 4348 2532 4435 quodcunque
2574 4349 2762 4414 huius
2804 4351 3062 4435 generis
3105 4350 3373 4436 flagi-35

440 4450 607 4513 tium
634 4447 829 4512 fuerit
872 4445 1410 4534 depraehensum,
1455 4448 1537 4513 ob
1583 4448 1652 4514 id
1691 4450 1758 4513 in
1800 4448 2123 4513 indicatos
2164 4449 2625 4536 convictosque
2665 4458 2906 4514 statuta
2948 4461 3046 4514 est
3083 4449 3288 4515 multa

443 4549 675 4614 floreni
705 4550 932 4629 unius3
979 4548 1035 4612 si
1078 4547 1310 4612 iterum
1357 4546 1640 4614 dedecus
1679 4547 1852 4613 istud
1896 4546 2293 4632 admittatur,
2337 4546 2582 4635 placuit
2624 4546 2888 4613 multam
2935 4548 3287 4637 duplicari3

445 4650 503 4713 si
530 4649 724 4712 tertio
769 4668 912 4711 cum
954 4656 1137 4711 tanta
1180 4648 1609 4730 contumacia,
1656 4646 2037 4735 delinquens
2081 4657 2147 4713 et
2185 4647 2455 4713 multam
2493 4647 2890 4734 triplicatam
2935 4648 3284 4736 persolvito

444 4757 510 4812 et
547 4769 632 4812 ex
675 4745 950 4812 aedibus
993 4746 1185 4811 huius
1231 4745 1489 4832 collegii
1532 4747 1871 4834 emigrato.

621 4952 642 5002 1
685 4911 885 5016 sister
916 4947 989 5001 ist
1024 4946 1312 5001 dimidiata·
1344 4945 1760 5017 ausgestrichen
1794 4945 1907 5001 und
1938 4945 2033 5002 ffir
2068 4947 2273 5015 flou-im·
2316 4946 2519 5016 imm·
2558 4962 2631 5000 an
2674 4944 2784 5000 den
2818 4945 2980 5001 Rana
3013 4945 3288 5019 gesehrie-

447 5036 552 5091 ben
586 5035 807 5173 d{molanus
843 5116 1126 5188 Folgende
1174 5115 1246 5170 ist
1287 5118 1473 5187 spiiter
1508 5115 1966 5188 eingeklammert
2007 5109 2121 5170 und
2157 5114 2322 5169 daffir
2354 5114 2429 5169 ist
2460 5131 2532 5169 an
2564 5115 2673 5169 den
2708 5114 2872 5170 Rand
2906 5114 3289 5186 geschrieben:

447 5206 545 5256 sub
580 5221 687 5273 quo
723 5210 925 5256 stamto
964 5202 1400 5272 comprehensam
1433 5219 1643 5271 quoque
1674 5201 1921 5255 volumus
1954 5200 2333 5254 castimmuam
2375 5199 2782 5270 corpori-2122
2825 5217 2990 5269 quam
3023 5202 3124 5272 qui
3154 5203 3289 5257 dela·-

450 5290 631 5360 ςιιίυεε
663 5288 779 5343 ullo
815 5288 980 5341 modo
1015 5286 1462 5357 deprehendetur,
1496 5286 1547 5340 is
1584 5303 1649 5340 ex
1684 5286 1911 5340 aedibus
1946 5284 2171 5355 colleqii
2202 5303 2321 5338 cum
2354 5285 2599 5357 infamia
2623 5291 2890 5357 μυίσκαι
2925 5286 3199 5343 σι’ίοίαεαν.
