4038 6358
876 594 997 661 440
1636 584 1652 607 ‘
1860 590 1962 645 Dis
1997 593 2434 659 philosophische
2467 594 2723 647 Facultsst.

875 787 1053 847 mata
1093 776 1161 845 in
1204 773 1421 864 aliquo
1464 776 1877 844 lectoriorum
1919 800 2065 843 cum
2118 777 2532 844 intimacione
2586 777 2849 867 publica
2901 777 3088 845 iuxta
3140 788 3428 847 tenorem
3476 779 3710 849 statuti

875 879 1151 964 desuper
1180 877 1354 959 editi,
1401 886 1465 942 et
1506 875 1677 965 quod
1716 876 1980 943 honeste
2025 899 2093 942 se
2134 879 2396 959 rexerit,
2441 879 2536 942 sic
2576 877 2751 966 quod
2798 876 2880 943 de
2921 879 3094 947 nullo
3139 881 3406 946 crimine
3445 882 3710 969 publice

884 978 1227 1045 infamatus
1270 987 1384 1042 aut
1426 985 1759 1063 suspectus
1801 977 2010 1060 fuerit,
2057 976 2138 1042 de
2181 1000 2305 1066 quo
2349 999 2419 1042 se
2462 1000 2750 1066 purgare
2783 972 3172 1067 nequiverit:
3224 979 3385 1045 alias
3428 982 3508 1048 ad
3545 1004 3708 1048 con·

878 1076 1093 1142 silium
1132 1075 1457 1142 facultatis
1496 1098 1625 1141 non
1665 1084 2046 1143 assumatur.
2134 1076 2207 1142 Si
2257 1087 2475 1142 tamen
2522 1078 2591 1142 in
2646 1077 2866 1166 aliqua
2918 1079 3187 1146 nacione
3242 1078 3521 1146 defectus
3582 1091 3706 1147 aut

789 1187 821 1242 5
880 1177 1136 1243 omnino
1182 1178 1478 1266 paucitas
1531 1177 1984 1262 magistrorum
2043 1176 2238 1259 foret,
2285 1199 2369 1242 ex
2407 1188 2563 1243 tunc
2602 1177 2968 1244 huiusmodi
3023 1188 3279 1267 tempus
3331 1179 3710 1268 septennale

878 1277 1268 1364 receptionis
1326 1275 1513 1340 iuxta
1565 1275 1888 1341 facultatis
1947 1262 2200 1341 'arcium
2267 1274 2734 1343 discrecionem
2794 1279 3141 1367 anticipari
3208 1288 3272 1345 et
3329 1278 3704 1346 abbreviari

878 1377 1168 1465 poterit.¹

874 1550 930 1611 2.
966 1558 1237 1609 VOLENS
1270 1556 1462 1619 QUEM
1486 1556 1821 1606 mPEDIRE
1864 1558 2000 1607 PRO
2046 1556 2381 1608 INGRESSU
2425 1558 2855 1611 FActJL'rA'rIS
2896 1562 3131 1611 DEBET
3174 1560 3533 1625 Amanum

1866 1658 2133 1707 CAUSAM
2180 1658 2702 1709 SUFFICOENTEM.

797 1787 859 1842 10
1041 1774 1323 1856 Placuit,
1368 1772 1538 1860 quod
1589 1773 1817 1841 volens
1871 1773 2151 1863 aliquem
2201 1776 2659 1862 magistrorum
2714 1776 3032 1864 impedire
3087 1798 3206 1865 pro
3262 1779 3556 1863 ingressu
3612 1777 3703 1843 ad

875 1875 1214 1944 consilium
1251 1874 1573 1939 facultatis
1618 1871 1811 1938 debet
1853 1872 2137 1960 allegare
2176 1872 2639 1942 racionabilem
2683 1899 2975 1959 causam,
3020 1898 3138 1964 per
3192 1878 3500 1942 maiorem
3553 1900 3705 1966 par·

871 1987 1001 2042 tem
1045 1975 1502 2062 magistrorum
1545 1972 1626 2038 de
1670 1972 1935 2038 consilio
1977 1972 2301 2039 facultatis
2360 1975 2861 2042 examinandam
2903 1987 2969 2042 et
3014 1975 3519 2064 approbandam.

870 2151 924 2214 3.
981 2158 1440 2211 mammon
1480 2156 1811 2205 mms'rm
1850 2156 2240 2207 Assum-nm
2280 2158 2374 2206 AD
2421 2150 2792 2209 consmnm
2841 2158 3301 2226 monzuns,
3345 2159 3536 2221 quon

1686 2255 2220 2345 conponam'raa
2272 2257 2723 2323 Pms'rAmr.

789 2385 850 2443 15
1034 2355 1325 2457 Quilibet
1366 2374 1675 2460 magister
1725 2373 1973 2437 intrans
2022 2371 2099 2437 de
2158 2395 2327 2438 novo
2384 2373 2720 2439 consilium
2774 2374 3102 2440 facultatis
3156 2374 3403 2441 iurabit
3459 2374 3698 2441 decano

870 2474 987 2540 sub
1027 2474 1155 2540 hac
1196 2474 1432 2540 forma:
1509 2472 1697 2559 „Ego
1744 2471 1838 2536 .N.
1886 2473 2028 2536 iuro
2070 2471 2258 2538 vobis
2303 2470 2549 2538 decano
2595 2481 2658 2538 et
2699 2476 2932 2540 vestris
2993 2474 3476 2540 successoribus
3525 2496 3700 2539 reve-

867 2575 1153 2641 renciam
1193 2583 1256 2639 et
1287 2572 1728 2638 obedienciam
1756 2574 1825 2636 in
1867 2568 2062 2636 licitis
2105 2582 2169 2637 et
2211 2572 2526 2655 honestis,
2569 2582 2631 2638 et
2674 2596 2935 2639 servare
2981 2583 3221 2640 statuta
3261 2584 3326 2639 et
3369 2572 3702 2640 statuenda

867 2697 986 2763 pro
1036 2696 1228 2761 posse
1271 2695 1349 2738 ac
1388 2694 1596 2754 nosse,
1643 2694 2126 2759 procurareque
2174 2671 2412 2738 bonum
2455 2671 2803 2738 facultatis.
2885 2674 3051 2740 Item
3092 2675 3256 2757 iur0,
3301 2672 3495 2762 quod,
3556 2694 3704 2761 quo-

873 2777 1301 2861 cienscunque
1355 2772 1426 2835 in
1481 2770 1795 2836 decanum
1852 2780 1965 2835 aut
2023 2773 2094 2835 in
2133 2772 2643 2838 examinatorem
2698 2772 3287 2859 promovendorum
3329 2774 3400 2837 in
3440 2770 3700 2854 artibus,

788 2885 858 2942 20
875 2883 1013 2941 tam
1055 2873 1142 2938 ad
1184 2872 1631 2958 magisterium
1674 2891 1866 2957 quam
1910 2869 1996 2935 ad
2040 2869 2566 2952 baccalariatum‚
2614 2870 2856 2937 electus
2895 2873 3095 2955 fuero,
3139 2873 3484 2938 admittere
3515 2869 3700 2936 velim

876 2972 1257 3061 simpliciter
1298 2971 1529 3057 dignos
1576 2978 1639 3035 et
1680 2970 1946 3035 reiicere
1985 2969 2304 3057 indignos.
2390 2969 2502 3036 Sic
2543 2988 2646 3035 me
2686 2970 2843 3036 deus
2897 2971 3159 3041 adiuvet
3206 2980 3271 3036 et
3324 2980 3551 3036 sancta
3601 2968 3702 3034 dei

873 3070 1269 3158 evangelia.“
1298 3071 1323 3112 ²

868 3263 923 3323 4.
975 3271 1436 3321 IURAMENTUM
1478 3269 1784 3330 SEQUENS
1826 3270 2257 3320 FAOULTATIS
2272 3301 2291 3335 ,
2333 3269 2467 3317 PER
2512 3268 2844 3318 SENIORES
2884 3269 3408 3350 UNIVERSITATIS
3451 3269 3693 3319 APPBO-

865 3372 1105 3421 BATUM
1144 3372 1235 3419 ΕΤ
1275 3370 1604 3419 DOMINUM
1645 3369 2036 3419 EPISCOPUM
2080 3365 2725 3418 MERSEBURGENSEM
2765 3367 3297 3436 CONFIRMATUM,
3355 3370 3697 3419 mmmm·

786 3464 851 3520 25
1034 3471 1263 3519 OMNES
1307 3470 1634 3519 MAGISTRI
1677 3470 2002 3518 TEMPORE
2048 3467 2506 3517 RECEPTIONIS
2549 3469 2644 3515 AD
2694 3467 3068 3518 CONSILIUM
3109 3469 3561 3520 FACULTA'HS.

1035 3583 1156 3675 [Bl.
1168 3594 1205 3653 5
1217 3582 1269 3673 b]
1288 3586 1494 3669 „Item
1510 3588 1670 3666 iuro,
1693 3584 1866 3671 quod
1886 3607 2203 3671 personae
2215 3582 2320 3678 vel
2342 3584 2659 3670 personis,
2677 3594 2901 3648 contra
2920 3607 3113 3672 quam
3124 3586 3227 3650 vel
3250 3609 3414 3673 quas
3432 3585 3698 3650 facultas

869 3687 1116 3751 arcium
1152 3693 1420 3772 propter
1465 3707 1615 3749 suos
1661 3706 1969 3749 excessus
2012 3682 2425 3765 exclusionis,
2471 3683 2916 3770 suspensionis
2961 3707 3073 3749 seu
3116 3682 3246 3749 alia
3285 3686 3521 3772 quavis
3567 3707 3695 3750 con-

871 3785 1069 3871 digna
1114 3806 1324 3871 poena
1366 3785 1760 3871 processerit
1815 3792 1929 3847 aut
1984 3781 2338 3870 procedere
2383 3783 2754 3869 contigerit,
2807 3781 3171 3849 nullatenus
3227 3783 3424 3848 velim
3487 3792 3691 3849 astare

869 3895 982 3950 aut
1004 3906 1146 3948 eam
1170 3882 1273 3947 vel
1303 3904 1433 3965 eaS,
1477 3884 1532 3946 si
1569 3881 1724 3968 quid
1756 3891 1981 3946 contra
2019 3882 2260 3947 dictam
2298 3880 2667 3946 facultatem
2707 3891 2971 3971 propter
3011 3882 3376 3949 huiusmodi
3420 3904 3689 3971 poenam

786 3994 855 4051 30
874 3983 1000 4049 sibi
1038 3981 1349 4047 inflictam
1392 3990 1709 4046 attentare
1758 3983 2266 4069 praesumpserit
2307 3980 2411 4045 vel
2464 3983 3052 4068 praesumpserint,
3096 3984 3164 4046 in
3206 4005 3320 4047 suo
3363 3984 3691 4070 proposito

871 4083 1098 4172 quovis
1142 4080 1334 4146 modo
1382 4079 1744 4146 confortare
1786 4078 1888 4144 vel
1931 4080 2276 4163 adiuvare,
2319 4102 2440 4145 nec
2480 4080 2687 4144 eciam
2743 4080 3015 4162 factum,
3063 4091 3304 4146 certam
3355 4104 3696 4169 personam

872 4205 985 4248 seu
1028 4191 1236 4246 certas
1280 4201 1593 4268 personas
1634 4201 2059 4262 concernens,
2114 4181 2328 4245 facere
2369 4179 2698 4244 nationale
2742 4190 2855 4245 aut
2901 4190 2972 4245 ut
3014 4181 3340 4247 nationale
3382 4180 3532 4266 fiat,
3587 4181 3699 4247 hoc

872 4293 969 4349 est
1010 4280 1183 4369 quod
1222 4281 1409 4345 nacio
1455 4302 1595 4343 sese
1637 4278 1717 4345 de
1756 4279 2126 4345 huiusmodi
2191 4279 2363 4343 facto
2425 4279 2811 4344 intromittat
2832 4329 2849 4363 ‚
2896 4281 3254 4345 consentire
3275 4330 3295 4365 ,
3337 4302 3460 4346 nec
3505 4283 3698 4346 eciam

871 4380 1018 4448 aliis
1065 4382 1135 4445 in
1176 4379 1349 4445 idem
1408 4378 1952 4445 consentientibus
2009 4402 2127 4467 per
2181 4401 2285 4444 me
2326 4378 2432 4443 vel
2490 4377 2689 4443 alium
2745 4379 2987 4444 directe
3045 4379 3150 4444 vel
3200 4379 3536 4445 indirecte
3600 4402 3700 4444 seu

786 4493 855 4549 35
875 4482 1103 4571 quovis
1145 4478 1273 4545 alio
1313 4478 1505 4545 modo
1551 4477 1883 4544 consilium
1925 4478 2029 4543 vel
2072 4477 2384 4544 auxilium
2426 4488 2779 4565 praestare,
2822 4501 2942 4544 nec
2986 4479 3192 4544 eciam
3236 4481 3698 4546 convocationi-

871 4582 992 4649 bus
1037 4587 1153 4645 aut
1194 4581 1412 4644 verius
1456 4578 1954 4662 conventiculis,
2011 4578 2124 4644 ubi
2178 4577 2337 4643 talia
2390 4577 2620 4642 fierent
2671 4589 2784 4644 aut
2836 4585 3299 4662 tractarentur,
3352 4578 3695 4665 quomodo·

872 4680 1032 4747 libet
1074 4682 1402 4761 interesse,
1448 4677 1566 4743 sub
1609 4700 1819 4766 poena
1858 4679 2129 4766 periurii
2171 4699 2248 4743 ac
2286 4686 2641 4764 perpetuae
2684 4677 3074 4744 exclusionis
3117 4701 3157 4743 a
3201 4677 3468 4745 consilio
3510 4678 3697 4744 facul·

872 4784 1027 4847 tatis
1054 4781 1323 4862 arcium,
1358 4779 1756 4868 privacionis
1794 4777 1920 4844 loci
1964 4786 2028 4843 et
2071 4778 2406 4843 carenciae
2451 4778 2731 4842 omnium
2774 4777 3328 4845 emolimentorum
3369 4779 3697 4866 praefatae

872 4879 1258 4947 facultatis.“

1045 5133 1066 5182 1
1104 5123 1388 5182 Hiemacb
1420 5126 1494 5182 ist
1524 5126 1614 5183 ein
1648 5125 1829 5182 Raum
1865 5125 1968 5183 frei
2004 5125 2257 5197 gelassen
2277 5168 2292 5197 ‚
2325 5126 2466 5182 wohl
2497 5144 2569 5182 zu
2603 5127 2873 5197 etwaigen
2913 5126 3284 5198 Nachtragen.

875 5294 897 5366 (
1043 5216 1094 5368 2)
1108 5210 1423 5268 Hiemeben
1459 5229 1549 5270 am
1583 5211 1805 5267 Raude:
1879 5211 2146 5266 Conclusa
2180 5211 2487 5283 samdtatis
2532 5212 2665 5266 haee
2711 5209 2962 5269 clausula
3015 5213 3313 5268 omittenda
3364 5214 3464 5269 sub
3493 5212 3696 5268 Kom‘oe

904 5299 1071 5351 1519b
1097 5335 1110 5349 .
