4038 6358
1416 600 1519 654 Die
1552 602 1775 655 altesten
1811 603 2065 655 statuten.
3038 602 3152 672 561

291 781 466 864 cuit,
515 781 689 869 quod
729 806 849 870 pro
885 783 1374 873 quaestionibus
1419 794 1753 850 sumantur
1814 786 2171 851 materiae¹
2228 793 2501 871 quatuor
2552 783 2868 853 librorum
2910 797 3158 852 senten-

291 879 574 946 ciarum
617 891 682 947 et
723 885 933 969 primo
980 884 1188 971 primo
1224 893 1289 947 et
1330 886 1424 948 sic
1469 884 1820 949 secundum
1865 884 2158 950 ordinem
2201 895 2687 971 consequenter.

483 1006 587 1068 37.
630 994 911 1087 [Bl.20b]
954 999 1146 1067 Anno
1190 998 1434 1065 domini
1465 1007 1610 1066 1471
1659 1002 1728 1065 in
1769 1003 2054 1066 crastino
2080 998 2413 1064 Ambrosii
2442 1005 2520 1075 (d.
2539 1010 2593 1066 4.
2608 1006 2818 1081 April)
2860 1003 2930 1065 in
2970 1024 3159 1088 gene·

289 1096 430 1161 rali
467 1100 949 1164 convooacione
973 1101 1431 1186 magistrorum
1456 1098 1823 1185 theologiae
1866 1099 1953 1164 ad
1993 1099 2118 1164 hoc
2162 1098 2530 1186 specialiter
2572 1101 2748 1165 facta
2791 1102 3159 1168 conclusum

288 1195 430 1262 fuit
461 1197 893 1282 concorditer,
931 1198 1106 1264 nullo
1140 1198 1640 1281 contradicente,
1682 1198 1854 1285 quod
1893 1199 1963 1262 in
2001 1208 2194 1263 antea
2237 1197 2483 1281 doctor,
2529 1201 2639 1287 qui
2677 1199 2835 1286 legit
2877 1203 2943 1265 in
2983 1203 3158 1269 theo·
3208 1214 3240 1268 5

289 1295 497 1383 logia
524 1300 591 1362 in
620 1297 845 1363 ordine
874 1320 990 1365 suo
1034 1321 1151 1386 per
1196 1301 1506 1365 maiorem
1549 1308 1803 1385 partein
1844 1302 1998 1363 anni
2043 1308 2107 1362 et
2147 1308 2457 1385 tempore,
2504 1320 2627 1385 quo
2672 1300 2741 1363 in
2784 1300 3011 1366 ordine
3039 1325 3152 1367 suo

301 1396 669 1484 disputare
694 1397 1042 1481 debuisset,
1087 1397 1323 1463 absens
1355 1399 1567 1481 fuerit,
1608 1420 1738 1463 non
1784 1399 2097 1485 privetur,
2143 1420 2287 1462 cum
2328 1399 2671 1480 revenerit,
2715 1397 3162 1486 disputacione

291 1518 468 1578 sua,
529 1497 658 1560 nisi
709 1497 1073 1582 neglexerit
1127 1498 1287 1563 duos
1341 1497 1602 1563 ordines
1663 1497 2181 1584 disputacionum
2241 1519 2311 1561 se
2363 1497 2642 1560 invicem
2710 1500 3008 1584 proxime
3065 1523 3159 1565 se·

296 1606 610 1680 quentes,
653 1597 746 1660 ita
789 1595 977 1684 quod,
1023 1599 1079 1661 si
1119 1598 1442 1663 revenerit
1481 1599 1662 1684 prius
1708 1620 1902 1685 quam
1946 1593 2266 1660 secundus
2309 1593 2769 1681 disputaverit,
2815 1597 2901 1662 ad
2944 1597 3161 1685 dispu-

291 1695 585 1760 tandum
645 1695 971 1761 ordinarie
1025 1696 1432 1780 admittatur3
1489 1696 1725 1762 absens
1767 1718 1957 1778 vem,
2023 1695 2133 1780 qui
2189 1716 2317 1760 non
2378 1716 2497 1779 per
2538 1696 2850 1760 maiorem
2905 1706 3243 1784 partemio

291 1796 466 1859 anni
513 1796 584 1859 in
638 1793 863 1859 ordine
919 1817 1034 1860 suo
1077 1794 1235 1882 legit
1277 1797 1358 1860 in
1415 1795 1740 1880 theologia
1791 1806 1857 1859 et
1909 1795 2236 1859 revenerit
2291 1795 2506 1859 animo
2560 1797 3019 1881 permanendi,
3076 1796 3162 1862 ad

295 1892 785 1980 disputandum
828 1894 1240 1978 admittatur,
1289 1896 1345 1959 si
1395 1916 1704 1981 praesens
1745 1896 1970 1975 fuerit,
2018 1893 2276 1980 quando
2316 1915 2698 1980 praecessor
2741 1918 2897 1960 suus
2932 1897 3002 1960 in
3044 1918 3160 1960 suo

302 1993 554 2059 ordine
596 1993 986 2081 disputavit3
1037 1994 1152 2059 sed
1195 1995 1252 2059 si
1302 2015 1684 2082 praecessor
1727 2016 1879 2058 suus
1926 1992 2288 2080 disputavit
2339 1994 2514 2058 circa
2554 1993 2788 2059 festum
2829 1993 3157 2079 Iohannis,

295 2102 468 2159 tunc
511 2102 781 2180 propter
824 2095 1206 2159 vacanciam
1261 2092 1725 2159 canicularium
1743 2094 1768 2134 ²
1809 2090 2076 2176 sufficit,
2132 2115 2277 2157 eum
2328 2101 2737 2182 praesentem
2791 2094 2992 2159 fuisse
3039 2116 3158 2180 per

292 2214 836 2258 unum.mensem
875 2192 1246 2280 'proximum
1298 2202 1446 2258 ante
1497 2193 1732 2257 festum
1771 2191 2143 2278 Lamperti3
2209 2193 2265 2256 si
2319 2213 2476 2256 vero
2534 2191 2769 2259 absens
2824 2195 3150 2258 revenerit
3170 2204 3229 2258 15

294 2291 530 2355 animo
571 2312 700 2355 non
742 2290 1139 2374 remanendi,
1181 2290 1268 2356 ad
1311 2292 1772 2378 disputandum
1815 2291 2144 2357 ordinarie
2185 2290 2550 2357 nullatenus
2591 2292 2991 2358 admittatur.

479 2427 585 2491 38.
629 2419 751 2510 [131.
777 2420 911 2509 21⁸]
971 2424 1163 2489 Anno
1209 2425 1452 2491 domini
1503 2431 1659 2490 1474
1701 2426 1771 2488 in
1814 2424 1920 2491 die
1965 2424 2174 2490 sancti
2217 2422 2519 2488 Othmari
2565 2421 2651 2511 (d.
2682 2432 2776 2493 16.
2804 2431 3158 2504 November)

293 2523 367 2587 in
426 2524 908 2589 convocacione
966 2522 1302 2590 doctorum
1360 2523 1440 2588 de
1495 2523 1763 2591 consilio
1813 2523 2216 2609 theologicae
2271 2522 2597 2588 facultatis
2653 2520 3021 2613 specialiter
3075 2524 3160 2590 ad

296 2621 424 2687 hoc
470 2621 678 2703 facta,
720 2631 976 2687 matura
1017 2621 1406 2709 praehabita
1447 2622 1954 2706 deliberacione,
2000 2620 2368 2688 conclusum
2410 2622 2533 2687 fuit
2551 2673 2569 2706 ,
2612 2623 2786 2690 nullo
2830 2624 3156 2690 contradi-

298 2734 493 2787 cente
511 2771 532 2805 ,
575 2719 747 2806 quod
788 2722 858 2784 in
899 2730 1090 2786 antea
1132 2722 1427 2788 doctores
1482 2720 1562 2787 de
1616 2721 1885 2789 consilio
1941 2721 2229 2786 eiusdem
2286 2719 2649 2806 facultatis,
2705 2747 2822 2811 pro
2879 2734 3031 2790 tunc
3086 2728 3153 2789 in
3171 2734 3241 2789 20

299 2821 563 2908 Liptzk
605 2819 1034 2908 personaliter
1074 2820 1465 2905 residentes,
1511 2820 2182 2910 superintendenciam
2232 2819 2479 2885 habere
2536 2821 2817 2887 debeant
2867 2836 2929 2889 et
2987 2818 3156 2890 solli-

301 2923 431 2986 cite
477 2920 830 3008 providere
852 2971 870 3004 ‚
916 2921 1089 3009 quod
1131 2923 1472 3007 exequiae,
1519 2944 1683 3009 quae
1746 2944 1864 3010 per
1921 2920 2257 2985 honestam
2327 2929 2391 2983 et
2458 2919 2742 2985 nobilem
2798 2933 3159 2990 matronam

306 3019 665 3106 Sophiam,
733 3020 1026 3086 relictam
1083 3023 1370 3087 strennui
1435 3020 1760 3109 quondam
1817 3019 2042 3084 militis
2084 3017 2457 3084 Wedekind
2511 3017 2592 3084 de
2635 3020 2850 3104 Lech,
2906 3023 2972 3087 in
3029 3046 3161 3087 mo—

302 3121 600 3185 nasterio
664 3121 870 3185 sancti
910 3120 1098 3187 Pauli
1163 3132 1437 3207 quatuor
1506 3123 1575 3185 in
1632 3142 1800 3186 anno
1865 3122 2049 3184 iuxta
2111 3117 2385 3183 formam
2405 3167 2424 3202 ,
2490 3120 2560 3186 in
2619 3118 2807 3186 litera
2869 3121 3161 3188 facultati

301 3220 714 3306 theologicae
779 3219 1056 3309 desuper
1110 3224 1263 3286 data
1322 3229 1718 3302 contentam,
1780 3221 2112 3284 institutae
2182 3229 2330 3284 sunt
2395 3228 2458 3283 et
2514 3219 2848 3304 fundatae,
2909 3223 3237 3308 primae25

301 3320 371 3382 in
436 3318 855 3386 hebdomada
928 3322 1231 3407 proxima
1310 3332 1459 3408 post
1531 3330 1796 3385 octavas
1873 3319 2156 3401 Pascae‚
2225 3318 2548 3383 secundae
2623 3321 2690 3383 in
2746 3319 3155 3387 hebdomoda

303 3419 620 3504 proxima
659 3429 809 3505 post
852 3430 1118 3485 octavas
1162 3424 1456 3508 corporis
1502 3420 1731 3501 Oristi‚
1790 3422 2031 3482 terciae
2084 3421 2149 3484 in
2209 3416 2619 3484 hebdomoda
2660 3421 2966 3504 proxima
3004 3429 3153 3506 post

303 3518 651 3603 angariam
715 3519 890 3583 circa
951 3519 1189 3584 festum
1249 3519 1673 3584 exaltacionis
1749 3527 2012 3582 sanctae
2078 3519 2288 3582 crucis
2360 3520 2446 3599 (d.
2514 3523 2609 3583 14.
2669 3520 3025 3599 September)
3090 3529 3155 3583 et

304 3627 582 3702 quartae
640 3618 708 3681 in
768 3617 1132 3682 ebdomoda
1187 3620 1488 3705 proxima
1539 3627 1686 3704 post
1741 3617 1976 3681 festum
2032 3616 2444 3704 Epiphaniae
2502 3619 2587 3697 (d.
2632 3622 2692 3684 6.
2731 3616 3043 3705 Januar),
3089 3627 3153 3682 et

311 3716 489 3803 quod
532 3715 810 3782 debeant
850 3716 1171 3803 praedicti
1214 3716 1507 3782 doctores
1548 3716 1785 3781 talibus
1831 3718 2143 3803 exequiis,
2187 3713 2534 3804 postquam
2574 3718 2666 3781 eis
2701 3712 2797 3803 [21
2817 3714 2868 3804 b]
2900 3740 2940 3782 a
2962 3740 3148 3804 prae-
3167 3727 3235 3782 30

304 3814 503 3881 dictis
527 3816 840 3881 fratribus
867 3818 1203 3881 intimatae
1249 3817 1507 3899 fuerint,
1548 3817 1618 3880 in
1658 3815 1901 3901 vigiliis
1945 3824 2011 3879 et
2047 3817 2115 3880 in
2158 3817 2375 3880 missis
2418 3815 2865 3881 defunctorum
2902 3818 3150 3902 pariter

311 3914 663 3999 interesse,
717 3914 821 3980 vel
874 3915 961 3980 ad
1009 3917 1218 3980 minus
1274 3938 1472 3980 unum
1526 3937 1610 3979 ex
1663 3917 1755 3980 eis
1810 3913 1962 3979 illuc
2002 3916 2462 3997 transmittere,
2511 3917 2621 4001 qui
2662 3915 3151 4002 superintendat

312 4024 375 4078 et
416 4015 783 4102 perspiciat
826 4014 1192 4101 diligenter,
1248 4025 1321 4079 ut
1376 4013 1601 4079 eodem
1619 4017 1644 4056 3
1700 4015 2012 4101 exequiae
2069 4015 2208 4078 sine
2267 4015 2740 4079 intermissione
2794 4013 2897 4078 vel
2947 4014 3148 4100 negli-

310 4114 545 4199 gencia
558 4162 577 4196 ,
622 4113 975 4178 secundum
1018 4113 1191 4201 quod
1230 4115 1563 4178 institutae
1607 4123 1783 4196 sunt,
1837 4114 2026 4177 annis
2070 4111 2341 4199 singulis
2396 4123 2825 4198 peragantur,
2873 4124 2935 4178 et
2977 4115 3151 4199 quod

312 4216 517 4278 eciam
586 4210 857 4299 quilibet
920 4235 1139 4278 eorum
1204 4222 1351 4300 post
1416 4211 1784 4278 huiusmodi
1840 4220 2141 4299 peractas
2195 4213 2506 4299 exequias
2564 4212 2781 4297 aliqua
2801 4215 2827 4255 ⁴
2872 4211 2977 4277 die
3022 4213 3230 4279 sibi35

312 4310 552 4398 placito
568 4360 587 4394 ,
630 4309 1138 4396 quandocunque
1179 4310 1484 4394 voluerit,
1529 4310 1635 4376 vel
1693 4313 1959 4377 missam
2019 4310 2236 4397 legere
2291 4310 2735 4377 defunctorum
2778 4311 2911 4399 pro'
2943 4312 3149 4377 salute

315 4414 677 4476 animarum
731 4408 812 4475 de
867 4410 1094 4475 eadem
1153 4412 1464 4498 progenie
1530 4410 1981 4476 defunctorum
2037 4434 2116 4476 ac
2175 4412 2497 4476 fautorum
2551 4421 2615 4475 et
2669 4411 3148 4476 benefactorum

314 4510 717 4596 theologicae
759 4508 1115 4592 facultatis,
1158 4509 1263 4574 vel
1305 4512 1373 4574 in
1431 4509 1560 4575 alia
1603 4512 1805 4575 missa
1857 4532 1975 4597 per
2037 4509 2309 4575 eundem
2363 4509 2752 4575 celebranda
2807 4509 3146 4575 collectam

314 4610 647 4697 imponere
686 4630 806 4696 pro
848 4607 1216 4673 deffinctis.⁵
1297 4609 1575 4696 Propter
1617 4609 1788 4695 quod
1842 4608 2203 4695 supradicti
2254 4610 2490 4674 fratres
2534 4620 2884 4686 conventus
2927 4632 3145 4675 mona-

319 4711 494 4775 sterii
554 4709 762 4774 sancti
802 4707 990 4772 Pauli
1043 4707 1287 4773 eisdem
1329 4707 1701 4774 doctoribus
1747 4706 2017 4792 singulis
2072 4710 2259 4774 annis
2319 4711 2496 4774 circa
2555 4710 2789 4773 festum
2843 4708 3144 4797 purifica·
3161 4719 3230 4774 40

320 4808 517 4873 cionis
565 4804 652 4894 (d.
694 4812 751 4874 2.
795 4811 1099 4887 Febr-aar)
1143 4818 1420 4895 quatuor
1464 4807 1742 4873 florenos
1795 4828 2102 4872 renenses
2116 4857 2134 4892 ,
2186 4810 2354 4873 inter
2417 4807 2712 4876 doctores
2756 4808 2836 4873 de
2879 4807 3143 4875 consilio

484 4946 509 4995 1
548 4938 921 4997 Geschrieben
954 4937 1103 4994 steht
1134 4940 1266 4994 mae‘u.

477 5028 511 5080 2
545 5023 657 5078 Am
686 5023 905 5080 Rande:
941 5023 1211 5094 Theoloya'
1243 5023 1305 5077 in
1337 5022 1746 5078 canicularibus
1776 5039 1888 5077 non
1918 5023 2215 5092 dameam.

485 5111 517 5162 3
553 5106 726 5162 wohl
756 5109 983 5164 eaedem.

481 5197 514 5246 4
549 5191 781 5262 aliquo!
829 5190 964 5247 aber
997 5191 1082 5247 oft
1113 5190 1330 5246 werden
1368 5191 1469 5245 mit
1503 5192 1624 5245 dies
1654 5189 1813 5246 beide
1847 5192 2067 5249 Genera
2101 5189 2353 5263 zugleich
2391 5192 2723 5248 verbunden.

484 5279 515 5328 5
553 5273 632 5329 Es
666 5273 807 5333 fehlt
840 5276 930 5331 ein
964 5275 1142 5341 Wort,
1174 5281 1316 5331 etwa
1348 5283 1604 5330 teneatur.

449 5376 884 5416 namurci-muca
918 5377 1033 5415 nna
1069 5376 1213 5417 univ.
1249 5378 1486 5414 murno.
2130 5425 2135 5430 ¹
2731 5368 2810 5430 36
