4038 6358
1132 628 1301 678 Dritte
1330 627 1859 694 StatutenredactioQ
1895 644 1999 680 von
2033 629 2415 683 nub—1490.
3045 638 3167 703 385

296 828 426 870 nas
472 802 547 893 [5
564 803 617 895 b]
657 807 959 894 antiquas
1003 808 1069 872 in
1108 818 1366 874 moneta
1405 812 1650 876 recenti
1692 833 1811 898 pro
1837 832 2033 877 censu
2076 812 2344 895 solvere,
2389 814 2650 879 interim
2693 816 2865 903 quod
2905 816 3180 883 facultas

295 927 509 969 usum
558 906 732 972 illius
777 906 904 972 loci
943 909 1011 971 in
1056 907 1327 995 collegio
1367 908 1683 975 habuerit.

416 1079 525 1139 17·
569 1092 663 1139 DE
707 1091 1057 1140 Fommms
1101 1093 1358 1142 DANDIS
1403 1092 1800 1143 SUPPOSI'HS
1844 1096 1933 1142 AB
1976 1096 2481 1144 UNIVERSITATE
2521 1097 3068 1148 RECEDENTIBUS.

482 1205 748 1289 Placet,
791 1207 962 1295 quod
1005 1207 1092 1273 ad
1131 1207 1487 1274 tollendum
1531 1211 1938 1276 confusiones
1980 1222 2045 1275 et
2085 1211 2388 1299 obloquia
2437 1236 2564 1277 non
2621 1214 2935 1299 sigilletur
2976 1238 3183 1304 neque

304 1304 519 1370 detur
560 1329 682 1393 per
726 1306 1044 1373 decanum
1085 1308 1304 1394 aliqua
1352 1307 1541 1374 litera
1584 1312 1720 1374 sive
1763 1312 2130 1396 recognicio
2177 1310 2372 1376 alicui
2420 1315 2756 1399 supposito
2802 1313 2884 1379 ab
2927 1318 3180 1379 univer·
3232 1326 3265 1381 5

298 1407 517 1470 sitate
544 1405 895 1490 recedenti,
944 1408 1073 1473 nisi
1113 1416 1268 1472 tunc
1308 1409 1491 1495 prius
1518 1408 1668 1474 talis
1711 1410 1902 1474 litera
1942 1410 2081 1474 sive
2121 1412 2477 1497 recognitio
2523 1435 2639 1498 per
2683 1412 2936 1501 aliquos
2978 1417 3181 1480 senio-

299 1526 414 1569 res
464 1504 802 1570 facultatis
844 1516 1121 1594 quatuor
1162 1507 1504 1573 nacionum
1544 1509 1758 1574 fuerat
1800 1511 1943 1574 visa
1985 1518 2049 1573 et
2088 1509 2472 1596 approbata.

388 1722 524 1789 ΠΙ.
587 1723 928 1790 Statuta
970 1727 1581 1791 concernencia
1634 1728 2082 1812 magistros
2123 1727 2503 1793 volentes
2562 1728 2947 1793 assummi
3001 1725 3099 1791 ad

1272 1824 1720 1892 consilium
1774 1826 2244 1893 facultatis.

490 1998 549 2057 1.
604 1991 891 2074 Placuit,
946 1992 1121 2078 quod
1176 1992 1390 2058 nullus
1443 1995 1902 2079 magistrorum
1959 1996 2029 2059 in
2083 2004 2276 2063 antea
2328 1994 2412 2058 ad
2456 1993 2794 2059 consilium
2850 1993 3177 2059 facultatis
3203 2004 3265 2060 10

302 2088 723 2174 admittatur,
764 2090 894 2156 nisi
928 2093 995 2156 in
1038 2093 1442 2158 consciencia
1485 2115 1603 2157 sua
1642 2092 1837 2175 dicat,
1881 2092 2054 2178 quod
2096 2103 2350 2159 sextum
2395 2117 2634 2159 annum
2677 2095 2779 2158 sui
2822 2095 3180 2180 magisterii

307 2191 638 2277 attigerit,
682 2213 800 2277 per
840 2201 1088 2256 tantum
1130 2194 1440 2279 temporis
1485 2194 1776 2278 spacium
1814 2193 1881 2256 in
1904 2195 2324 2258 universitate
2365 2192 2704 2275 manendO,
2749 2202 2813 2257 et
2852 2192 3182 2258 biennium

306 2312 514 2354 suum
564 2313 707 2354 cum
749 2290 980 2356 effectu
1020 2291 1125 2356 hic
1169 2292 1273 2355 vel
1332 2290 1489 2356 alibi
1534 2290 1980 2378 compleverit,
2034 2301 2098 2356 et
2141 2292 2312 2381 quod
2370 2295 2436 2356 in
2489 2310 2582 2356 XL
2629 2291 3184 2378 disputacionibus

314 2388 691 2455 ordinariis
748 2390 1066 2476 arguebat
1114 2390 1218 2456 vel
1277 2392 1521 2456 tociens
1576 2414 1886 2478 praesens
1942 2392 2139 2455 fuerit
2191 2401 2253 2456 et
2305 2390 2519 2459 locum
2572 2390 2888 2476 arguendi
2943 2391 3185 2455 habere

316 2511 458 2555 non
511 2490 815 2577 potuerit,
860 2499 924 2555 et
968 2513 1115 2555 cum
1155 2490 1432 2556 tabardo
1475 2501 1538 2555 et
1574 2490 1803 2555 habitu
1843 2491 2206 2576 magistrali
2248 2490 2341 2556 ibi
2376 2492 2843 2578 comparuerit,
2885 2490 3180 2555 adminus
3204 2498 3266 2554 15

312 2610 438 2674 per
485 2586 732 2672 horam,
790 2590 994 2654 eciam
1051 2593 1107 2655 si
1160 2590 1371 2655 locum
1412 2590 1728 2677 arguendi
1779 2588 2024 2657 habere
2077 2612 2208 2655 non
2265 2592 2489 2677 possit,
2545 2589 2788 2655 ibidem
2832 2588 3183 2673 manend03

312 2698 381 2752 et
426 2688 613 2777 quod
668 2690 869 2755 octies
922 2691 992 2754 in
1043 2690 1254 2777 primo
1311 2712 1479 2755 anno
1524 2689 2043 2755 extraordinarie
2088 2688 2445 2775 disputavit
2506 2691 2594 2765 (si
2649 2693 2792 2777 quis
2849 2700 3062 2755 autem
3115 2689 3183 2752 in

312 2788 540 2873 primo
583 2812 751 2855 anno
797 2813 838 2853 a
880 2799 1174 2876 tempore
1215 2790 1602 2876 inceptionis
1645 2790 1748 2854 sui
1789 2790 2152 2874 magisterii
2194 2790 2392 2854 octies
2435 2790 2770 2876 disputare
2803 2788 3180 2875 neglexerit,

310 2885 475 2952 talis
519 2887 630 2952 det
672 2888 1011 2954 dimidium
1054 2889 1364 2955 florenum
1403 2911 1524 2976 pro
1566 2911 1778 2975 poena
1820 2898 1933 2953 aut
1971 2887 2196 2974 triplet
2237 2887 2604 2955 huiusmodi
2648 2889 3183 2977 disputaclonem,

317 2984 724 3074 disputando
781 2987 1127 3074 diligenter
1182 2988 1533 3055 secundum
1583 2986 1979 3053 laudabilem
2034 2991 2365 3074 antiquam
2408 2988 2956 3071 consuetudinem,
3004 2987 3181 3052 vide-
3199 2996 3267 3052 20

315 3082 481 3151 licet
537 3087 853 3174 capiendo
913 3087 1075 3153 duas
1133 3089 1545 3176 quaestiones
1610 3096 1674 3151 et
1726 3086 1855 3152 duo
1915 3086 2319 3173 sophismata
2377 3088 2444 3152 in
2499 3089 2715 3177 aliquo
2772 3088 3182 3154 lectoriorum

317 3208 481 3251 cum
536 3188 952 3254 intimacione
1012 3186 1279 3275 publica
1337 3191 1523 3252 iuxta
1573 3198 1863 3252 tenorem
1921 3188 2149 3253 statuti
2206 3188 2378 3253 infra
2434 3190 2821 3276 sequenti83)
2885 3199 2948 3253 et
3005 3188 3180 3277 quod

319 3285 596 3352 honeste
643 3309 712 3352 se
752 3289 1025 3371 rexerit,
1083 3290 1178 3354 sic
1232 3289 1406 3377 quod
1452 3287 1533 3353 de
1574 3285 1749 3351 nullo
1802 3287 2069 3351 crimine
2112 3286 2372 3373 publice
2410 3288 2761 3352 infamatus
2805 3298 2917 3354 aut
2960 3314 3178 3377 suspe-

321 3393 472 3451 ctus
512 3385 728 3470 fuerit,
773 3386 853 3452 de
898 3409 1024 3474 quo
1069 3411 1139 3453 se
1181 3411 1465 3475 purgare
1494 3387 1858 3475 nequiverit
1901 3386 2254 3451 secundum
2275 3395 2568 3450 tenorem
2611 3388 2834 3451 statuti
2875 3388 2956 3453 de
2988 3391 3180 3455 mori-

320 3483 451 3551 bus
496 3486 669 3550 infra
711 3488 1053 3574 sequentia
1130 3487 1315 3553 Alias
1363 3486 1449 3553 ad
1493 3485 1832 3551 consilium
1875 3483 2204 3550 facultatis
2246 3506 2376 3549 non
2418 3495 2803 3550 assumatur.
3197 3499 3266 3555 25

742 3660 795 3720 2.
837 3671 1295 3720 IURAMENTUM
1335 3670 1727 3719 ASSUMENDI
1767 3670 1862 3718 AD
1906 3667 2337 3717 FACULTATIS
2381 3667 2772 3717 CONSILIUM.

497 3788 659 3853 Item
719 3785 995 3874 quilibet
1043 3789 1356 3873 magister
1397 3788 1647 3851 intrans
1691 3785 1773 3850 de
1814 3807 1982 3849 novo
2030 3782 2365 3848 consilium
2416 3782 2747 3849 facultatis
2789 3785 3032 3851 iurabit
3073 3785 3178 3853 de-

328 3907 497 3952 cano
541 3884 661 3951 sub
715 3887 839 3953 hac
896 3887 1137 3954 forma:
1219 3887 1405 3973 „Ego
1449 3886 1545 3951 .N.
1589 3887 1730 3950 iuro
1774 3883 1960 3950 vobis
2005 3882 2251 3947 decano
2295 3893 2362 3947 et
2411 3884 2645 3949 vestris
2702 3885 3181 3952 successoribus

326 3987 775 4053 reverenciam
832 3995 896 4051 et
941 3986 1386 4052 obedienciam
1437 3987 1504 4050 in
1544 3984 1740 4050 licitis
1786 3993 1849 4048 et
1890 3982 2197 4064 honestis,
2254 3990 2319 4046 et
2358 4004 2622 4047 servare
2665 3993 2906 4049 statuta
2949 3994 3012 4050 et
3056 3996 3181 4052 sta-

328 4085 576 4153 tuenda
616 4109 735 4173 pro
776 4108 972 4173 posse
1016 4099 1079 4151 et
1118 4109 1327 4170 nosse,
1377 4095 1441 4150 et
1480 4105 1835 4173 procurare
1877 4081 2117 4148 bonum
2159 4080 2500 4146 facultatis.
2576 4082 2740 4147 Item
2781 4084 2945 4166 iur0,
2990 4085 3269 4172 quod‚30

330 4188 898 4275 quocienscunque
955 4187 1024 4252 in
1082 4185 1393 4252 decanum
1453 4196 1566 4250 aut
1620 4185 1689 4247 in
1734 4183 2246 4248 examinatorem
2299 4181 2879 4268 promovendorum
2923 4186 2993 4248 in
3034 4187 3186 4250 arti-

329 4287 476 4371 bus,
534 4296 671 4352 tam
712 4284 797 4350 ad
838 4286 1284 4371 magisterium
1336 4307 1529 4372 quam
1575 4283 1660 4348 ad
1710 4281 2240 4363 baccalariatmn,
2295 4280 2534 4345 electus
2587 4281 2789 4365 fuer-0,
2848 4281 3187 4349 admittere

330 4384 529 4452 velim
572 4384 958 4472 simpliciter
999 4384 1231 4471 dignos
1273 4393 1338 4450 et
1379 4385 1624 4448 reicere
1665 4380 1985 4468 indignos.
2048 4378 2158 4445 Sic
2203 4401 2308 4444 me
2350 4380 2507 4446 deus
2550 4379 2817 4447 adiuvet
2858 4392 2923 4449 et
2962 4393 3187 4449 sancta

333 4485 443 4552 dei
486 4483 905 4571 ewangelia.“

502 4634 668 4701 Item
723 4634 986 4721 placuit,
1041 4632 1212 4720 quod
1252 4631 1475 4698 volens
1529 4629 1814 4719 aliquem
1854 4630 2170 4716 impedire
2215 4653 2336 4718 pro
2379 4632 2677 4718 ingressu
2719 4633 2805 4698 ad
2847 4630 3182 4698 consilium
3201 4640 3267 4697 35

331 4734 670 4801 facultatis
716 4732 910 4800 debet
954 4732 1237 4819 allegare
1278 4754 1562 4814 causam,
1619 4753 1740 4818 per
1781 4731 2092 4794 maiorem
2136 4740 2390 4817 partem
2445 4754 2564 4818 per
2615 4731 2989 4797 facultatem
3034 4754 3185 4797 exa·

334 4833 716 4901 minandam
760 4843 823 4898 et
866 4830 1378 4946 approbandam.
1465 4829 1552 4895 Et
1596 4829 1878 4894 decanus
1916 4850 2049 4893 non
2101 4829 2294 4895 debet
2339 4852 2696 4897 convocare
2736 4840 2938 4897 totam
2985 4830 3183 4897 facul-

335 4943 538 5000 tatem
582 4956 778 5023 super
819 4918 1187 5020 receptione
1229 4930 1498 4996 alicuius
1542 4929 1628 4993 ad
1671 4927 2011 4994 consilium
2067 4929 2414 5013 facultatis,
2469 4931 2595 4995 nisi
2649 4932 2861 5018 primo
2905 4931 3184 5020 desuper

338 5043 488 5100 octo
532 5031 898 5099 senioribus
938 5032 1021 5098 de
1063 5030 1331 5097 consilio
1374 5029 1701 5096 facultatis
1744 5027 2001 5093 auditis.

478 5414 915 5461 sururaunuou
952 5415 1065 5452 nn
1101 5391 1244 5453 mcxv.
1279 5415 1515 5454 tammo.
2761 5409 2839 5469 25
