4038 6358
826 658 939 725 132
1755 654 1868 707 Des
1905 657 2175 709 Iohannes
2208 655 2365 709 Fabri
2398 661 2468 710 ¹de
2500 656 2730 711 Werdea

815 841 967 906 hinc
1018 862 1221 925 usque
1280 838 1368 905 ad
1427 840 1662 905 festum
1721 841 1931 905 sancti
1990 839 2261 926 Georgii
2323 839 2458 917 (vel
2499 838 2702 921 Galli)
2747 842 3049 928 proxime
3092 840 3472 925 affuturum,
3527 851 3593 907 et
3636 864 3683 907 a

817 940 987 1005 datis
1032 938 1485 1026 praesentibus
1529 937 2032 1027 computandum
2048 989 2066 1023 ,
2119 939 2323 1005 libere
2371 950 2546 1005 stare
2586 941 2723 1004 sive
2764 941 3009 1005 morari
3048 938 3287 1005 valeat.
3366 940 3445 1005 In
3485 942 3679 1005 cuius

815 1041 911 1104 rei
977 1038 1172 1104 fidem
1237 1047 1301 1103 et
1354 1039 1787 1104 testimonium
1840 1040 2048 1104 nostri
2098 1047 2460 1105 rectoratus
2517 1038 2802 1125 sigillum
2857 1040 3189 1126 praesenti
3242 1041 3679 1125 recognitioni

817 1138 1408 1225 subimpressimus.
1491 1137 1709 1202 Datae
1752 1159 1921 1202 anno
1967 1135 2216 1203 domini
2256 1140 2420 1203 etc.¹

764 1316 796 1369 5
986 1310 1118 1372 100.
1183 1320 1422 1369 FORMA
1461 1320 1740 1369 SIGNE'PI
1779 1321 1873 1367 DE
1915 1320 2223 1369 CITANDO
2265 1321 2577 1380 ALIQUEM
2618 1320 2879 1370 VIGORE
2924 1320 3485 1371 CONSERVATORII

1961 1419 2507 1467 UNIVERSITATIS.

977 1520 1112 1585 Nos
1152 1520 1247 1584 Ν.
1287 1528 1406 1583 etc.
1449 1527 1664 1584 rector
1704 1527 1925 1582 tenore
1966 1519 2409 1604 praesentium
2468 1517 2730 1605 publice
2784 1519 3311 1605 recognoscimus
3363 1519 3677 1608 profiten-

812 1630 941 1703 tes,
986 1620 1337 1684 discretum
1379 1616 1512 1698 (vel
1554 1616 2028 1697 honorabilem)
2073 1617 2171 1681 .N.
2214 1615 2431 1683 dictae
2469 1629 2731 1683 nostrae
2772 1618 3217 1683 universitatis
3259 1622 3677 1706 suppositum

813 1729 877 1783 et
918 1717 1277 1783 membrum
1321 1737 1462 1781 esse
1504 1716 1853 1782 admodum
1894 1724 2189 1801 gratum,
2253 1718 2356 1780 cui
2398 1718 2466 1781 in
2511 1739 2710 1782 causa
2751 1716 2880 1794 (vel
2924 1717 3202 1800 causis),
3248 1715 3352 1803 [48
3368 1715 3423 1805 ⁸]
3472 1739 3674 1804 quam

735 1827 797 1882 10
818 1816 946 1895 (vel
991 1823 1176 1904 quas)
1230 1838 1491 1881 movere
1548 1814 1827 1881 intendit
1868 1824 2097 1879 contra
2142 1824 2205 1879 et
2245 1815 2559 1881 adversus
2603 1816 2701 1879 .N.
2745 1818 2812 1879 in
2854 1815 3099 1903 oppido
3143 1816 3241 1881 .N.
3284 1827 3676 1898 morantem,

813 1938 1124 2004 praesens
1178 1916 1500 2001 signetum
1555 1915 1960 1979 decrevimus
2014 1912 2480 1998 assignandum
2498 1963 2516 1996 ,
2578 1913 2665 1978 ad
2718 1913 2914 1979 aliam
2968 1916 3114 1992 (seu
3157 1914 3352 1995 alias)
3399 1938 3671 1981 causam

813 2013 941 2094 (vel
997 2020 1251 2092 causas)
1308 2014 1572 2078 minime
1626 2012 1996 2077 valiturum.
2082 2013 2162 2077 In
2220 2015 2403 2078 cuius
2456 2016 2552 2078 rei
2607 2013 2804 2077 fidem
2862 2024 2928 2078 et
2981 2015 3421 2079 testimonium
3465 2018 3675 2079 nostri

812 2123 1174 2179 rectoratus
1216 2112 1498 2200 sigillum
1539 2110 1991 2200 praesentibus
2038 2111 2625 2199 subimpressimus.
2699 2112 2916 2177 Datae
2960 2135 3129 2178 anno
3176 2113 3420 2179 domini
3467 2123 3592 2178 etc.

983 2286 1118 2346 101.
1184 2295 1389 2344 com
1433 2295 1898 2360 snn‘rmr‘rlffl,
1957 2293 2237 2342 CONTRA
2278 2295 2612 2342 ANDREAM
2655 2295 2950 2343 Fmsnnss
2992 2297 3086 2343 DE
3128 2296 3500 2344 wunsmssn

733 2390 796 2445 15
979 2396 1468 2444 ADVERSARIUM
1524 2394 1776 2443 nomm
1821 2392 2139 2441 EPISCOPI
2180 2393 2792 2441 MERSEBURGENSIS
2834 2396 2925 2442 ΕΤ
2971 2395 3501 2444 υΝΙνΕΒεῙΤᾹΤῙε

1249 2496 1322 2543 m
1363 2496 1546 2543 URBE
1590 2494 1727 2541 PER
1768 2490 2167 2541 Aum'ronns
2208 2490 2439 2540 Ro‘rAE
2482 2494 2724 2551 LATAE,
2815 2494 3003 2542 Anno
3056 2481 3228 2542 1495.

979 2593 1224 2660 Christi
1276 2596 1535 2658 nomine
1586 2594 1917 2673 invocat0,
1974 2613 2094 2676 pro
2151 2589 2461 2655 tribunali
2517 2591 2813 2657 sedentes
2871 2601 2937 2656 et
2992 2591 3198 2657 solum
3259 2591 3453 2656 deum
3506 2614 3669 2679 prae

813 2693 1015 2759 oculis
1057 2692 1370 2758 habentes
1386 2741 1404 2775 ,
1460 2715 1579 2779 per
1622 2691 1789 2755 hanc
1834 2699 2123 2755 nostram
2169 2688 2581 2755 diffinitivam
2627 2692 3044 2774 sententiam,
3103 2713 3297 2777 quam
3336 2690 3419 2755 de
3463 2691 3666 2756 domi-

812 2816 1043 2858 norum
1100 2791 1549 2857 coauditorum
1608 2802 1978 2856 nostrorum
2031 2788 2298 2854 consilio
2344 2798 2409 2854 et
2446 2811 2719 2854 assensu
2757 2790 3055 2872 ferimus,
3120 2790 3189 2853 in
3233 2789 3356 2854 hiis
3402 2792 3667 2876 scriptis

727 2902 796 2958 20
814 2893 1334 2979 pronuntiamus,
1393 2889 1796 2954 decernimus
1853 2899 1916 2952 et
1975 2887 2413 2953 declaramus:
2472 2888 2542 2952 in
2600 2911 2798 2954 causa
2838 2912 2953 2954 seu
2996 2891 3211 2955 causis
3254 2890 3426 2954 inter
3469 2910 3668 2975 quen-

813 2989 966 3055 dam
1017 2989 1348 3055 Andream
1400 2989 1710 3057 Friszner
1768 2987 1847 3052 de
1889 2986 2265 3070 Wunsidel,
2319 2996 2640 3052 assertum
2692 2987 3032 3070 clericum,
3088 2999 3371 3053 actorem
3415 3010 3499 3052 ex
3536 3010 3669 3051 una

814 3099 878 3155 et
928 3087 1358 3154 reverendum
1409 3095 1662 3174 patrem
1717 3086 2047 3153 dominum
2091 3085 2405 3171 Tilonem,
2466 3088 2843 3174 episcopum
2884 3086 3522 3173 Merseburgensem‚
3588 3085 3669 3151 de

814 3201 879 3256 et
935 3213 1129 3278 super
1171 3199 1518 3276 praetensa
1559 3188 2070 3252 incarceratione
2088 3235 2105 3267 ,
2162 3187 2517 3251 sententiae
2568 3189 2866 3252 canonis:
2929 3191 3000 3249 Si
3053 3192 3184 3268 quie
3233 3193 3523 3249 suadente
3572 3187 3669 3250 in-

814 3313 1037 3371 cursu,
1079 3289 1371 3372 iniuriis,
1417 3285 1672 3352 damnis
1717 3298 1780 3352 et
1822 3286 2131 3372 expensis
2172 3283 2494 3372 rebusque
2539 3286 2715 3369 aliis,
2764 3288 2834 3351 in
2877 3288 3039 3350 actis
3080 3308 3316 3351 causae
3361 3309 3477 3351 seu
3520 3309 3666 3351 cau-

730 3401 796 3455 25
820 3412 1040 3456 sarum
1079 3386 1451 3453 huiusmodi
1494 3387 1848 3472 expressis,
1893 3395 1957 3448 et
1994 3382 2253 3449 illorum
2301 3386 2640 3450 occasione
2686 3382 2788 3469 [48
2806 3382 2857 3472 b]
2902 3407 3103 3466 reum,
3145 3407 3227 3451 ex
3268 3386 3477 3451 altera
3514 3408 3666 3472 par-

811 3489 1019 3572 tibus,
1072 3510 1293 3553 coram
1346 3484 1535 3551 nobis
1585 3488 1654 3550 in
1693 3483 1906 3571 prima
1947 3484 2264 3547 instantia
2302 3482 2736 3566 vertentibus,
2802 3482 3349 3569 molestationem,
3414 3494 3660 3572 pertur-

811 3588 1167 3670 bationem,
1230 3587 1643 3651 vexationem
1707 3594 1770 3647 et
1828 3582 2322 3669 impedimenta,
2394 3584 2691 3667 praefato
2758 3582 3016 3650 domino
3079 3584 3297 3649 Tiloni
3352 3586 3664 3671 episcopo

813 3710 929 3775 per
990 3686 1233 3751 dictum
1285 3683 1617 3749 Andream
1670 3693 1954 3747 actorem
2003 3682 2211 3746 factas
2265 3691 2328 3746 et
2384 3684 2766 3767 praestitas,
2835 3685 3140 3772 factaque
3205 3695 3269 3748 et
3325 3684 3665 3771 praestita,

811 3787 1012 3851 fuisse
1057 3794 1118 3850 et
1162 3807 1302 3850 esse
1345 3784 1747 3868 temerarias,
1797 3780 2077 3863 illicitas,
2133 3782 2408 3866 iniquas,
2448 3780 2777 3848 indebitas
2823 3792 2887 3847 et
2926 3784 3238 3866 iniustas,
3283 3784 3667 3848 temeraria-

726 3896 795 3951 30
814 3908 956 3973 que,
994 3884 1241 3966 illicita,
1281 3884 1525 3970 iniqua,
1567 3880 1857 3945 indebita
1919 3889 1982 3944 et
2045 3881 2314 3963 iniusta,
2379 3903 2456 3945 ac
2513 3880 2593 3946 de
2647 3882 2819 3946 facto
2872 3892 3329 3970 praesumptas
3373 3892 3437 3947 et
3477 3903 3664 3968 praee

812 3992 1099 4070 sumpta,
1156 3983 1456 4068 dictoque
1512 3980 1819 4045 Andreae
1882 3979 2263 4044 adversario
2318 3978 2464 4044 illas
2517 3990 2581 4045 et
2632 3980 2747 4045 illa
2803 3981 3020 4046 facere
3074 3982 3340 4047 minime
3402 3980 3666 4047 licuisse

810 4105 1018 4171 neque
1058 4081 1286 4165 licere,
1342 4103 1420 4146 ac
1468 4079 1678 4145 eidem
1720 4077 2025 4143 Andreae
2069 4102 2262 4166 super
2304 4077 2432 4143 illis
2477 4101 2556 4143 ac
2596 4089 2945 4167 praetensa
2983 4082 3531 4164 incarceratione,
3572 4082 3662 4145 in-

811 4206 1006 4249 cursu
1045 4204 1357 4247 censurae
1413 4190 1477 4244 et
1519 4180 1775 4244 iniuriis
1817 4176 2088 4262 aliisque
2132 4179 2488 4263 praetactis
2526 4189 2915 4266 perpetuum
2958 4179 3284 4246 silentium
3326 4182 3663 4268 imponen-

811 4283 966 4348 dum
1024 4281 1164 4347 fore
1228 4289 1291 4345 et
1354 4281 1786 4366 imponimus,
1849 4299 1926 4340 ac
1989 4275 2264 4340 eundem
2337 4276 2632 4342 Tilonem
2692 4279 3066 4365 episcopum
3123 4279 3206 4344 ab
3261 4281 3663 4367 impetitione

727 4392 793 4448 35
814 4381 973 4447 dicti
1020 4380 1328 4445 Andreae
1385 4376 1855 4443 absolvendum
1908 4374 2048 4439 fore
2101 4385 2164 4439 et
2218 4373 2646 4459 absolvimus,
2699 4377 3041 4464 ipsumque
3098 4388 3385 4443 actorem
3439 4379 3510 4443 in
3555 4401 3663 4443 ex-

808 4503 1067 4570 pensas,
1108 4481 1178 4545 in
1220 4501 1419 4544 causa
1458 4474 1824 4543 huiusmodi
1866 4495 1985 4560 pro
2028 4481 2216 4560 parte
2259 4473 2418 4538 dicti
2458 4473 2704 4539 domini
2743 4475 2993 4542 Tilonis
3037 4479 3333 4565 episcopi
3375 4476 3665 4564 legitime

811 4583 1038 4663 factas,
1085 4576 1648 4645 condemnandum
1689 4575 1827 4640 fore
1869 4582 1935 4638 et
1976 4571 2498 4639 condemnamus.
2589 4574 2881 4656 Quarum
2923 4576 3183 4661 quidem
3228 4599 3665 4663 expensarum

810 4681 1212 4746 taxationem
1253 4676 1444 4744 nobis
1493 4678 1561 4741 in
1603 4685 1936 4763 posterum
1977 4694 2405 4737 reservamus.

1475 4775 1580 4841 Ita
1623 4772 2051 4862 pronunciavi
2094 4793 2213 4856 ego
2261 4769 2645 4837 Guillelmus
2691 4772 2772 4838 de
2813 4774 3133 4841 Perreriis
3174 4775 3449 4841 auditor.

727 4875 801 4945 40⁸
2123 4870 2314 4935 Anno
2357 4870 2599 4936 domini
2643 4878 2823 4940 1495.

948 5081 967 5130 1
1011 5075 1119 5128 Am
1157 5074 1352 5129 Rande
1395 5072 1470 5127 ist
1503 5088 1611 5126 von
1651 5073 1898 5140 spaterer
1931 5067 2100 5122 Hand
2136 5066 2243 5121 auf
2270 5068 2371 5122 das
2409 5068 2641 5139 Copiola
2679 5069 2947 5141 Mayvmm
2965 5071 3087 5141 fol.
3130 5075 3192 5126 10
3208 5076 3340 5142 fac.
3370 5089 3409 5125 a
3445 5072 3665 5127 vervie-

812 5177 935 5227 sen,
981 5176 1064 5213 wo
1117 5158 1294 5213 dieses
1339 5155 1628 5211 Formular
1679 5171 1782 5208 aus
1812 5154 1910 5207 der
1947 5152 2209 5208 Matrikel
2246 5150 2336 5207 A'‘
2377 5151 2813 5222 abgeschrieben
2848 5154 2953 5222 ἱεὶς
2999 5153 3253 5209 daneben
3297 5154 3371 5209 ist
3404 5173 3515 5210 von
3544 5156 3665 5211 der·

810 5243 997 5299 selben
1030 5242 1197 5296 Hand
1237 5241 1343 5295 das
1378 5241 1587 5294 Datum
1622 5254 1770 5292 anno
1811 5242 1955 5292 1441.
1999 5241 2058 5291 18
2094 5236 2252 5290 Maii
2286 5236 2505 5291 notiert.
2576 5235 2703 5306 vgl.
2740 5236 3014 5294 Urkundl.
3054 5237 3288 5303 Quellen
3325 5256 3426 5293 zur
3459 5239 3666 5296 Gesch.

810 5328 863 5383 d.
899 5327 1061 5383 Univ.
1100 5324 1365 5395 Leipzig,
1401 5322 1457 5378 S.
1496 5328 1621 5392 541,
1657 5321 1787 5378 Nro.
1822 5326 1870 5375 4.
