4038 6358
1360 591 1464 645 Die
1497 594 1735 647 Statntcn
1779 610 1904 645 vom
1933 591 2097 645 Jahn-e
2139 592 2282 647 1543.
3120 598 3241 663 575

415 770 756 837 doctrinae
811 772 1124 840 coelestis.
1218 775 1398 856 Quid
1458 777 1730 863 cogitari
1791 778 2002 841 maius
2066 785 2279 863 potest
2294 775 2328 839 Ῥ
2416 774 2517 840 Sit
2574 775 2773 860 igitur
2828 774 2944 841 illa
3002 774 3247 862 publici

413 871 767 937 testimonii
825 875 1224 939 renunciatio
1279 874 1474 961 plena
1522 877 1896 961 gravitatis,
1936 886 2007 941 ut
2048 874 2129 939 de
2169 874 2615 961 magnitudine
2658 876 2869 940 oneris
2910 896 3029 940 nos
3072 875 3245 960 cogi-

413 980 556 1035 tare
599 972 844 1038 caeteri
876 971 1256 1060 intelligant.
1341 974 1754 1056 Reverenter,
1795 985 1869 1040 ut
1910 973 1995 1039 ad
2036 995 2237 1057 aram,
2273 976 2370 1039 ita
2410 973 2496 1039 ad
2534 974 2709 1040 hunc
2747 973 3023 1061 gradum
3064 995 3244 1039 acce-

414 1069 696 1135 dendum
721 1079 837 1153 est,
882 1073 991 1159 qui
1040 1070 1230 1138 bonis
1272 1083 1336 1139 et
1375 1073 1580 1139 doctis
1625 1073 1872 1139 aditum
1914 1073 2183 1159 praebet
2220 1074 2305 1138 ad
2347 1074 2880 1160 gubernationem
2914 1072 3245 1155 ecclesiae,

412 1191 580 1255 quae
623 1169 837 1236 adfert
877 1173 1165 1259 ingentia
1209 1175 1578 1237 certamina.
3290 1184 3323 1237 5

581 1285 894 1353 Delectus
941 1288 1024 1353 sit
1064 1288 1263 1372 igitur
1306 1290 1374 1353 in
1416 1288 1832 1355 admittendis
1875 1290 1990 1372 iis,
2037 1290 2146 1375 qui
2185 1288 2430 1375 gradus
2473 1299 2727 1377 petunt,
2772 1298 2855 1371 et,
2898 1298 2968 1353 ut
3006 1286 3245 1353 Paulus

419 1388 779 1473 praecipit,
824 1409 906 1452 ne
951 1386 1342 1474 quibuslibet
1385 1411 1615 1454 manus
1659 1391 2107 1475 imponantur,
2149 1390 2245 1453 ita
2298 1411 2425 1453 non
2478 1388 2774 1454 omnibus
2818 1387 3247 1474 impertienda

414 1485 581 1551 haec
618 1488 1005 1569 testimonia,
1051 1508 1214 1572 quae
1255 1498 1426 1552 certe
1467 1486 1641 1553 bona
1680 1489 2074 1553 conscientia
2115 1487 2363 1552 idoneis
2402 1498 2649 1553 tantum
2694 1486 3037 1553 tribuenda
3080 1496 3246 1552 sunt.

415 1584 642 1665 Quare
680 1609 811 1652 non
855 1596 1002 1651 sunt
1044 1586 1426 1651 admittendi
1469 1588 1554 1652 ad
1595 1587 1841 1673 gradus
1879 1588 2179 1653 fascinati
2221 1589 2444 1674 pravis
2485 1585 2915 1673 opinionibus,
2954 1608 3244 1673 pugnan-

407 1684 588 1750 tibus
636 1682 696 1773 [5
711 1682 765 1773 b]
812 1708 955 1751 cum
1012 1686 1310 1752 doctrina
1367 1686 1783 1752 ecclesiarum
1833 1696 2232 1767 nostrarum3
2285 1686 2437 1750 item
2480 1684 2635 1750 nulli
2680 1684 3058 1751 admittendi
3102 1698 3249 1751 sunt
3267 1696 3330 1752 10

411 1785 722 1868 infames,
777 1785 938 1850 nulli
981 1786 1362 1853 manifestae
1404 1788 1776 1852 scortationi
1821 1785 2058 1867 dediti,
2103 1784 2217 1851 sed
2262 1786 2390 1849 sint
2428 1807 2641 1849 mores
2683 1807 2937 1867 eorum,
2981 1788 3091 1872 qui
3133 1785 3244 1850 ad·

411 1885 758 1949 mittuntur
797 1884 883 1949 ad
923 1884 1188 1972 gradus,
1231 1884 1507 1951 modesti
1551 1895 1615 1949 et
1656 1887 1836 1967 casti,
1880 1893 1953 1949 ut
1995 1884 2077 1948 de
2121 1884 2429 1971 episcopo
2466 1885 2789 1970 praecipit
2822 1883 3085 1950 Paulus.

589 1999 809 2081 Quare
853 2012 916 2066 et
952 2000 1252 2067 honestos
1292 2002 1581 2083 maritos,
1626 2002 1734 2089 qui
1778 1999 2111 2065 doctrinae
2154 1999 2628 2065 ecclesiasticae
2672 2021 2741 2064 se
2784 1998 3119 2085 dederunt,
3164 2000 3250 2065 ad

416 2122 641 2165 omnes
704 2100 952 2185 gradus
1008 2099 1264 2166 admitti
1323 2100 1721 2165 mandamus.
1829 2099 2141 2163 Liberum
2194 2099 2386 2163 etiam
2439 2100 2521 2163 sit
2578 2098 2861 2163 honestis
2903 2101 3093 2183 viris,
3138 2101 3247 2187 qui

415 2209 567 2264 ante
591 2200 868 2285 gradum
907 2199 1185 2265 coelibes
1220 2200 1494 2283 fuerunt,
1536 2208 1764 2287 postea
1799 2200 2169 2284 coniugium
2200 2200 2384 2265 iuxta
2406 2197 2843 2265 Christianam
2886 2198 3248 2265 doctrinam
3268 2212 3329 2265 15

413 2299 826 2382 contrahere3
873 2302 969 2363 sic
1004 2300 1216 2383 etiam,
1260 2309 1515 2364 mortua
1547 2320 1771 2379 uxore,
1817 2296 2010 2361 aliam
2050 2296 2303 2361 ducere.
2381 2297 2516 2362 Nec
2554 2308 2804 2364 veteres
2846 2298 2927 2363 de
2968 2298 3249 2365 celibatu

412 2397 592 2484 leges
622 2407 688 2463 et
714 2398 979 2463 vincula
1008 2397 1157 2462 ullis
1191 2400 1604 2485 imponimus,
1648 2419 1813 2485 quae
1859 2395 2077 2460 multis
2120 2398 2386 2469 exitium
2429 2397 2777 2463 attulerunt
2816 2406 2879 2462 et
2916 2400 2985 2462 in
3025 2397 3245 2465 multis

414 2497 853 2563 mediocribus
922 2497 1401 2584 impediverunt
1455 2519 1680 2561 veram
1738 2496 2215 2561 invocationem
2271 2494 2375 2560 dei
2390 2546 2407 2578 ,
2469 2498 2654 2584 quia,
2713 2495 2918 2562 donec
2983 2508 3246 2563 manent

417 2590 858 2663 conscientiae
901 2595 1192 2680 vulnera,
1235 2620 1364 2661 non
1406 2606 1620 2682 potest
1657 2616 1816 2659 vera
1858 2594 1996 2658 fieri
2039 2595 2396 2677 invocati03
2456 2605 2524 2660 at
2562 2597 2837 2662 iniustae
2878 2595 3029 2663 illae
3066 2597 3243 2685 leges

418 2696 694 2765 subinde
752 2696 1024 2763 vulnera
1078 2696 1241 2761 haec
1291 2694 1702 2760 refricabant.
1811 2691 2184 2777 Intelligant
2239 2696 2452 2779 potius
2513 2695 2807 2761 doctores
2860 2696 3241 2783 theologiae,
3261 2704 3331 2763 20

417 2798 787 2881 coniugium
810 2795 1095 2861 mirabili
1121 2804 1186 2859 et
1208 2792 1520 2860 ineffabili
1563 2793 1668 2858 de'i
1710 2792 1979 2859 consilio
2028 2792 2391 2858 ordinatum
2438 2817 2578 2860 esse
2620 2795 2707 2860 ad
2748 2795 3249 2861 consociandum

413 2907 477 2960 et
505 2895 1017 2981 coniungendum
1053 2918 1260 2981 genus
1286 2894 1634 2959 humanum
1680 2903 1742 2957 et
1785 2891 1869 2957 ad
1909 2893 2462 2957 conservationem
2504 2892 2831 2964 ecclesiae.
2902 2894 2990 2959 Et
3018 2898 3245 2979 sciant,

411 2995 538 3059 hoc
581 3017 784 3081 genus
829 2997 1005 3060 vitae
1047 2993 1167 3059 deo
1211 2993 1471 3080 placere
1515 3002 1578 3057 et
1618 2992 1805 3058 bonis
1857 2990 2144 3056 scholam
2186 3013 2327 3055 esse
2368 2992 2710 3058 multarum
2754 2994 3084 3060 virtutum.

1661 3207 2000 3258 DECANUS.
2416 3261 2423 3268 ‚

1624 3329 1666 3378 C
1681 3345 1754 3392 ap
1769 3345 1800 3378 n
1819 3336 1838 3377 t
1895 3329 2039 3381 XVI.
2860 3339 2865 3344 '
3262 3337 3329 3395 25

582 3446 840 3532 Negant
871 3447 1156 3514 rationes
1202 3443 1447 3531 aliquot
1488 3453 1682 3528 atque
1726 3441 2027 3528 exempla
2066 3441 2343 3507 aliarum
2380 3443 2873 3511 universitatum
2915 3442 3245 3509 scholasti·

418 3567 642 3610 carum
703 3555 766 3609 et
820 3544 1164 3631 tyrannica
1209 3541 1528 3629 foedaque
1581 3540 1966 3606 documenta
2025 3543 2430 3628 superiorum
2488 3551 2881 3628 temporum,
2932 3553 3245 3630 perpetuo

415 3647 606 3710 unius
653 3642 881 3709 decani
925 3645 1075 3729 iugo
1116 3643 1490 3708 facultatem
1534 3641 1760 3727 premi.
1842 3640 2087 3706 Iccirco
2130 3642 2215 3705 sit
2254 3639 2595 3727 deinceps,
2638 3643 2859 3706 statim
2901 3643 3247 3710 constituto

413 3743 711 3830 collegio,
754 3741 862 3808 ille
908 3765 1156 3808 annuus
1201 3741 1426 3806 ordine
1470 3763 1554 3804 ex
1599 3739 2069 3826 professoribus
2112 3740 2193 3806 de
2232 3738 2554 3822 facultate,
2600 3748 2662 3805 et
2703 3739 2979 3826 eligatur
3012 3744 3247 3829 postri-

416 3843 524 3909 die
568 3866 764 3930 quam
806 3853 1018 3908 rector
1063 3841 1389 3927 suffragiis
1434 3838 1723 3925 collegii3
1785 3862 1864 3904 ac
1897 3862 2053 3906 mox
2094 3841 2449 3926 promittat,
2492 3838 2595 3904 his
2634 3862 2704 3905 se
2744 3838 2997 3926 legibus
3042 3844 3241 3908 omni·
3261 3851 3331 3908 30

411 3945 534 4009 bus
552 3994 571 4026 ,
639 3964 798 4030 quas
859 3942 1296 4006 recensuimus
1311 3989 1328 4022 ,
1396 3939 1984 4026 obtemperaturum
2001 3989 2018 4021 ,
2084 3961 2206 4004 nec
2268 3938 2427 4004 alibi
2487 3948 2737 4004 coetum
2793 3941 3247 4025 magistrorum

421 4043 680 4129 collegii
732 4039 1079 4126 theologici
1136 4062 1325 4126 quam
1384 4041 1451 4103 in
1508 4036 1846 4124 collegium
1903 4040 2115 4104 maius
2159 4060 2228 4104 se
2272 4061 2415 4104 esse
2472 4048 2991 4104 convocaturum.
3073 4039 3247 4106 Huic

415 4143 826 4209 conmittatur
887 4138 1190 4226 sygillum
1229 4137 1555 4204 facultatis
1574 4185 1594 4220 ,
1647 4140 1928 4204 rationes
1973 4148 2038 4204 et
2076 4137 2242 4204 liber
2285 4137 2581 4225 publicus
2597 4184 2615 4219 ,
2676 4139 2745 4202 in
2800 4160 2928 4225 quo
2984 4140 3249 4205 nomina

419 4241 814 4328 collegarum
857 4248 920 4304 et
959 4261 1178 4303 eorum
1193 4287 1211 4320 ,
1256 4238 1366 4324 qui
1408 4239 1476 4301 in
1516 4237 1640 4302 hac
1683 4236 1903 4303 schola
1944 4237 2205 4324 publico
2248 4236 2614 4301 testimonio
2655 4235 2969 4321 gradibus
3012 4239 3245 4321 ornati,

414 4341 782 4431 perscripta
835 4348 1002 4404 sunt.
1085 4337 1175 4402 Et
1224 4336 1494 4434 viderit,
1541 4347 1612 4402 ut
1658 4339 2026 4402 testimonia
2081 4337 2410 4402 doctrinae
2463 4345 2527 4400 et
2581 4357 2861 4419 morum,
2909 4356 3075 4424 quae
3128 4338 3239 4402 tri·
3260 4345 3327 4403 35

416 4441 697 4507 buuntur
737 4439 988 4504 vocatis
1035 4436 1121 4501 ad
1164 4438 1525 4502 ministeria
1566 4436 2006 4502 ecclesiastica
2035 4445 2121 4521 ‚et
2160 4433 2477 4500 interdum
2522 4433 2947 4520 obsignantur
2985 4435 3247 4522 publico

415 4538 668 4627 sygillo,
714 4538 948 4604 dentur
989 4537 1166 4602 bona
1205 4537 1335 4604 fide
1376 4558 1495 4600 nec
1539 4537 1705 4602 citra
1750 4557 2131 4612 consensum
2174 4534 2457 4600 melioris
2496 4535 2706 4620 partis
2747 4532 2829 4599 de
2868 4535 3155 4602 consilio.

577 4655 680 4720 Ac
723 4653 916 4719 debet
954 4655 1127 4718 intra
1170 4654 1310 4718 dies
1359 4651 1845 4739 quatuordecim
1903 4651 2188 4716 decanus
2245 4653 2597 4716 successori
2648 4653 2964 4718 rationem
3006 4673 3242 4739 expen-

416 4777 634 4823 sarum
676 4764 741 4819 et
783 4762 1196 4841 acceptorum
1241 4775 1459 4818 coram
1503 4750 1772 4837 collegio
1813 4749 2089 4815 reddere
2132 4757 2221 4834 et,
2274 4749 2583 4838 quicquid
2640 4760 2740 4816 est
2792 4749 3091 4816 residuae
3130 4773 3242 4838 pe·

415 4857 644 4922 cuniae
680 4876 758 4919 ac
788 4875 1025 4936 rerum,
1065 4851 1158 4916 illi
1196 4853 1488 4934 tradere3
1534 4873 1612 4915 ac
1649 4859 1786 4914 tum
1829 4859 1894 4914 et
1931 4849 2125 4915 fiscus
2168 4850 2405 4936 inspici
2447 4860 2510 4914 et
2544 4851 2639 4915 sic
2680 4871 2932 4938 quoque
2971 4849 3053 4916 de
3093 4872 3237 4917 con-
3258 4862 3327 4918 40

425 4953 728 5021 munibus
786 4951 979 5018 rebus
1023 4950 1369 5017 salubriter
1423 4950 1691 5015 tractari
1748 4957 1977 5034 potest.
2084 4949 2342 5015 Statuta
2392 4949 2689 5015 similiter
2733 4952 2907 5014 intra
2959 4971 3243 5016 mensem

418 5055 597 5140 legat
637 5053 921 5118 decanus
965 5073 1184 5117 coram
1228 5049 1523 5116 omnibus
1567 5046 1938 5114 doctoribus
1953 5097 1971 5132 ,
2024 5048 2381 5134 designatis
2424 5058 2489 5115 et
2528 5048 2989 5116 baccalaureis.
3054 5039 3242 5116 'Tum

287 5202 292 5206 -
416 5163 499 5236 et,
541 5156 596 5218 si
623 5152 778 5240 quid
808 5152 1110 5218 inciderit
1151 5149 1544 5221 difficultatis
1585 5156 1699 5213 aut
1741 5149 2207 5234 quaestionum,
2248 5150 2547 5215 conmuni
2586 5147 2853 5216 consilio
2891 5147 3242 5236 prudenter

415 5253 786 5322 discutiant.
