4038 6358
1152 647 1323 699 Achte
1374 648 1903 713 statutenredaction,
1951 664 2072 699 vom
2109 648 2273 701 Jahn-e
2317 646 2457 700 1558.
3108 650 3230 715 535

288 820 633 991 ‹gabant-
729 791 1055 912 Quodsi
1130 826 1261 920 [45]
1333 830 1605 899 fecerint
1620 880 1640 916 ,
1723 830 1952 921 petitio
2031 832 2326 919 ipsorum
2393 828 2766 897 admittetur
2835 830 3086 921 pariter
3149 853 3232 897 ac

406 948 669 995 orum.

398 1132 485 1195 6·
560 1146 747 1208 qum
798 1148 1071 1201 FACERE
1126 1148 1524 1199 GORVENIAT
1580 1148 1971 1198 PE'rn'omss
2016 1148 2365 1199 Honomm
2407 1148 3034 1199 scHOLASTICORUM
3072 1150 3145 1199 m

1291 1248 1921 1299 DISPUTATIOMBUS
1962 1248 2306 1298 Ptmmcls.

517 1376 851 1445 Publicae
896 1378 1369 1466 disputationes
1411 1381 1872 1465 magistrorum
1919 1388 1983 1445 et
2034 1380 2516 1446 baculariorum
2573 1379 2869 1445 volumus
2928 1380 3220 1465 frequen·
3278 1389 3310 1445 ⁵

304 1477 494 1543 tari.
605 1478 707 1543 Ac
752 1479 866 1567 qui
906 1477 1225 1545 bacularii
1263 1480 1407 1545 fieri
1448 1478 1684 1562 volent,
1730 1487 1959 1565 quater
2002 1478 2444 1567 respondendi
2503 1481 2839 1565 magistris
2895 1480 2966 1545 in
3009 1478 3228 1567 dispu-

309 1576 731 1643 tationibus
772 1576 1118 1644 ordinariis
1163 1580 1417 1666 integro
1459 1598 1723 1643 munere
1766 1578 1968 1644 functi
2012 1601 2157 1646 esse
2197 1578 2454 1663 debent,
2499 1578 2854 1644 baculariis
2900 1599 3058 1644 vero
3101 1577 3225 1643 bis.

314 1673 571 1755 Quod
613 1699 699 1742 an
739 1676 982 1743 factum
1028 1678 1130 1761 sit,
1172 1679 1412 1744 indicio
1458 1676 1703 1767 publici
1748 1678 2030 1743 ministri
2071 1688 2515 1765 cognoscetur.
2583 1678 2662 1744 In
2703 1679 2994 1759 caeteris,
3037 1676 3210 1767 quod

314 1774 600 1842 sediilo
667 1798 747 1841 ac
807 1777 1144 1843 minimum
1207 1778 1574 1863 quindecim
1631 1777 2039 1843 interfuerint
2096 1777 2445 1843 ordinariis
2507 1775 3052 1865 disputationibus
3092 1798 3226 1842 ma-

315 1875 727 1960 gistrorum
790 1884 854 1939 et
915 1874 1393 1943 baculariorum
1469 1878 1770 1963 triginta,
1838 1900 1879 1942 a
1932 1878 2322 1964 petitoribus
2378 1878 2743 1962 requiritur.
2829 1875 2961 1957 Qui
3014 1875 3216 1963 igitur
3239 1884 3304 1942 10

318 1976 835 2061 magistrorum
882 1974 1162 2040 honores
1208 1978 1477 2063 petituri
1514 1986 1682 2060 sunt,
1725 1979 1774 2041 ii
1812 1976 2161 2060 videbunt,
2219 1986 2293 2042 ut
2352 1977 2719 2062 quindecim
2771 1974 3222 2063 disputationi-

324 2071 481 2138 bus
538 2073 820 2162 publicis
864 2077 1323 2161 magistrorum
1368 2076 1688 2159 intersint,
1726 2075 1999 2162 triginta
2042 2086 2260 2142 autem
2301 2075 2784 2141 baculariorum
2841 2074 3222 2162 disputatio·

324 2171 565 2239 nibus
608 2196 738 2239 non
778 2174 969 2240 modo
1013 2176 1387 2258 intererunt,
1428 2174 1545 2241 sed
1582 2183 1737 2239 tunc
1777 2176 1973 2240 etiam
2017 2187 2246 2241 contra
2287 2175 2630 2263 proposita
2671 2173 3214 2259 argumentabun-

330 2280 485 2337 tur.
580 2271 895 2339 Volumus
939 2275 1152 2357 etiam,
1196 2275 1527 2359 petitores,
1580 2275 1965 2361 praesertim
2009 2278 2583 2362 appropinquante
2636 2282 2929 2359 tempore
2968 2273 3224 2359 petitio-

330 2374 489 2455 nis,
540 2373 809 2438 honeste
832 2375 1098 2439 vestitos
1127 2395 1345 2461 saepe,
1387 2374 1540 2439 dum
1585 2374 1953 2461 disputatur
1992 2384 2110 2439 aut
2143 2373 2224 2439 de
2253 2372 2473 2461 aliqua
2505 2374 2783 2437 materia
2801 2370 3222 2453 declamatur,
3246 2380 3308 2436 15

336 2472 421 2536 in
478 2470 811 2538 subselliis
857 2475 1098 2538 usitata
1136 2473 1602 2539 consuetudine
1647 2472 1983 2538 considere
2028 2482 2092 2537 et
2131 2471 2278 2538 illos
2323 2482 2544 2539 coetus
2588 2492 2828 2557 augere
2841 2518 2861 2554 ,
2917 2480 2982 2536 et
3037 2492 3224 2536 suum

342 2571 708 2659 petitionis
749 2572 1008 2637 futurae
1049 2573 1455 2659 propositum
1496 2582 1689 2659 atque
1733 2570 2076 2637 consilium
2119 2572 2255 2643 hoc,
2286 2580 2479 2660 pacto
2523 2569 2874 2635 declarare.

846 2777 904 2836 7.
954 2768 1043 2858 [S.
1090 2767 1193 2857 46]
1239 2787 1334 2836 nn
1379 2786 1655 2837 Arrun
1698 2789 1790 2837 m·
1836 2788 2276 2838 connrrlonn
2319 2787 2746 2837 Pn'mromm.

538 2918 921 2987 Bacularios
964 2920 1175 2985 creari
1217 2918 1463 3008 placuit
1518 2944 1627 2988 eos
1685 2924 1965 3009 primum
1981 2971 2001 3005 ‚
2065 2922 2176 3009 qui
2227 2921 2596 3009 attigissent
2650 2920 2970 2987 decimum
3031 2922 3220 3009 septi-

354 3043 553 3087 mum
596 3041 857 3101 annum,
901 3021 1269 3106 magistros,
1314 3021 1423 3108 qui
1466 3022 1853 3107 vigesimum
1895 3021 2204 3110 primum3
2260 3021 2378 3086 sed
2421 3020 2503 3087 de
2543 3030 2756 3087 aetate
2794 3044 2925 3087 non
2965 3020 3306 3109 placuit20

354 3118 859 3208 inquisitionem
902 3141 1195 3185 severam
1241 3120 1507 3208 suscipi.
1592 3120 1700 3188 De
1741 3122 2121 3208 integritate
2174 3130 2391 3188 autem
2447 3143 2702 3188 morum
2758 3131 2823 3187 et
2883 3120 3057 3186 vitae
3112 3119 3224 3186 ho·

360 3229 628 3286 nestate
672 3241 873 3306 supra
918 3228 1016 3284 est
1054 3218 1319 3303 dictum,
1364 3243 1489 3306 quo
1532 3222 1767 3287 referri
1824 3221 2125 3287 volumus
2191 3221 2696 3287 admonitionem
2750 3219 2832 3286 de
2890 3229 3122 3285 ornatu
3161 3233 3226 3284 et

362 3318 697 3402 vestibus;
740 3320 811 3384 in
853 3339 983 3404 qua
1022 3328 1209 3405 parte
1249 3342 1398 3384 cum
1438 3319 1652 3386 indies
1696 3320 1960 3386 licentia
2014 3330 2080 3386 et
2123 3319 2458 3407 turpitudo
2517 3322 2726 3385 maior
2771 3328 3222 3404 cognoscatur,

366 3420 588 3484 maior
631 3418 825 3484 etiam
866 3439 1027 3482 cura
1067 3418 1257 3485 nobis
1302 3419 1676 3486 adhibenda
1715 3430 1832 3503 est,
1873 3443 1955 3484 ne
1996 3419 2394 3506 negligentia
2434 3429 2660 3484 nostra
2697 3417 2860 3482 haec
2909 3419 3218 3482 vesaniae

364 3518 761 3605 improbitas
807 3517 1120 3582 foveatur.
1205 3517 1622 3606 Quapropter
1692 3529 1756 3584 et
1821 3518 2158 3584 hortamur
2218 3528 2282 3584 et
2334 3517 2630 3583 iubemus
2642 3567 2661 3600 ,
2701 3538 3218 3604 unumquemque
3239 3525 3307 3581 25

370 3617 504 3683 sibi
545 3615 771 3681 videre
814 3624 880 3680 et
923 3639 1177 3700 cavere,
1218 3640 1301 3681 ne
1345 3641 1654 3704 cogamur
1714 3617 1799 3684 ob
1842 3618 2012 3683 hanc
2064 3617 2395 3683 levitatem
2449 3616 2734 3704 aliquam
2786 3617 3223 3681 necessariam

376 3715 1017 3782 animadversionem
1056 3739 1395 3803 usurpare.
1476 3717 1647 3783 Nam
1690 3717 1773 3782 de
1815 3718 2099 3783 omnium
2153 3717 2292 3782 vita
2347 3724 2413 3781 et
2454 3716 2774 3800 moribus,
2833 3737 2979 3780 cum
3021 3713 3224 3801 aliqui

382 3815 809 3882 scholasticos
853 3837 894 3880 a
933 3825 1163 3882 nostra
1205 3817 1663 3882 communitate
1703 3816 1982 3885 honores
2025 3825 2264 3904 petent,
2311 3837 2543 3881 severa
2583 3814 2914 3902 inquisitio
2959 3836 3218 3880 exerce-

370 3916 569 3982 bitur.
652 3912 906 3980 Nullius
965 3916 1161 3980 etiam
1213 3917 1588 4002 petitionem
1653 3915 2120 3981 admittendam
2172 3917 2421 3980 censuit
2491 3915 2918 3981 communitas
2972 3924 3217 3998 nostra,

374 4017 489 4104 qui
527 4035 657 4079 non
699 4015 952 4079 iuratus
997 4013 1326 4078 affirmare
1363 4025 1604 4102 posset,
1650 4037 1719 4080 se
1762 4037 1903 4080 esse
1943 4015 2307 4102 legitimam
2347 4013 2634 4080 sobolem
2679 4022 3020 4100 parentum
3073 4037 3214 4080 suo·
3236 4023 3306 4081 ³0

373 4137 541 4197 rum,
584 4113 779 4201 quive
820 4112 1059 4198 flagitii
1101 4122 1216 4178 aut
1255 4112 1477 4179 delicti
1516 4113 1786 4180 infamia
1828 4123 2088 4180 notatus
2131 4125 2316 4179 esset.

792 4318 849 4382 8.
893 4331 987 4378 nn
1030 4329 1137 4397 118,
1186 4331 1369 4392 QUAE
1414 4331 1783 4380 BAGULARII
1823 4331 2090 4392 nanm
2127 4331 2219 4378 m*
2264 4330 2473 4380 omns
2513 4330 2815 4378 nannum.

538 4459 633 4550 [S.
682 4459 784 4549 47]
824 4461 1117 4528 Primum
1166 4462 1396 4528 diebus
1435 4462 1913 4528 canicularibus
1949 4462 2296 4547 bacularii,
2346 4462 2458 4550 qui
2485 4463 2837 4548 magistros
2861 4461 3214 4547 aliquando

344 4584 447 4647 'se
480 4563 731 4628 futuros
774 4570 1061 4649 sperant,
1108 4565 1423 4649 scriptum
1469 4562 1825 4650 quodpiam
1868 4561 2161 4627 authoris
2221 4561 2374 4628 boni
2414 4560 2763 4648 probatum
2807 4571 2871 4626 et
2911 4561 3070 4628 utile
3111 4584 3219 4628 ex·

377 4660 623 4750 plicare
667 4659 929 4748 publice
972 4659 1230 4744 debent,
1274 4685 1349 4728 eo
1389 4672 1701 4750 tempore,
1742 4683 1868 4748 quo
1910 4659 2245 4726 ordinaria
2288 4669 2351 4725 et
2392 4658 2658 4746 publica
2699 4660 2996 4726 doctrina
3037 4660 3215 4749 apud
3233 4671 3302 4728 35

372 4784 491 4828 nos
534 4761 803 4848 antiqua
845 4761 1304 4826 consuetudine
1342 4761 1804 4826 intermittitur.
1892 4758 2191 4825 Secundo
2206 4808 2225 4842 ,
2292 4759 2398 4825 cui
2447 4757 2824 4824 mandatum
2878 4782 2920 4825 a
2971 4760 3218 4828 decano

376 4881 609 4925 munus
649 4859 845 4924 fuerit
888 4859 1306 4947 praesidendi
1348 4861 1415 4924 in
1458 4859 1897 4946 disputatione
1939 4857 2390 4945 pomeridiana
2434 4858 2541 4924 die
2569 4858 2890 4924 dominico
2922 4861 2960 4942 ¹,
3003 4860 3060 4924 is
3104 4858 3216 4926 illo

375 4960 513 5025 sine
552 4960 955 5024 recusatione
994 4960 1177 5046 fungi
1220 4959 1432 5025 debet.
1516 4958 1825 5024 Decanus
1866 4966 2080 5024 autem
2121 4956 2407 5040 videbit,
2455 4968 2528 5022 ut
2585 4959 2816 5046 cuique
2870 4957 3097 5026 ordine
3154 4970 3221 5026 et

371 5059 514 5127 loco
560 5081 675 5124 suo
716 5081 947 5124 munus
1006 5058 1129 5125 hoc
1187 5058 1549 5124 mandetur.
1634 5057 1981 5124 Materiam
2039 5055 2500 5144 disputationis
2564 5056 2960 5145 descriptam
3025 5081 3217 5125 unus-

544 5330 564 5380 1
606 5321 867 5380 Dariiber
901 5321 1265 5398 geschrieben
1300 5321 1537 5378 Saturni
1569 5328 1670 5380 aut
1697 5320 1851 5378 solis.
