4038 6358
1050 579 1314 631 Aeltestes
1352 579 1745 647 Statutenbuch,
1778 581 1873 631 mit
1905 581 2164 632 Zusatzen
2201 580 2281 631 bis
2320 577 2464 633 1440.
3060 581 3183 647 227

528 767 583 829 2.
632 759 820 826 Anno
864 759 1110 827 domini
1163 761 1502 830 millesimo
1547 763 2179 851 quadringentesimo
2228 763 2543 850 vigesimo
2603 763 2804 826 tercio
2861 761 3186 828 dominica

324 858 639 925 secunda
680 869 829 947 post
869 861 1101 927 festum
1155 874 1418 929 sanctae
1461 863 1803 929 Trinitatis
1850 859 2040 948 (1423
2081 869 2139 926 d.
2183 869 2275 929 13.
2316 860 2494 949 Juni)
2539 860 2910 926 conclusum
2953 873 3016 926 et
3057 872 3184 926 sta-

320 968 561 1026 tutum
598 961 718 1024 fuit
759 959 1179 1047 collegialiter
1221 987 1339 1050 per
1382 985 1603 1028 omnes
1642 963 1989 1048 magistros
2030 972 2180 1026 tunc
2224 971 2517 1026 extantes
2545 963 2612 1024 in
2636 959 2906 1047 collegio
2933 963 3185 1044 minori,

319 1059 525 1146 quod
576 1058 783 1124 nullus
848 1063 1308 1147 magistrorum
1367 1061 1601 1127 absens
1664 1062 1914 1148 privari
1978 1059 2214 1126 debeat
2272 1059 2542 1145 collegio
2594 1070 2705 1125 aut
2758 1057 2919 1126 loco*
2952 1084 3066 1126 suo
3120 1063 3187 1124 in

321 1158 639 1245 eollegiO,
694 1161 823 1224 nisi
865 1163 1046 1247 prius
1092 1160 1430 1249 collegium
1490 1160 1616 1227 sibi
1669 1161 2032 1248 scripserit,
2090 1159 2210 1225 sub
2268 1161 2572 1247 expensis
2620 1170 2836 1224 tamen
2890 1162 3185 1247 magistri
3236 1170 3268 1225 5

321 1258 651 1340 absentis,
694 1260 807 1346 qui
847 1269 1098 1330 tenetur
1140 1263 1373 1328 nuncio
1412 1261 1545 1326 sibi
1588 1262 1788 1326 misso
1830 1259 2023 1324 finale
2067 1260 2225 1325 dare
2264 1283 2662 1346 responsum.

514 1364 606 1427 23.
667 1357 917 1425 Eodem
958 1383 1126 1427 anno
1171 1360 1547 1427 conclusum
1591 1370 1656 1425 et
1695 1369 2007 1425 statutum
2050 1360 2188 1442 fuit,
2230 1359 2523 1426 omnibus
2568 1361 2894 1447 praesenti
3061 1383 3185 1425 uno

326 1458 622 1545 dempto,
667 1458 915 1526 scilicet
955 1461 1268 1546 magistro
1312 1459 1681 1545 VollquinO,
1724 1460 1901 1524 cuius
1950 1481 2334 1524 consensum
2376 1458 2602 1525 habuit
2644 1462 2884 1546 magist
3001 1458 3187 1525 Nico·

327 1556 492 1622 laus
528 1558 1225 1643 Franckenfordensis,
1287 1558 1461 1647 quod
1515 1560 1824 1646 magister
1867 1559 2092 1624 exiens
2135 1557 2402 1624 habebit
2461 1582 2656 1624 unam
2717 1579 3110 1645 sexagenam
3152 1582 3191 1623 a

330 1659 675 1742 magistm,
715 1660 826 1746 qui
868 1658 1286 1744 ingredietur,
1329 1661 1594 1724 inantea
1635 1667 1895 1745 praeter
1935 1660 2303 1745 pecuniam,
2348 1681 2541 1747 quam
2582 1657 2849 1723 habebit
2879 1660 3187 1743 magister
3209 1666 3272 1721 10

330 1759 565 1820 exiens
626 1757 707 1823 de
762 1757 1031 1845 collegio
1093 1761 1280 1824 iuxta
1332 1757 1510 1823 aliud
1568 1767 1877 1823 statutum
1944 1757 2220 1844 collegii.
2305 1757 2591 1823 Tenetur
2647 1769 2866 1824 tamen
2920 1757 3192 1847 quilibet

334 1858 650 1942 magister
689 1859 1079 1925 reformare¹
1123 1857 1460 1924 comodum
1506 1861 1574 1923 in
1617 1856 1975 1923 defectibus
2017 1857 2380 1941 intellectis,
2419 1867 2492 1923 ut
2532 1879 2750 1944 supra.

505 2217 603 2277 24.
651 2208 772 2298 [Bl.
816 2210 921 2300 3³³]
980 2211 1072 2277 Ut
1115 2213 1413 2299 magistri
1455 2212 1858 2278 concorditer
1900 2221 1965 2276 et
2006 2211 2278 2298 pacifice
2318 2212 2549 2276 vivant
2592 2220 2657 2275 et
2706 2221 3186 2293 conversentur,

339 2319 649 2375 statutum
694 2322 757 2376 et
799 2310 1171 2376 conclusum
1223 2320 1323 2376 est
1380 2335 1497 2399 per
1546 2333 1766 2377 omnes
1820 2313 2166 2396 magistros
2224 2309 2567 2396 collegium
2622 2320 3185 2397 repraesentantes

340 2432 513 2475 anno
575 2409 817 2476 domini
880 2409 1221 2476 millesimo
1282 2410 1920 2498 quadringentesimo
1975 2416 2075 2492 38,
2135 2409 2240 2474 die
2296 2415 2356 2477 8.
2414 2412 2874 2497 assumptionis
2927 2410 3177 2475 Mariae
3201 2420 3265 2474 15

340 2515 534 2582 (1438
578 2515 633 2573 d.
675 2515 773 2575 22.
797 2514 1080 2593 Amasi),
1124 2511 1299 2597 quod
1342 2510 1590 2576 habens
1635 2511 2118 2576 contencionem
2159 2507 2492 2574 verbalem
2534 2532 2677 2574 cum
2722 2510 2936 2597 aliquo
2980 2511 3182 2597 magi·

346 2619 622 2674 sti-orum
670 2632 791 2697 pro
836 2632 1216 2697 quacunque
1259 2633 1462 2676 causa
1503 2609 1694 2780 debet
1743 2619 1916 2676 stare
1961 2608 2292 2674 dictamini
2346 2611 2555 2697 partis
2609 2609 2864 2696 collegii
2918 2610 3185 2675 maioris

338 2717 410 2771 et
469 2710 764 2773 sanioris.
856 2708 928 2774 Si
985 2721 1199 2774 autem
1259 2709 1492 2797 aliquis
1616 2712 2005 2796 agistrorum
2067 2708 2263 2773 alium
2325 2711 2647 2795 percussit
2706 2719 2838 2774 aut·
2876 2708 3190 2796 depilavit

340 2809 503 2872 citra
528 2808 1058 2891 vulnerationem,
1104 2809 1311 2875 solvet
1350 2832 1471 2897 pro
1504 2832 1715 2896 poena
1757 2809 2028 2896 collegio
2070 2819 2202 2873 tres
2248 2829 2612 2894 sexagenas
2650 2831 2965 2875 novorum
3007 2831 3187 2894 gros-

342 2929 560 2972 sorum
602 2916 666 2972 et
708 2909 883 2995 parti
927 2908 1145 2973 laesae
1187 2910 1565 2974 satisfaciat.
1611 2909 1679 2974 Si
1729 2919 1943 2974 autem
1984 2907 2264 2996 aliquem
2309 2908 2752 2973 vulneraverit
2792 2910 2955 2976 citra
2996 2909 3181 2973 muti·
3203 2918 3271 2975 20

339 3005 679 3089 lacionem,
737 3008 919 3080 dabit
970 3030 1090 3095 pro
1132 3030 1343 3095 poena
1397 3006 1667 3094 collegio
1711 3014 1749 3074 8
1792 3007 2072 3073 florenos
2124 3016 2189 3072 et
2240 3006 2692 3074 nichilominus
2745 3009 2918 3096 parti
2971 3007 3190 3073 laesae

340 3106 523 3171 iuxta
562 3105 882 3172 dictamen
924 3108 1190 3173 maioris
1235 3117 1298 3172 et
1340 3109 1617 3173 sanioris
1662 3107 1872 3194 partis
1912 3108 2294 3172 satisfaciat.
2376 3106 2447 3172 Si
2490 3117 2724 3192 autem,
2771 3107 2945 3198 quod
2991 3107 3182 3192 absit,

341 3206 617 3295 aliquem
663 3206 1089 3291 mutilaverit,
1148 3208 1233 3273 ab
1276 3210 1418 3295 ipso
1463 3207 1734 3293 collegio
1774 3216 2084 3294 tanquam
2127 3230 2284 3294 pars
2340 3208 2603 3295 putrida
2657 3211 2915 3296 penitus
2967 3208 3184 3275 exclu-

341 3304 547 3371 datur.

502 3411 599 3473 25.
658 3407 819 3471 Item
863 3406 1087 3472 levans
1127 3406 1434 3493 lapidem,
1479 3417 1773 3471 cantrum
1820 3416 1932 3471 aut
1971 3407 2305 3472 consimile
2348 3408 2562 3473 animo
2607 3408 2992 3494 proficiendi
3035 3417 3266 3494 post25

341 3527 575 3593 corpus
630 3505 901 3571 alicuius
961 3508 1286 3593 magistri,
1343 3528 1472 3570 non
1523 3516 1741 3571 tamen
1796 3506 2144 3592 proficiens
2163 3556 2180 3588 ,
2239 3506 2421 3572 dabit
2473 3506 2744 3593 collegio
2798 3530 2918 3594 pro
2976 3531 3186 3595 poena

345 3610 417 3671 10
458 3627 660 3670 novos
704 3628 983 3691 grossos,
1068 3605 1139 3670 Si
1182 3628 1336 3670 vero
1383 3605 1727 3692 proiecerit
1769 3614 1834 3668 et
1878 3626 2115 3691 corpus
2157 3627 2290 3671 non
2330 3606 2634 3692 tetigerit,
2685 3604 2868 3671 dabit
2910 3606 3180 3694 collegio

338 3710 374 3771 8
415 3704 697 3769 florenos
738 3727 856 3791 pro
900 3727 1131 3791 poena.
1213 3703 1284 3769 Si
1328 3713 1539 3769 autem
1583 3706 1797 3791 ipsum
1838 3704 2152 3789 tetigerit,
2202 3707 2367 3770 citra
2401 3704 2940 3789 vulneracionem‚
2998 3708 3184 3773 iuxta

338 3804 609 3869 formam
655 3805 894 3891 prioris
939 3805 1159 3869 statuti
1204 3805 1528 3890 puniatur.
1609 3803 1699 3868 Et
1737 3803 1898 3868 illud
1950 3803 2222 3888 quilibet
2273 3806 2439 3869 iuret
2493 3806 2559 3869 in
2609 3806 2877 3871 introitu
2925 3829 3037 3872 suo
3097 3806 3183 3871 ad

340 3902 696 3989 collegium.
778 3902 1017 3968 Nolens
1061 3914 1276 3968 autem
1320 3902 1585 3967 obedire
1628 3901 1887 3986 talibus,
1948 3924 2106 3989 erga
2150 3910 2186 3968 4
2229 3902 2604 3990 deputatos²
2650 3915 2762 3969 aut
2802 3907 3267 3993 episcopum30

338 4001 857 4068 denunciandus3
919 4005 1103 4068 iuxta
1170 4002 1494 4067 dictamen
1558 4003 1825 4066 maioris
1884 4010 1948 4066 ct
2013 4004 2291 4067 sanioris
2353 4004 2559 4089 partis
2620 4004 2876 4092 collegii
2938 4016 3002 4070 et
3061 4028 3181 4093 pro

336 4103 594 4188 periuro
639 4112 990 4188 reputetur.

499 4207 600 4268 26.
656 4200 819 4267 Item
864 4200 1137 4289 quilibet
1190 4210 1563 4287 assumptus
1603 4202 1671 4264 in
1715 4198 2054 4286 collegium
2101 4199 2293 4265 debet
2336 4202 2580 4266 intrare
2624 4202 2964 4289 collegium
3005 4205 3175 4269 infra

336 4323 623 4365 mensem
665 4300 751 4365 ad
791 4300 1001 4367 locum
1043 4311 1401 4382 vacantem,
1458 4294 1577 4364 sub
1634 4322 1844 4388 poena
1897 4300 2292 4387 privacionis
2348 4299 2827 4386 collegiaturae,
2880 4302 3008 4365 nisi
3065 4324 3182 4388 per

338 4399 677 4486 collegium
720 4424 865 4466 cum
907 4401 1026 4466 tali
1071 4408 1403 4486 assumpto
1444 4398 1640 4464 fuerit
1683 4398 2128 4485 dispensatum
2171 4399 2396 4464 habita
2441 4422 2636 4465 causa
2678 4400 3069 4465 rationabili.
3193 4411 3260 4465 :35

502 4506 601 4569 27.
658 4501 821 4566 Item
869 4500 1084 4566 nullus
1142 4498 1629 4585 collegiatorum
1678 4498 1870 4564 debet
1923 4498 2238 4567 familiam
2291 4499 2546 4586 collegii
2605 4496 2928 4566 offendere
2980 4498 3180 4564 verbo

334 4601 433 4666 vel
474 4601 669 4667 facto.
724 4600 855 4667 Sed
885 4602 941 4665 si
970 4600 1112 4687 quis
1142 4608 1368 4665 contra
1396 4621 1660 4664 causam
1690 4596 2045 4681 habuerit⁴‚
2074 4602 2411 4687 proposita
2440 4622 2636 4665 causa
2665 4599 2958 4687 collegi0‚
2990 4597 3181 4664 debet

510 4839 530 4888 l
572 4833 773 4888 Miiller
806 4831 975 4886 malte
1008 4834 1100 4889 die
1123 4831 1487 4917 Abkiirzung¹
1506 4832 1668 4903 nach,
1700 4833 1790 4889 die
1823 4831 1929 4887 mir
1960 4831 2080 4887 dies
2102 4832 2267 4888 Wort
2300 4830 2541 4887 deutlich
2577 4850 2646 4886 zu
2679 4831 2918 4902 ergeben
2952 4832 3181 4903 scheint,

335 4917 547 4975 obwohl
582 4916 784 4971 Miiller
820 4917 993 4972 selbst
1030 4934 1088 4972 es
1122 4919 1344 4987 reficere
1375 4917 1523 4973 lesen
1557 4918 1753 4973 wollte.

502 5006 533 5057 2
574 4999 970 5058 Zweifelsohne
1023 5002 1112 5058 die
1158 5003 1274 5058 vier
1316 5001 1757 5072 Reformatoren‚
1808 5001 1899 5056 die
1946 5004 2076 5057 1438
2127 5000 2430 5070 eingesetzt
2476 5000 2717 5059 wurden.
2787 5000 2918 5073 vgl.
2953 5000 3096 5056 oben
3133 5007 3181 5070 8,

340 5091 396 5142 ¹8
430 5084 524 5225 fg&
546 5089 1015 5227 {Zniaciabiturt
1057 5172 1190 5227 oder
1226 5171 1365 5228 fehlt
1396 5174 1471 5228 sit
1504 5173 1635 5229 oder
1669 5179 1778 5227 esto
1794 5172 1822 5224 ‚²

496 5263 527 5313 4
562 5253 726 5310 Fehlt
757 5256 963 5309 etwas?

2724 5341 2841 5405 15*
