4038 6358
881 605 1004 682 532
1892 601 1992 664 Die
2027 601 2465 675 philosophische
2490 603 2746 662 Facultat.

879 793 1060 859 ribus
1104 793 1462 858 constituta
1499 802 1564 857 et
1601 793 1843 859 usitata
1881 794 2084 859 fuisse
2124 794 2394 859 scimus:
2463 813 2545 855 ne
2597 799 2748 855 ante
2803 788 3049 853 biennii
3090 798 3354 875 tempus
3373 837 3392 871 ,
3465 810 3544 852 ex
3592 811 3718 876 quo

879 895 1190 979 magister
1230 892 1464 978 aliquis
1509 891 1876 958 declaratus
1916 903 2090 958 esset
2106 943 2125 975 ,
2189 889 2530 957 discedere
2587 912 2670 955 ex
2723 887 2847 953 hac
2901 888 3237 953 academia
3298 886 3415 952 ulli
3459 886 3720 952 arbitrio

877 1015 995 1058 suo
1038 992 1282 1057 liceret.
1370 991 1790 1079 Quapropter
1834 1015 1968 1075 eos,
2014 995 2126 1081 qui
2173 1002 2285 1057 aut
2320 986 2450 1078 [38]
2496 987 2798 1077 publicae
2841 987 3175 1053 doctrinae
3229 985 3595 1051 muneribus
3650 1008 3723 1051 se

881 1091 1232 1178 aliquando
1274 1091 1607 1155 functuros
1653 1091 1754 1157 vel
1799 1093 1866 1157 in
1911 1094 2433 1158 communitatem
2490 1087 2737 1177 publici
2794 1085 3052 1151 consilii
3104 1096 3531 1174 perventuros
3583 1109 3725 1151 esse

796 1203 828 1256 5
883 1192 1315 1278 speraverint,
1355 1189 1652 1255 volumus
1691 1202 1806 1256 aut
1845 1192 2091 1257 biennii
2131 1202 2383 1278 tempus
2429 1198 2579 1276 post
2607 1187 3149 1252 renuntiationem
3172 1184 3344 1250 tituli
3368 1186 3723 1272 proximum

880 1292 947 1355 in
986 1290 1112 1355 hac
1154 1290 1493 1355 academia
1534 1290 1712 1376 apud
1755 1313 1874 1356 nos
1917 1293 2316 1374 continuare,
2363 1301 2494 1371 aut,
2540 1288 2597 1352 si
2640 1285 2876 1371 aliquis
2922 1285 3142 1372 aliqua
3200 1284 3282 1349 de
3344 1303 3541 1350 causa
3576 1308 3725 1350 avo-

882 1399 1081 1471 cetur,
1151 1399 1222 1453 ut
1264 1391 1392 1477 ipsi
1431 1388 1897 1455 discedendum
1955 1391 2059 1472 sit,
2112 1412 2243 1455 non
2304 1399 2522 1453 tamen
2578 1385 2760 1451 abire
2815 1406 2962 1449 eum
3016 1386 3141 1449 nisi
3199 1383 3601 1450 demontrata
3650 1407 3727 1449 re

878 1497 1018 1554 tota
1060 1499 1124 1553 et
1167 1511 1286 1553 sua
1329 1488 1724 1555 discessione
1768 1488 2034 1571 decano,
2080 1499 2150 1554 ut
2189 1490 2283 1553 ita
2326 1487 2449 1553 hoc
2495 1486 2738 1551 sciente
2783 1494 2845 1549 et
2889 1485 3305 1571 permittente
3354 1483 3541 1554 absit.
3594 1483 3725 1565 Qui

890 1587 1106 1652 facere
1161 1587 1554 1674 neglexerit,
1637 1589 1694 1653 is
1754 1611 1870 1675 spe
1928 1586 2338 1675 publicorum
2389 1585 2962 1651 emolumentorum
3018 1585 3361 1671 proposita
3406 1585 3726 1670 magistris

803 1695 865 1751 10
879 1685 1056 1773 apud
1099 1709 1217 1752 nos
1267 1710 1335 1752 se
1378 1686 1702 1753 excidisse
1746 1689 1912 1752 scire
1955 1686 2235 1752 debebit.
2321 1685 2620 1771 Cognitis
2666 1693 2883 1748 autem
2927 1682 3355 1771 probatisque
3395 1685 3498 1766 iis,
3552 1705 3712 1769 quae

880 1784 1374 1869 indicabuntur,
1443 1786 1728 1852 decanus
1788 1796 1852 1852 et
1908 1786 2374 1851 discessionem
2431 1785 2761 1871 permittet
2816 1792 2880 1847 et
2922 1782 3093 1847 hanc
3133 1792 3520 1870 tempusque
3556 1782 3724 1847 illius

885 1883 1427 1971 perscribendum
1472 1886 1747 1951 curabit.

1048 2050 1508 2138 Unusquisque
1548 2049 1742 2114 etiam
1784 2049 2049 2132 horum,
2108 2050 2219 2137 qui
2276 2048 2552 2115 docendi
2612 2047 2874 2135 publico
2930 2070 3195 2114 munere
3250 2045 3603 2137 aliquando
3656 2068 3725 2110 se

881 2150 1250 2215 functurum
1295 2157 1407 2214 aut
1447 2150 1516 2213 in
1560 2147 1813 2215 consilii
1851 2147 2100 2235 publici
2144 2151 2693 2223 communitatem,
2736 2156 2809 2211 ut
2831 2146 3072 2213 dictum
3100 2157 3217 2231 est,
3267 2155 3723 2234 perventurum

805 2260 868 2314 15
884 2272 1026 2315 esse
1071 2250 1465 2337 speraverit,
1521 2257 1764 2314 statuto
1821 2247 1926 2312 die
1980 2270 2199 2312 coram
2242 2247 2721 2314 communitatis
2764 2256 3025 2312 nostrae
3070 2246 3346 2312 concilio
3385 2244 3725 2333 apparebit

886 2359 950 2413 et
991 2346 1212 2414 audiet
1254 2356 1744 2434 cognoscetque,
1788 2369 1952 2433 quae
1990 2357 2148 2412 tunc
2188 2346 2657 2427 recitabuntur,
2704 2354 2769 2409 et
2791 2345 3163 2411 numerabit
3188 2367 3462 2431 grossos
3492 2343 3723 2426 decem,

882 2447 988 2512 vel
1037 2448 1092 2512 si
1132 2446 1235 2512 bis
1281 2469 1602 2535 apparere
1637 2446 1797 2512 velit
1858 2451 2039 2520 (cum
2095 2446 2198 2512 bis
2257 2448 2444 2511 annis
2506 2444 2780 2531 singulis
2838 2444 2963 2510 hac
3007 2445 3088 2510 de
3132 2467 3334 2510 causa
3378 2453 3725 2510 conventus

881 2545 1253 2631 habeatur),
1310 2548 1594 2634 quinque
1649 2547 1864 2631 grossi
1903 2547 1999 2612 ita
2050 2544 2562 2612 numerabuntur
2579 2594 2597 2628 ,
2656 2556 2727 2609 ut
2783 2567 3034 2609 summa
3082 2544 3304 2616 decem
3355 2564 3723 2629 grossorum

880 2648 1139 2713 omnino
1182 2644 1543 2732 expleatur.

796 2822 865 2877 20
1047 2811 1216 2877 Cum
1258 2821 1473 2876 autem
1518 2820 1582 2876 et
1626 2809 1711 2874 ad
1755 2809 2139 2896 dignitatem
2195 2810 2677 2874 communitatis
2739 2808 2935 2874 studii
3000 2808 3321 2874 bonarum
3377 2810 3623 2872 artium
3669 2815 3729 2870 et

816 2928 819 2931 ’
882 2909 1346 2997 discipulorum
1386 2909 1728 2974 utilitatem
1769 2931 2169 2995 magnopere
2214 2905 2345 2995 [39]
2392 2911 2715 2996 pertineat
2758 2908 3057 2995 publicae
3081 2907 3420 2972 doctrinae
3441 2920 3728 2993 tempora

883 3033 962 3075 ac
1011 3008 1156 3075 loca
1205 3009 1634 3096 frequentari,
1725 3030 1892 3095 quae
1952 3028 2126 3071 nunc
2194 3007 2454 3072 deserta
2525 3007 2904 3094 plerumque
2967 3019 3031 3073 et
3082 3028 3293 3072 vacua
3351 3017 3726 3071 cernuntur:

882 3108 1140 3198 quando
1182 3109 1499 3195 magistri,
1541 3106 1967 3173 emolumenta
2010 3106 2095 3171 ab
2138 3105 2262 3171 hac
2306 3109 2765 3172 communitate
2810 3117 3254 3195 expectantes,
3298 3106 3727 3193 apparebunt,

880 3219 1130 3299 repetet
1167 3209 1450 3274 decanus
1494 3208 2017 3272 constitutionem
2060 3205 2141 3270 de
2183 3206 2656 3291 frequentanda
2698 3206 2993 3273 doctrina
3022 3206 3305 3294 publica,
3352 3205 3725 3293 iubebitque

721 3361 735 3376 .
794 3313 1214 3376 25universos
1255 3307 1477 3372 videre
1521 3316 1585 3370 et
1627 3329 1878 3388 curare,
1923 3316 1994 3370 ut
2037 3303 2342 3391 discipuli
2386 3307 2674 3392 ipsorum
2726 3306 2975 3373 assidui
3019 3306 3149 3371 sint
3191 3304 3456 3393 publice
3500 3305 3725 3371 docen-

879 3411 1038 3474 tium
1083 3406 1433 3484 auditoreS‚
1477 3406 1747 3492 quisque
1789 3427 1909 3491 pro
1954 3413 2152 3490 captu
2193 3405 2436 3490 ingenii
2479 3416 2542 3469 et
2583 3408 2818 3471 aetatis
2862 3428 3039 3489 suae,
3098 3416 3162 3470 et
3204 3406 3394 3489 dicet,
3460 3407 3573 3495 qui
3614 3404 3727 3469 hoc

880 3531 1011 3573 non
1053 3507 1344 3587 fecerint,
1396 3502 1526 3569 illis
1585 3503 1690 3568 vel
1738 3503 2200 3589 negligentiam
2261 3503 2431 3568 hanc
2482 3505 2587 3569 vel
2638 3507 2837 3571 istum
2901 3515 3293 3572 contemtum
3348 3505 3729 3571 detrimento

881 3608 1183 3674 futurum.
3720 3627 3730 3637 ’

888 3902 1357 3973 Recitanda
1414 3902 1950 3970 scholasticis
2004 3917 2084 3972 et
2138 3906 2608 3994 discipulis
2680 3908 3174 3993 optimarum
3231 3905 3729 3991 disciplina·

803 4018 872 4074 30
1052 4028 1222 4070 rum
1291 4014 1371 4068 et
1428 4004 1728 4067 artium
1785 4005 2160 4089 singulis
2207 4006 2758 4072 semestribus
2801 4006 3131 4093 publice
3172 4029 3213 4071 a
3256 4005 3563 4072 decano

1953 4108 2352 4193 temporis
2410 4105 2664 4171 illius.

1049 4270 1226 4337 Vera
1268 4270 1522 4334 ratione
1562 4277 1625 4332 et
1666 4268 1893 4334 ordine
1936 4293 2158 4337 omnes
2204 4274 2741 4359 congregationes
2783 4272 3113 4337 hominum
3158 4281 3629 4337 conservantur
3669 4283 3731 4338 et

885 4381 1226 4457 augentur,
1272 4368 1649 4432 confusione
1692 4377 1804 4432 aut
1844 4373 2274 4455 perversitate
2320 4372 2756 4439 dissolvuntur
2811 4394 2890 4436 ac
2931 4375 3280 4454 intereunt,
3325 4394 3475 4437 cum
3514 4394 3724 4457 neque

882 4481 1057 4535 recte
1100 4478 1295 4553 atque
1339 4465 1774 4549 laudabiliter,
1820 4490 2027 4555 neque
2068 4492 2213 4536 cum
2257 4472 2473 4537 fructu
2516 4482 2580 4536 et
2622 4470 2902 4536 utilitate
2949 4473 3297 4560 quicquam
3345 4470 3462 4536 fiat
3476 4520 3495 4555 ,
3557 4471 3730 4559 quod

798 4581 865 4637 35
887 4570 1162 4636 rationis
1206 4565 1542 4653 diligentia
1585 4577 1649 4630 et
1690 4567 1990 4633 custodia
2031 4570 2276 4636 ordinis
2321 4570 2714 4637 destituitur.
2790 4570 2880 4635 Et
2921 4571 3082 4637 haec
3126 4580 3225 4637 est
3266 4574 3453 4657 origo
3506 4580 3575 4637 et
3609 4572 3732 4636 iste

883 4671 1028 4736 fons
1070 4667 1286 4753 legum
1326 4667 1982 4756 constitutionumque
2024 4672 2329 4754 omnium,
2374 4692 2540 4755 quae
2581 4670 2880 4736 feruntur
2923 4681 2987 4735 et
3015 4672 3392 4737 sanciuntur
3424 4670 3553 4736 hoc
3580 4694 3730 4736 con·

887 4768 1050 4848 silio,
1094 4777 1166 4830 ut
1208 4766 1699 4832 communitates
1739 4766 2067 4833 hominum
2112 4778 2248 4836 tam
2293 4768 2552 4853 durare,
2599 4792 2793 4857 quam
2839 4769 3173 4834 honestate
3228 4780 3293 4834 et
3330 4771 3578 4835 virtute
3620 4794 3730 4836 ex-

883 4867 1135 4948 cellere,
1179 4886 1373 4951 quam
1414 4866 1610 4929 etiam
1656 4866 2013 4932 commodis
2058 4867 2324 4934 affluere
2366 4870 2636 4954 possint.
2710 4867 2877 4935 Cum
2921 4878 3137 4933 autem
3179 4878 3406 4935 nostra
3447 4892 3732 4935 commu-

884 4970 1057 5034 nitas
1121 4960 1251 5052 [40]
1314 4962 1697 5050 profiteatur
1774 4965 2137 5032 doctrinam
2193 4976 2258 5033 et
2312 4967 2593 5034 studium
2660 4969 3050 5053 optimarum
3111 4966 3608 5055 disciplinarum
3668 4980 3735 5035 et

800 5079 869 5134 40
886 5068 1144 5147 artium,
1189 5072 1255 5128 et
1296 5062 1527 5128 harum
1570 5065 1991 5131 instructione
2048 5068 2248 5132 animi
2303 5065 2391 5131 ad
2447 5068 2665 5132 omnia
2722 5088 2992 5132 munera
3010 5116 3028 5149 ,
3093 5065 3327 5154 quibus
3379 5069 3732 5156 fungendis

885 5166 988 5231 vel
1030 5174 1293 5229 aeterno
1338 5160 1458 5227 deo
1504 5185 1707 5249 opera
1747 5164 1890 5230 dari
1934 5166 2037 5231 vel
2081 5166 2411 5232 hominum
2454 5167 2746 5231 societati
2777 5168 3079 5231 inserviri
3108 5166 3286 5249 solet,
3332 5190 3731 5256 praeparen-

885 5277 1012 5351 tur,
1057 5285 1298 5350 magna
1338 5284 1497 5328 cura
1540 5261 1973 5331 demonstrari
2016 5265 2210 5332 debet
2251 5263 2424 5331 hanc
2463 5264 2635 5331 ‘viam
2678 5265 2935 5352 ingredi
2965 5265 3349 5353 volentibus,
3376 5290 3507 5355 quo
3533 5277 3732 5357 pacto
