4038 6358
1395 677 1502 713 von
1543 663 1761 726 Herzog
1793 661 1986 713 norit:
2026 661 2283 724 bestsstigt.
3156 655 3237 721 89

1522 848 1852 899 statutum
1886 847 2059 898 xvu.

1592 998 1686 1047 DE
1728 998 2043 1048 VESTITU.

517 1104 825 1174 Veteres
864 1111 933 1175 in
960 1111 1210 1177 maiore
1234 1113 1560 1198 gravitate
1587 1124 1651 1179 et
1673 1113 1935 1179 licentia
1959 1114 2134 1178 vitae
2161 1113 2427 1193 minore,
2472 1133 2618 1175 cum
2644 1110 2936 1175 homines
2958 1110 3237 1197 ineptire

337 1205 410 1270 in
470 1207 750 1273 vestitu
803 1210 1201 1297 inciperent,
1273 1198 1453 1278 certa
1504 1235 1749 1300 genera
1805 1212 2165 1278 indecentis
2235 1220 2501 1277 ornatus
2556 1209 3041 1297 prohibuerunt.
3159 1207 3238 1274 Id

335 1303 470 1370 hoc
530 1315 856 1396 tempore
912 1311 981 1376 in
1038 1320 1223 1377 tanta
1281 1314 1597 1379 varietate
1652 1313 1826 1379 illius
1875 1312 2017 1378 fieri
2077 1334 2268 1399 posse
2307 1334 2436 1377 non
2481 1310 2871 1399 putavimus.
2978 1308 3281 1375 Placuit5

337 1406 557 1491 igitur
606 1405 706 1473 de
748 1408 877 1475 hac
914 1432 988 1476 re
1028 1411 1098 1476 in
1139 1433 1379 1498 genere
1417 1413 1541 1479 hoc
1583 1413 1869 1496 edicere,
1925 1422 1997 1477 ut
2038 1434 2259 1478 omnes
2304 1410 2549 1477 subditi
2588 1411 2997 1475 universitati
3048 1407 3231 1474 scho-

337 1503 638 1572 lasticae
715 1508 1096 1576 indecorum
1165 1513 1473 1579 vestitum
1529 1514 1857 1601 fugerent,
1921 1534 2003 1577 ne
2055 1511 2186 1577 illis
2241 1512 2438 1577 curtis
2480 1509 2715 1597 tegulis
2775 1514 3008 1597 (supra
3060 1529 3234 1594 genu

343 1605 866 1694 desinentibus,
915 1618 1168 1677 tantum
1219 1614 1417 1679 efiam
1450 1614 1520 1678 in
1564 1612 1866 1701 scapulas
1909 1609 2191 1699 iniectis)
2234 1633 2398 1677 neve
2439 1610 2718 1676 diversis
2763 1609 3085 1676 coloribus
3125 1617 3240 1674 aut

342 1707 586 1773 scissis
652 1718 729 1774 et
772 1710 1081 1777 seiunctis
1124 1711 1499 1779 deformiter
1540 1710 1832 1779 vestibus
1873 1713 1943 1778 in
1986 1711 2246 1799 publico
2301 1721 2367 1776 et
2409 1711 2776 1797 conspicuis
2802 1711 2822 1752 ¹
2874 1718 3229 1790 uterentur,

342 1805 431 1872 de
473 1829 617 1895 quo
664 1809 935 1895 quidem
971 1811 1063 1877 nil
1089 1812 1116 1855 ²
1173 1814 1299 1879 erit
1338 1814 1610 1880 rectoris
1654 1812 2005 1879 attentione
2048 1810 2559 1892 animadversio,
2621 1810 2733 1898 qui
2788 1831 2907 1896 pro
2958 1808 3229 1874 arbitrio
3254 1817 3317 1872 10

350 1928 476 1971 suo
523 1905 670 1972 hac
717 1909 789 1974 in
833 1920 1025 1998 parte
1065 1933 1215 1978 cum
1276 1914 1454 1978 vitiis
1507 1912 1773 1979 modum
1826 1920 2096 1991 statuet,
2152 1912 2259 1996 qui
2320 1912 2599 1996 optimus
2649 1910 2839 1975 fuerit
2881 1910 3081 1974 visus.
3160 1907 3237 1972 In

353 2005 465 2072 his
516 2016 765 2075 tamen
803 2008 1082 2079 ducibus
1123 2022 1238 2078 aut
1277 2012 1636 2080 baronibus
1675 2035 1858 2078 suam
1896 2010 2260 2078 libertatem
2303 2032 2429 2075 non
2473 2010 2874 2074 imminutam
2912 2007 3227 2074 volumus.

1500 2216 1843 2267 statutum
1880 2214 2079 2266 xvm.

1599 2365 1693 2415 DE
1738 2364 2025 2415 affirm.

521 2477 878 2561 Honores,
924 2478 1308 2567 dignitates,
1352 2481 1713 2548 functiones
1757 2480 2054 2569 publicas
2097 2479 2430 2546 doctrinae
2472 2490 2584 2545 aut
2624 2481 2974 2546 curationis
3018 2480 3317 2544 cuius-15

351 2578 454 2642 vis
513 2579 821 2667 itemque
884 2579 1201 2646 beneficia
1265 2591 1329 2647 et
1403 2584 1699 2669 praemia
1754 2583 2192 2668 cuiuscunque
2261 2579 2435 2646 modi
2492 2602 2679 2645 nemo
2740 2581 2857 2662 iis,
2918 2580 3030 2665 qui
3085 2601 3233 2644 con·

348 2676 528 2743 ferre
575 2678 820 2760 solent,
866 2681 1192 2767 corruptis
1239 2691 1351 2747 aut
1395 2683 1728 2769 persuasis
1768 2681 1873 2747 vel
1913 2678 2252 2767 largiendo
2296 2679 2400 2745 vel
2425 2678 2860 2767 promittendo
2894 2680 3188 2766 optinere
3210 2680 3235 2720 ³

354 2778 670 2845 tentabit.
755 2778 891 2860 Qui
946 2778 1175 2845 fecerit
1238 2790 1353 2847 aut
1400 2782 1713 2848 facientes
1753 2780 2079 2847 adiuverit
2117 2790 2235 2846 aut
2275 2802 2344 2845 se
2385 2781 2713 2867 corrumpi
2756 2781 2983 2845 siverit
3022 2780 3233 2845 sciens

354 2874 507 2943 dolo
553 2877 764 2962 malo,
804 2880 860 2944 is
902 2902 981 2946 ea
1024 2902 1239 2967 poena
1275 2904 1346 2946 se
1392 2883 1692 2948 affectum
1730 2882 1815 2948 iri
1856 2904 1897 2946 a
1939 2879 2209 2947 consilio
2252 2879 2513 2969 publico
2548 2882 2732 2962 sciat,
2772 2902 2971 2968 quam
2997 2880 3233 2947 delicto

358 2976 642 3064 dignam
691 2989 761 3045 et
804 3002 972 3064 eum,
1018 2981 1130 3069 qui
1174 2980 1546 3068 deliquerit,
1590 2983 1894 3048 meritum
1937 3004 2082 3047 esse
2123 2981 2439 3047 statuerit.
3251 2988 3319 3043 20

1550 3185 1882 3237 statutum
1918 3185 2065 3236 XIX.

641 3332 744 3380 DE
789 3333 1308 3385 PUBLICATIONE
1352 3336 1859 3400 mmsmmmm,
1904 3334 2100 3396 QUOD
2150 3333 2455 3384 RECTORI
2494 3335 2661 3383 DARI
2706 3336 2951 3385 SOLET.

526 3449 634 3514 Ne
687 3449 835 3537 quis
876 3448 1044 3516 forte
1086 3452 1205 3516 ex⁴
1246 3452 1659 3516 universitati
1701 3460 1965 3517 nostrae
2009 3449 2316 3517 subiectis
2340 3452 2711 3537 ignorantia
2734 3452 3030 3539 praestiti
3060 3453 3229 3516 iura·

361 3549 566 3614 menti
609 3547 927 3614 delictum
972 3572 1156 3615 suum
1197 3550 1474 3639 palliare
1516 3553 1722 3638 possit
1756 3571 1923 3617 neve
1963 3552 2319 3638 periurium
2360 3559 2602 3616 temere
2652 3553 2975 3634 incurrat,
3020 3552 3229 3616 visum

360 3657 458 3713 est
495 3648 905 3733 faciendum,
944 3659 1021 3716 ut
1065 3652 1315 3739 quoties
1357 3660 1601 3717 statuta
1642 3653 2071 3717 recitarentur
2110 3651 2300 3717 toties
2335 3660 2400 3715 et
2430 3652 2777 3717 iuramenti
2802 3651 3016 3717 forma
3038 3672 3224 3739 prae-
3244 3659 3310 3716 25

360 3746 718 3835 legeretur,
765 3771 932 3838 quae
973 3758 1100 3834 est,
1143 3759 1218 3816 ut
1260 3752 1585 3840 sequitur:
1631 3747 1879 3839 (Supra
1922 3752 2223 3837 exposita
2263 3750 2423 3816 VIII
2433 3752 2458 3792 ⁰
2501 3773 2646 3839 cap.
2691 3752 2932 3838 prioris
2971 3748 3228 3839 partis.)

359 3846 505 3913 Hoc
558 3859 813 3932 tamen,
869 3871 954 3914 ne
1009 3849 1112 3914 cui
1171 3849 1443 3939 laqueus
1500 3850 1882 3938 simpliciori
1938 3859 2252 3937 ponatur,
2315 3872 2578 3916 monere
2619 3853 2868 3935 visum,
2909 3874 3041 3918 non
3084 3873 3229 3939 per-

361 3947 600 4014 iurium
649 3948 900 4015 habere
913 3999 932 4034 ,
989 3951 1102 4038 qui
1144 3960 1374 4017 contra
1413 3958 1725 4017 statutum
1767 3950 1968 4017 ullum
2005 3949 2264 4035 fecerit,
2308 3952 2366 4015 si
2406 3949 2579 4015 illius
2624 3959 2841 4016 tamen
2884 3952 3078 4018 iussis
3118 3951 3225 4018 vel

359 4047 426 4111 in
469 4048 795 4114 solvendo
840 4048 1146 4115 mulctam
1188 4050 1293 4115 vel
1337 4073 1615 4138 poenam
1660 4049 2024 4117 sufferendo
2081 4051 2402 4137 paruerit,
2457 4050 2588 4116 nisi
2636 4051 2803 4116 forte
2862 4073 3075 4139 poena
3116 4052 3231 4118 illa

362 4148 638 4233 periurii
682 4149 976 4237 ascripta
1019 4151 1123 4216 sit.
1204 4150 1393 4217 Tunc
1435 4151 1606 4216 enim
1651 4160 1842 4235 certe,
1883 4151 1995 4239 qui
2033 4160 2262 4217 contra
2303 4149 2465 4215 illud
2511 4149 2883 4239 deliquerit,
2927 4153 3226 4239 periurus
3241 4161 3312 4218 30

365 4248 595 4315 merito
641 4246 1010 4315 habebitur.

1559 4418 1907 4474 statutum
1940 4419 2059 4470 XX.

1079 4566 1174 4615 DE
1214 4566 1361 4616 NON
1403 4567 1784 4618 mscRn’Tls
1825 4569 1898 4617 m
1938 4568 2122 4617 ALBO
2166 4567 2525 4618 RECTORIS.

520 4683 741 4749 Nemo
785 4682 1235 4750 universitatis
1282 4693 1547 4749 nostrae
1597 4685 1866 4750 dictioni
1920 4686 2296 4771 suppositus
2349 4684 2523 4750 ultra
2582 4706 2869 4751 mensem
2921 4685 3099 4774 apud
3158 4709 3228 4752 se

371 4780 648 4871 aliquem
703 4791 1090 4848 extraneum
1148 4784 1415 4849 cuiusve
1467 4806 1703 4851 nomen
1753 4807 1882 4850 non
1924 4806 1965 4849 a
2005 4794 2258 4850 rectore
2299 4795 2633 4872 receptum
2673 4791 2737 4850 et
2778 4787 2903 4852 rite
2941 4788 3009 4852 in
3047 4785 3226 4854 illius
3242 4796 3309 4853 35

585 5090 608 5140 1
649 5081 734 5138 Es
768 5080 911 5137 fehlt
942 5080 1088 5139 wohl
1124 5083 1280 5139 Ζοσίε.

584 5172 618 5224 2
655 5165 736 5223 So
770 5166 921 5222 steht
953 5166 1329 5239 gesehrieben.

585 5257 618 5307 3
654 5249 1036 5309 Geochrieben
1067 5250 1216 5306 steht
1249 5252 1523 5323 opinione.

583 5342 618 5393 4
653 5354 724 5392 ea:
761 5334 929 5405 fehlt,
967 5334 1249 5392 vielleicht
1280 5336 1356 5390 ist
1388 5354 1458 5390 zu
1493 5336 1642 5392 lesen
1680 5336 1965 5406 meecm.
