4038 6358
824 626 946 690 552
1836 624 1938 674 Die
1979 622 2350 689 theologische
2393 622 2645 673 Facultit.

822 807 1040 873 missis
1080 791 1354 893 incipiat
1396 805 1694 894 primum.
1783 806 1856 873 Si
1893 806 2038 872 vult
2079 805 2276 889 alius,
2322 802 2644 870 secundus
2670 803 2993 891 incipiat,
3051 824 3200 868 cum
3253 802 3461 889 priori
3524 823 3665 867 sen·

820 906 1131 973 tenciario
1146 955 1164 989 ,
1208 915 1278 971 ut
1317 907 1527 993 prius,
1588 905 2061 989 concurrendo,
2134 905 2298 971 alter
2337 926 2494 970 vero
2539 902 2862 970 admissus
2906 912 3207 990 expectet
3250 901 3338 967 ad
3379 902 3669 968 futurum

820 1030 1076 1073 annum.

907 1182 1000 1243 10.
1056 1189 1149 1238 DE
1202 1188 1529 1236 TEMPORE
1589 1188 1919 1239 FACOENDI
1960 1189 2365 1241 PRINCIPIUM
2410 1190 2482 1236 IN
2522 1186 2946 1237 SENTENGIAS
2988 1186 3124 1235 vm.
3168 1186 3241 1234 m
3285 1184 3587 1235 CURSUM.

733 1318 766 1372 5
985 1303 1327 1370 Admissus
1368 1303 1451 1368 ad
1496 1326 1757 1368 cursum
1797 1303 1903 1369 vel
1946 1305 2033 1370 ad
2081 1306 2443 1371 sentencias
2486 1313 2739 1370 tenetur
2781 1304 2997 1368 facere
3041 1302 3438 1390 principium
3480 1324 3668 1366 suum

818 1408 984 1471 inter
1023 1405 1190 1468 festa
1232 1403 1442 1467 sancti
1486 1402 1824 1491 Lamperti
1871 1414 1935 1469 et
1977 1406 2185 1469 sancti
2232 1403 2406 1469 Galli
2464 1414 2612 1491 post
2666 1402 3127 1468 admissionem
3175 1401 3473 1488 proxime
3511 1423 3668 1466 ven·

819 1519 985 1585 tura,
1031 1501 1133 1567 vel
1176 1502 1260 1566 ad
1300 1504 1513 1566 minus
1559 1501 1750 1567 debet
1789 1527 1830 1567 a
1868 1504 1935 1568 fa
1953 1500 2015 1591 [9
2038 1501 2091 1591 ⁸]
2111 1503 2346 1569 cultate
2392 1504 2682 1590 spacium
2725 1511 2788 1567 et
2828 1500 3169 1566 licenciam
3192 1502 3509 1588 temporis
3532 1500 3669 1565 lon-

816 1604 1015 1691 gioris
1061 1602 1387 1688 optinere3
1435 1600 1597 1666 alias
1641 1601 1869 1689 perdet
1916 1626 2103 1668 suum
2164 1602 2395 1669 locum.
2478 1604 2640 1668 Item
2694 1604 2762 1667 in
2816 1600 3137 1689 principio
3200 1600 3430 1683 studii,
3497 1599 3670 1686 quod

820 1714 917 1768 est
958 1701 1313 1788 Lamperti‚
1359 1702 1710 1788 incipiente
1747 1726 1872 1768 uno
1917 1704 2377 1789 magistrorum
2423 1701 2658 1789 legere,
2704 1724 2867 1766 unus
2914 1700 3406 1782 sentenciariuS,
3452 1700 3509 1764 si
3555 1698 3667 1763 ali-

742 1814 802 1868 10
824 1804 967 1888 quis
1011 1802 1222 1881 fuerit,
1263 1800 1463 1865 faciat
1503 1824 1689 1866 suum
1731 1802 2164 1889 principium3
2241 1810 2304 1866 et
2362 1803 2429 1865 in
2487 1800 2710 1866 eadem
2770 1801 3134 1888 septimana
3188 1799 3390 1863 faciat
3432 1801 3667 1885 princi·

818 1903 996 1991 pium
1042 1923 1248 1965 novus
1291 1923 1535 1983 cursor,
1579 1903 1634 1965 si
1679 1900 1914 1990 aliquis
1957 1902 2167 1967 fuerit.
2251 1901 2339 1966 Et
2384 1901 2548 1965 alter
2589 1901 3054 1965 sentenciarius
3099 1898 3397 1962 similiter
3440 1898 3557 1961 fiat
3598 1900 3664 1961 in

823 1999 1107 2065 secunda
1151 2011 1214 2064 et
1257 2002 1461 2064 tercia
1507 2001 1888 2089 septimana,
1933 2002 1988 2064 si
2034 2001 2257 2088 plures
2301 2022 2599 2065 cursores
2646 1998 2750 2063 vel
2792 1998 3201 2064 sentenciarii
3244 1998 3520 2079 fuerint,
3574 1999 3665 2061 ita

818 2111 1033 2166 tamen
1078 2099 1252 2187 quod
1293 2100 1361 2162 in
1402 2098 1627 2164 eadem
1675 2101 2039 2187 septimana
2079 2123 2205 2166 non
2248 2101 2406 2165 fiant
2447 2099 2631 2188 plura
2681 2121 2871 2185 quam
2917 2097 3045 2163 duo
3091 2097 3433 2183 principia.

1265 2305 1356 2364 11.
1408 2316 1501 2363 DE
1554 2316 1757 2364 Locls
1795 2317 1886 2363 ΕΤ
1933 2317 2195 2364 ORDINE
2239 2316 2829 2365 BACCALAmoatm
2872 2316 3086 2362 m'rna
3130 2315 3226 2365 sn.

740 2462 799 2516 15
985 2448 1264 2513 Faciens
1306 2450 1698 2536 principium
1744 2452 1809 2514 in
1855 2450 2217 2516 sentencias
2261 2450 2615 2536 praecedat
2658 2448 2823 2515 alios
2866 2446 3274 2514 baccalarios
3290 2497 3308 2528 ,
3356 2448 3471 2532 qui
3511 2470 3660 2513 non·

818 2549 972 2614 dum
1012 2549 1304 2625 fecerunt
1347 2549 1737 2635 principium
1783 2551 1847 2613 in
1906 2548 2186 2613 easdem.
2272 2549 2433 2614 Item
2491 2549 2737 2614 faciens
2789 2546 3086 2613 ordinate
3140 2546 3540 2632 principium
3596 2549 3661 2610 in

817 2648 1090 2717 tercium
1133 2646 1446 2713 librorum
1492 2649 1962 2713 sentenciarum
2006 2650 2092 2712 sit
2134 2658 2198 2713 et
2238 2658 2571 2735 reputetur
2604 2644 3012 2712 baccalarius
3056 2648 3123 2710 in
3170 2645 3506 2732 theologia
3550 2668 3666 2733 pro

818 2748 1196 2833 magisterio
1241 2746 1608 2811 formatus.¹
1675 2747 1835 2812 Item
1879 2748 2126 2812 faciens
2168 2749 2560 2836 principium
2603 2748 2670 2810 in
2712 2748 2986 2811 tercium
3027 2743 3267 2809 librum
3309 2746 3666 2811 sentencia-

816 2871 958 2911 rum
1001 2844 1354 2934 praecedat
1397 2848 1916 2929 sentenciarium,
1961 2848 2071 2934 qui
2110 2847 2403 2913 nondum
2444 2847 2689 2933 incepit
2730 2846 3037 2926 tercium,
3099 2842 3251 2908 licet
3305 2845 3515 2909 eciam
3558 2843 3664 2909 ille

735 2956 803 3012 20
824 2945 1291 3010 sentenciarius
1334 2945 1515 3031 prius
1558 2945 1642 3011 ad
1702 2948 2063 3010 sentencias
2116 2946 2310 3010 fuerit
2362 2955 2846 3034 praesentatus,
2932 2954 3063 3008 tam
3125 2941 3239 3008 diu
3295 2941 3505 3008 donec
3562 2943 3666 3009 ille

820 3044 1285 3110 sentenciarius
1329 3044 1528 3108 faciat
1570 3045 1960 3132 principium
2002 3045 2069 3108 in
2115 3047 2350 3129 terci03
2398 3043 2461 3134 [9
2476 3043 2527 3132 ξ’]
2585 3067 2711 3131 quo
2765 3044 2937 3109 facto
2993 3044 3175 3130 prius
3215 3054 3664 3128 praesentatus

818 3143 1057 3209 habeat
1096 3141 1306 3209 locum
1352 3166 1534 3208 suum
1582 3142 1932 3208 secundum
1980 3147 2612 3230 praesentacionem‚
2676 3141 3026 3210 dummodo
3069 3143 3251 3230 prius
3292 3153 3664 3227 praesenta-

817 3257 922 3309 tus
968 3243 1376 3308 continuaret
1417 3243 1590 3307 facta
1639 3266 1775 3324 sua,
1821 3241 1922 3307 vel
1968 3242 2049 3308 de
2091 3243 2407 3310 dilacione
2446 3244 2687 3310 habeat
2716 3244 3053 3310 licenciam
3081 3242 3430 3308 facultatis.
3487 3243 3664 3325 Item,

816 3340 1168 3430 praedictis
1210 3339 1343 3406 non
1385 3340 1815 3424 obstantibus,
1862 3343 2237 3429 specialiter
2287 3343 2655 3410 ordinatum
2698 3353 2795 3408 est
2815 3392 2833 3426 ,
2891 3343 3063 3432 quod
3120 3342 3347 3408 doctor
3401 3342 3663 3408 alterius

732 3452 798 3507 25
821 3440 1170 3523 facultatis,
1212 3440 1297 3505 ad
1348 3463 1605 3506 cursum
1650 3441 1750 3506 vel
1795 3441 1881 3506 ad
1924 3444 2286 3508 sentencias
2331 3444 2674 3524 admissus,
2716 3441 2957 3508 habeat
2993 3441 3204 3508 locum
3249 3453 3400 3507 ante
3443 3465 3663 3508 omnes

817 3539 1225 3606 baccalarios
1270 3538 1432 3605 alios
1473 3540 1799 3606 facultatis
1843 3540 2282 3627 theologicae3
2366 3542 2481 3608 sed
2539 3544 2593 3607 si
2650 3543 2847 3606 fuerit
2892 3539 3127 3629 aliquis
3174 3542 3662 3623 sentencias-ius,

818 3642 1035 3706 senior
1075 3662 1182 3722 eo,
1259 3662 1399 3703 cum
1449 3662 1524 3706 eo
1575 3662 1999 3723 concurrens,
2085 3641 2235 3706 talis
2292 3641 2360 3706 in
2418 3642 2831 3731 promocione
2874 3640 2959 3706 ad
3009 3640 3412 3706 doctoratum
3458 3641 3665 3707 eidem

814 3748 1230 3827 proponatur.

1492 3910 1586 3971 12.
1625 3922 1719 3969 DE
1764 3921 2105 3971 PROMOTO
2149 3924 2222 3971 m
2263 3923 2424 3971 AmA
2466 3923 2993 3972 nmvsnsrrxrn.

733 4065 802 4120 30
990 4053 1170 4119 Alibi
1216 4063 1570 4142 promotus,
1628 4066 1972 4141 antequam
2019 4056 2395 4142 recipiatur,
2448 4056 2619 4121 iuret
2673 4065 2916 4121 statuta
2971 4079 3235 4122 servare
3288 4065 3354 4121 et
3412 4056 3663 4141 bursas,

817 4177 979 4240 quas
1020 4154 1128 4219 hic
1169 4177 1298 4220 non
1342 4154 1550 4236 solvit,
1594 4153 1809 4218 adhuc
1853 4153 2105 4219 solvere
2148 4166 2212 4219 et
2253 4154 2383 4219 alia
2425 4156 2659 4237 facere,
2705 4178 2870 4243 quae
2912 4166 3065 4221 sunt
3106 4179 3223 4243 per
3265 4160 3522 4222 noviter
3568 4181 3663 4223 re·

817 4252 1192 4342 cipiendum
1232 4253 1551 4337 facienda,
1597 4275 1676 4318 ac
1719 4255 1775 4317 si
1815 4254 2044 4319 fuisset
2107 4255 2176 4318 in
2231 4255 2656 4320 universitate
2712 4263 2939 4320 nostra
2992 4254 3077 4320 ad
3129 4255 3327 4321 talem
3380 4257 3662 4342 gradum

815 4363 1180 4442 promotus3
1225 4354 1376 4417 item
1426 4351 1677 4418 bedello
1725 4353 2116 4419 satisfacere.

1900 4525 1996 4587 13.
2040 4536 2135 4584 nn
2166 4535 2575 4586 anme1os1s.

732 4679 797 4735 35
997 4668 1324 4735 Statutum
1349 4679 1414 4733 et
1436 4667 1804 4734 ordinatum
1850 4678 1965 4753 est,
2010 4670 2182 4755 quod
2226 4668 2309 4738 de
2349 4669 2636 4757 quolibet
2678 4670 2923 4754 ordine,
2968 4672 3375 4737 universitati
3402 4680 3661 4737 nostrae

815 4771 1233 4856 incorporato
1275 4768 1382 4867 vel
1435 4768 1947 4856 incorporando,
2036 4768 2240 4834 solum
2297 4793 2464 4835 unus
2518 4768 2862 4856 religiosus
2917 4767 3086 4858 [10⁸]
3127 4771 3335 4857 possit
3378 4793 3522 4836 esse
3564 4794 3661 4837 re-

816 4891 976 4954 gens
1003 4871 1060 4953 '²3
1105 4878 1169 4934 et
1213 4868 1384 4955 quod
1429 4868 1603 4934 solus
1643 4867 1753 4933 ille
1798 4870 1882 4932 sit
1927 4866 2007 4932 de
2051 4867 2318 4934 consilio
2360 4870 2707 4953 facultatis,
2754 4871 2866 4958 qui
2907 4883 3061 4934 tunc
3089 4869 3414 4935 admissus
3459 4880 3524 4935 et
3563 4894 3659 4937 re·

819 4977 1045 5055 ceptus
1085 4967 1278 5033 fuerit
1320 4990 1438 5054 per
1482 4966 1786 5050 eandem3
1844 4975 1908 5032 et
1948 4966 2124 5054 quod
2160 4966 2269 5033 ille
2313 4969 2399 5033 sit
2436 4971 2650 5036 iunior
2694 4993 2778 5035 ex
2821 4968 3077 5052 ordine,
3137 4970 3193 5034 si
3245 4968 3554 5054 voluerit,
3596 4983 3660 5036 et

905 5204 922 5253 1
965 5200 1076 5253 Am
1109 5197 1305 5253 Raude
1343 5200 1694 5254 baccalariua
1716 5204 2006 5271 formatus
2039 5202 2175 5271 quis.

900 5288 931 5338 2
969 5283 1079 5336 Am
1113 5282 1306 5337 Rande
1331 5290 1560 5353 praeter
1593 5302 1756 5338 unum
1789 5284 2108 5355 reliqiom
2140 5304 2252 5341 non
2278 5294 2461 5356 potest
2492 5304 2604 5343 esse
2628 5292 2929 5359 professor
2961 5304 3162 5358 rcyem.
