4038 6358
810 601 932 667 614
1799 597 1902 653 Dio
1940 595 2311 654 medicininche
2346 594 2600 648 Facultat.

791 782 1108 863 talentum
1160 805 1380 849 unum¹
1416 780 1499 847 de
1556 779 1874 862 confecto,
1929 780 1986 844 si
2043 777 2290 866 plures,
2351 776 2624 866 quilibet
2676 800 2872 847 unum
2927 777 3243 845 talentum
3298 800 3421 864 pro
3481 776 3648 842 dono

795 882 1027 951 offerre
1070 882 1407 949 tenebitur.
1488 880 1580 946 Et
1616 880 1786 946 ultra
1826 879 1950 945 hoc
1991 877 2233 945 habeat
2269 877 2667 945 voluntatem
2710 879 3061 959 secretarii,
3105 899 3229 964 pro
3270 875 3647 943 huiusmodi

791 980 994 1048 literis
1048 980 1685 1049 vicecancellariatus
1747 979 2010 1066 scriptis
2072 976 2283 1043 eidem
2344 976 2835 1061 satisfaciend03
2907 988 3006 1045 est
3068 985 3285 1044 autem
3356 977 3645 1064 pecunia

794 1082 984 1147 unius
1021 1080 1253 1147 floreni
1294 1082 1363 1145 in
1405 1101 1563 1145 auro
1603 1101 1752 1143 cum
1792 1086 2071 1167 quatuor
2112 1076 2379 1163 grossis.

712 1188 746 1245 5
963 1187 1019 1249 6.
1065 1177 1187 1267 [BL
1229 1177 1331 1268 5⁸]
1374 1179 1718 1245 Admissus
1757 1177 1845 1243 ad
1887 1197 2164 1242 examen
2221 1197 2339 1262 per
2382 1174 2677 1243 doctores
2729 1175 3164 1245 licentiandus
3209 1185 3273 1242 et
3314 1177 3647 1243 examina-

798 1286 924 1362 tus,
983 1288 1326 1365 antequam
1384 1278 1509 1345 sibi
1567 1299 1684 1366 per
1725 1276 2021 1343 doctores
2079 1275 2330 1340 dicatur
2378 1296 2762 1363 responsum
2814 1297 2934 1363 per
2977 1275 3277 1343 doctores
3319 1277 3652 1345 examina·

799 1386 973 1444 tores
1015 1377 1097 1444 de
1138 1378 1277 1444 eius
1321 1376 1733 1458 admissione,
1791 1374 1997 1441 solvet
2056 1397 2176 1462 pro
2234 1372 2458 1441 labore
2519 1384 2583 1439 et
2643 1373 2870 1441 solatio
2913 1374 3253 1442 doctorum
3311 1375 3651 1443 duodecim

798 1477 1099 1561 florenos,
1155 1480 1267 1563 qui
1325 1475 1678 1563 aequaliter
1720 1476 1792 1539 in
1833 1496 1942 1541 eos
1997 1472 2484 1542 distribuantur.
2568 1473 2924 1543 Tenebitur
2962 1475 3161 1543 etiam
3202 1474 3497 1542 dominos
3541 1475 3651 1541 do-

803 1562 1013 1643 ctores
1067 1584 1132 1642 et
1185 1575 1645 1643 baccalaureos
1700 1595 1854 1643 suae
1909 1572 2235 1639 facultatis
2291 1574 2360 1637 in
2417 1573 2693 1660 prandio
2744 1573 3098 1641 honorifice
3154 1596 3280 1661 quo
3324 1574 3413 1639 ad
3458 1596 3651 1662 pocu-

721 1683 786 1741 10
805 1673 981 1740 lenta
1018 1685 1084 1740 et
1124 1675 1452 1741 esculenta
1492 1674 1774 1740 reficere.
3424 1760 3433 1765 -

983 1781 1041 1840 7.
1081 1772 1547 1841 Licentiandus
1588 1769 2122 1839 vicecancellario
2166 1793 2302 1854 su0,
2357 1780 2702 1858 antequam
2745 1775 3047 1860 apperiat
3097 1796 3392 1857 examen,
3437 1796 3651 1839 nume·

805 1872 982 1939 rabit
1023 1874 1304 1962 quinque
1345 1872 1623 1939 florenos
1665 1879 1730 1937 et
1768 1869 2025 1937 famulis
2052 1871 2493 1938 universitatis
2532 1873 2603 1937 in
2640 1881 2967 1960 apparatu
3001 1872 3455 1939 licentiaturae
3494 1895 3651 1940 suae

807 1971 969 2038 duos
1004 1972 1282 2041 florenos
1317 1973 1386 2036 in
1427 1994 1607 2038 auro.

976 2079 1034 2141 8.
1077 2069 1331 2139 Iurabit
1370 2072 1526 2137 item
1573 2070 2005 2137 licentiandus
2048 2072 2116 2136 in
2168 2080 2490 2159 apparatu
2545 2093 2699 2136 suae
2751 2071 3197 2139 licentiaturae
3238 2072 3461 2139 verbis
3505 2095 3651 2138 con-

725 2179 788 2237 15
811 2171 1016 2259 ceptis
1063 2191 1147 2236 ex
1188 2192 1300 2236 ore
1341 2170 1530 2236 unius
1570 2169 1958 2237 famulorum
1995 2170 2440 2239 universitatis
2477 2169 2602 2237 hoc
2643 2169 2874 2239 modo:

1984 2337 2465 2388 IURAMEM'UM.

965 2452 1291 2537 „Domine
1328 2451 1739 2536 licentiande,
1778 2475 1897 2518 vos
1940 2452 2258 2536 iurabitis,
2302 2453 2476 2541 quod
2515 2453 2728 2519 velitis
2771 2475 3123 2541 procurare
3165 2453 3403 2521 bonum
3447 2455 3650 2522 facul-

805 2553 959 2618 tatis
1011 2551 1334 2635 medicae,
1387 2552 1473 2617 ad
1534 2573 1977 2641 quemcunque
2033 2562 2272 2619 statum
2328 2552 2750 2636 deveneritis3
2810 2554 2963 2618 item
3018 2553 3190 2639 quod
3245 2577 3376 2621 non
3435 2554 3648 2620 velitis

807 2674 1131 2718 resumere
1172 2650 1500 2717 licentiam
1541 2654 1609 2717 in
1650 2651 1781 2716 alia
1820 2652 2262 2735 universitate,
2317 2662 2382 2718 et
2434 2651 2607 2739 quod
2663 2650 2879 2717 velitis
2934 2655 3002 2718 in
3054 2655 3183 2719 ista
3232 2656 3652 2720 universitate

725 2760 796 2821 2⁰
814 2759 879 2817 et
917 2773 1049 2817 non
1089 2749 1248 2815 alibi
1286 2752 1577 2837 recipere
1617 2751 1904 2837 insignia
1944 2750 2320 2833 doctoralia,
2375 2773 2497 2817 nec
2553 2774 2748 2839 super
2786 2751 2888 2817 his
2929 2751 3014 2818 ab
3057 2752 3270 2841 aliquo
3316 2754 3654 2841 superiore

809 2860 1033 2938 petere
1074 2848 1624 2937 dispensationem
1668 2872 1783 2915 seu
1822 2872 1864 2915 a
1902 2851 2261 2917 iuramento
2305 2850 2792 2918 absolutionem.
2831 2850 3119 2919 Dicatis:
3174 2852 3321 2940 Ego
3363 2854 3574 2921 iuro.“

1893 3033 1988 3082 DE
2032 3031 2546 3084 DOGTORANDIS.

1702 3151 1917 3216 Caput
1948 3152 2065 3205 XV.
2115 3146 2261 3220 (Vgl.
2296 3155 2342 3204 a.
2380 3151 2453 3238 St.
2489 3152 2730 3221 30—34.)

971 3273 1027 3333 1.
1069 3265 1469 3332 Licentiatus
1523 3266 1907 3350 medicinae,
1971 3278 2198 3355 petens
2255 3268 2542 3353 insignia
2603 3268 2981 3353 doctoralia,
3040 3269 3235 3337 debet
3291 3270 3539 3338 decano
3595 3279 3659 3338 et

722 3375 793 3433 25
814 3365 1187 3434 doctoribus
1244 3364 1325 3430 de
1372 3364 1640 3431 consilio
1695 3366 2027 3433 facultatis
2083 3369 2479 3455 promittere,
2532 3367 2707 3457 quod
2760 3377 3053 3458 tempore
3108 3369 3466 3457 recipiendi
3508 3370 3658 3458 byr-

813 3476 1024 3532 retum
1065 3474 1130 3530 et
1171 3464 1305 3530 alia
1344 3465 1628 3550 insignia
1670 3464 2029 3532 doctoralia
2073 3464 2231 3532 velit
2285 3466 2724 3534 solemnitates
2781 3468 2969 3535 aulae
3019 3489 3142 3535 nec
3196 3492 3324 3535 non
3384 3468 3661 3536 aliorum

814 3574 1075 3631 actuum
1132 3564 1307 3629 circa
1362 3563 1644 3648 easdem,
1708 3566 1897 3632 sicuti
1954 3565 2281 3633 videbitur
2337 3566 2708 3633 doctoribus
2768 3566 2849 3633 de
2907 3567 3176 3636 consilio
3230 3568 3564 3636 facultatis
3601 3577 3665 3636 et

805 3686 938 3731 non
976 3661 1187 3745 aliter,
1230 3661 1561 3750 expedire.

976 3769 1032 3831 2.
1073 3761 1381 3828 Decanus
1439 3762 1768 3830 facultatis
1823 3766 1997 3830 omni
2038 3774 2333 3853 tempore
2392 3774 2491 3831 est
2542 3765 2928 3855 principalis
2971 3775 3305 3854 promotor
3349 3768 3659 3857 cuiusque

724 3873 794 3931 30
811 3860 1194 3931 doctorandi
1251 3862 1320 3926 in
1381 3861 1739 3945 medicina,
1805 3874 2285 3979 compromotor
2339 3885 2496 3930 vero
2558 3865 2791 3980 aliquis
2852 3865 3191 3936 doctorum
3247 3866 3329 3933 de
3390 3866 3657 3935 consilio

806 3961 1133 4030 facultatis
1174 3961 1363 4026 iuxta
1404 3961 1696 4027 ordinem
1737 3964 1930 4047 senii,
1989 3962 2359 4051 incipiendo
2400 3986 2441 4029 a
2482 3966 2694 4052 primo
2741 3968 2996 4032 seniore
3036 3977 3188 4054 post
3230 3965 3546 4033 decanum
3596 3977 3660 4032 et

810 4064 906 4128 sic
947 4061 1253 4149 deinceps
1296 4059 1384 4125 ad
1433 4062 1752 4127 iuniorem
1805 4061 2228 4142 deveniendo,
2285 4071 2513 4150 postea
2571 4062 2653 4130 de
2706 4087 2876 4132 novo
2918 4066 3208 4131 vicissim
3265 4065 3653 4154 incipiendo.

809 4162 1176 4228 Promotori
1218 4170 1433 4226 autem
1478 4161 1828 4249 principali
1870 4160 2211 4228 duodecim
2252 4161 2530 4230 florenos
2575 4173 2640 4229 et
2679 4167 3178 4252 compromotori
3220 4188 3339 4232 sex
3379 4166 3652 4231 florenos

814 4283 935 4350 pro
1008 4260 1233 4326 labore
1293 4259 1593 4326 habendo
1655 4271 1720 4326 et
1785 4261 2015 4328 solatio
2079 4283 2297 4327 eorum
2363 4262 2562 4329 biduo
2629 4273 2777 4330 ante
2839 4267 3307 4353 promotionem
3367 4265 3654 4332 novellus

735 4371 804 4428 35
826 4361 1054 4427 doctor
1098 4359 1349 4426 solvere
1393 4358 1612 4442 debet,
1671 4371 1735 4425 et
1777 4355 2125 4449 antequam
2166 4361 2290 4429 hoc
2328 4362 2558 4428 fecerit
2611 4373 2724 4429 aut
2762 4386 2987 4434 eorum
3024 4365 3429 4432 voluntatem
3471 4364 3658 4453 plene

808 4483 939 4528 non
981 4460 1358 4539 obtinuerit,
1416 4457 1502 4525 ad
1558 4459 1896 4526 consilium
1935 4461 2263 4528 facultatis
2305 4461 2597 4528 medicae
2653 4463 2739 4528 ad
2796 4487 2979 4530 suam
3022 4466 3491 4551 promotionem
3530 4487 3656 4531 non

812 4560 1209 4626 admittatur.
1291 4559 1366 4625 Si
1404 4582 1559 4626 vero
1604 4559 1821 4646 plures
1865 4559 2246 4627 doctorandi
2287 4561 2527 4628 fuerint
2568 4562 2791 4632 eodem
2834 4573 3142 4653 tempore,
3186 4564 3470 4632 decanus
3510 4586 3655 4651 pro·

810 4669 1021 4728 motor
1062 4660 1187 4725 erit
1229 4657 1613 4747 principalis
1658 4683 1782 4746 quo
1830 4659 1916 4725 ad
1961 4660 2270 4747 singulos,
2326 4670 2391 4727 et
2443 4685 2485 4726 a
2536 4662 2821 4748 quolibet
2860 4665 3151 4751 ipsorum
3195 4663 3462 4730 habebit
3506 4664 3655 4729 duo-

809 4760 1020 4827 decim
1060 4758 1361 4843 florenos,
1404 4769 1877 4847 compromotor
1917 4770 2152 4843 autem,
2195 4761 2307 4849 qui
2347 4762 2574 4828 unicus
2617 4783 2759 4828 esse
2794 4762 3005 4847 debet,
3048 4763 3321 4851 recipiet
3362 4762 3654 4830 similiter

724 4871 793 4927 40
813 4860 896 4926 ab
954 4881 1339 4948 unoquoque
1395 4881 1514 4923 sex
1570 4858 1868 4941 florenos,
1934 4882 2054 4946 pro
2111 4881 2182 4925 se
2242 4862 2526 4926 retinens
2585 4870 2835 4928 tantum
2903 4886 3038 4946 sex,
3099 4861 3383 4951 reliquos
3443 4872 3652 4928 autem

809 4961 978 5027 inter
1046 4958 1340 5024 doctores
1407 4957 1570 5024 alios
1636 4968 1976 5046 sequentes
2035 4960 2104 5023 in
2148 4957 2501 5026 -medicinis
2567 4961 3208 5048 proportionabiliter
3270 4961 3652 5028 distribuere

810 5058 1152 5139 tenebitur,
1210 5056 1333 5122 hoc
1370 5056 1562 5122 modo
1606 5069 1680 5123 ut
1720 5059 1990 5147 quisque
2033 5082 2150 5123 sex
2193 5057 2480 5126 obtineat
2521 5059 2831 5144 florenos3
2887 5072 2952 5126 et
2992 5060 3309 5145 doctores,
3362 5071 3650 5128 carentes

810 5158 936 5223 hac
962 5159 1104 5223 vice
1146 5155 1572 5224 emolumento
1618 5157 2182 5240 doctorandorum,
2227 5156 2354 5223 alio
2396 5167 2706 5248 tempore,
2749 5160 2871 5226 deo
2914 5161 3191 5246 favente,
3236 5159 3650 5228 consimiliter

811 5257 1220 5345 participent.
1305 5256 1398 5321 Et
1438 5258 1534 5323 sic
1577 5256 1753 5345 quod
1796 5257 2088 5326 differtur
2129 5280 2261 5324 non
2303 5260 2559 5326 omnino
2604 5261 2937 5328 auffertur.
