4038 6358
816 514 938 576 342
1796 509 1895 558 Die
1934 507 2371 572 philosophische
2403 509 2660 561 Facultit.

1792 728 1894 792 83.
1936 742 2033 789 DE
2075 728 2662 793 Exscu‘rossmus.¹

980 859 1144 924 Item
1196 857 1389 945 quod,
1443 857 1618 922 facta
1661 857 1982 924 eleccione
2036 858 2285 941 decani,
2330 859 2718 948 deputentur
2774 859 2903 925 duo
2946 860 3233 925 seniores
3278 857 3362 923 de
3399 858 3664 926 consilio

816 959 1163 1041 facultatis,
1219 959 1330 1042 qui
1369 980 1499 1022 una
1540 979 1685 1024 cum
1726 957 1971 1023 decano
2016 958 2359 1025 sollicitam
2413 959 2767 1025 adhibeant
2819 958 3268 1046 diligenciam,⁴
3312 966 3385 1023 ut
3434 957 3660 1026 leccio-

814 1082 930 1124 nes
974 1068 1040 1124 et
1082 1058 1405 1124 exercicia
1464 1056 1679 1122 debite
1720 1057 1881 1122 fiant
1920 1080 2042 1123 nec
2093 1082 2223 1124 non
2281 1059 2412 1125 alia
2468 1070 2709 1125 statuta
2762 1059 3087 1126 facultatis
3133 1067 3470 1125 serventur
3511 1080 3660 1125 cum

732 1171 765 1224 5
817 1159 1060 1225 effectu,

940 1316 1035 1378 84.
1092 1326 1185 1373 DE
1230 1324 1560 1373 s‘rA'm‘rxs
1603 1323 2031 1373 FAan‘rA‘ms
2075 1327 2210 1373 PER
2251 1285 2585 1376 neemia
2622 1327 3081 1376 PUBLICANms
3123 1326 3251 1374 sus
3295 1325 3538 1374 roam.

984 1445 1168 1525 Item,
1215 1442 1366 1529 quia
1410 1463 1644 1527 parum
1695 1451 1796 1506 est
1836 1449 2080 1508 statuta
2119 1442 2224 1507 vel
2262 1443 2408 1507 iura
2449 1442 2743 1525 condere,
2796 1444 2924 1508 nisi
2967 1441 3344 1506 execucioni
3381 1438 3660 1506 debitae²

825 1542 1324 1623 demandentur,
1380 1540 1627 1605 idcirco
1642 1589 1660 1622 ,
1729 1563 1812 1605 ne
1870 1541 2014 1628 quis
2071 1543 2142 1606 in
2197 1551 2389 1607 antea
2446 1565 2565 1629 per
2617 1543 3065 1628 ignoranciam
3118 1549 3500 1606 statutorum
3549 1539 3656 1604 ali·

831 1668 956 1733 quo
998 1642 1189 1708 modo
1246 1663 1315 1705 se
1363 1639 1582 1706 valeat
1636 1662 1971 1722 excusare,
2029 1639 2309 1705 decanus
2365 1665 2485 1729 pro
2535 1651 2828 1730 tempore
2869 1643 3154 1716 existens
3209 1639 3314 1706 bis
3370 1641 3439 1706 in
3479 1638 3657 1706 deca-

750 1754 814 1810 10
832 1755 987 1809 natu
1034 1765 1149 1807 suo
1208 1749 1449 1806 statuta
1501 1739 1828 1804 facultatis
1883 1742 2149 1824 arcium,
2205 1740 2492 1806 eiusdem
2534 1741 2857 1808 facultatis
2901 1742 3240 1828 supposita
3283 1763 3657 1806 concernen-

821 1846 955 1927 cia,
1029 1841 1147 1907 sub
1206 1863 1415 1928 poena
1468 1839 1663 1910 trium
1720 1839 2140 1923 florenorum,
2195 1841 2487 1906 facultati
2543 1843 2788 1907 arcium
2840 1839 3374 1906 irremissibiliter
3426 1840 3654 1928 persol-

817 1942 1170 2008 vendorum
1185 1989 1202 2022 ,
1275 1948 1527 2004 tenetur
1589 1938 1928 2026 publicare
1992 1949 2056 2004 et
2120 1938 2539 2006 excedentem
2601 1941 2706 2006 vel
2771 1940 3159 2006 excedentes
3222 1953 3451 2006 contra
3518 1940 3654 2027 ipsa

819 2051 1093 2122 statuta,
1155 2039 1235 2104 de
1299 2061 1425 2127 quo
1483 2036 1587 2102 vel
1651 2036 1731 2102 de
1793 2036 2025 2125 quibus
2084 2040 2210 2104 sibi
2272 2049 2554 2124 constat,
2619 2040 2738 2106 sub
2801 2041 3161 2105 iuramento
3232 2062 3349 2104 suo
3408 2038 3653 2104 realiter

819 2139 1170 2206 secundum
1224 2149 1513 2204 tenorem
1574 2146 1956 2204 statutorum
2010 2139 2271 2225 punire,
2326 2140 2397 2203 in
2453 2161 2577 2226 quo
2640 2141 2845 2205 eciam
2903 2138 3178 2205 facultas
3239 2138 3488 2203 arcium
3539 2137 3654 2203 sibi

738 2251 799 2306 15
820 2240 1125 2306 assistere
1164 2247 1415 2306 tenetur
1458 2260 1605 2302 eum
1647 2238 1892 2302 effectu.

982 2579 1064 2638 So
1102 2537 1243 2638 weit*
1279 2578 1386 2636 hat
1438 2576 1685 2634 dieselbe
1725 2576 1920 2634 Hand
1956 2577 2365 2653 yeschrieben;
2417 2580 2530 2637 das
2572 2578 2891 2655 Folyende,
2931 2581 3142 2655 spater-
3182 2576 3405 2636 wieder
3459 2593 3646 2651 ausge-

822 2679 1099 2750 strichm,
1142 2678 1221 2735 ist
1261 2697 1376 2735 von
1416 2677 1695 2734 ander-er.

1844 2846 1945 2910 85·
2004 2860 2168 2908 Vom
2196 2839 2407 2909 'Jahn-e
2450 2859 2621 2910 1437.

982 2990 1143 3055 Item
1200 2987 1471 3073 quilibet
1524 2990 2017 3074 magistrorum,
2073 2990 2294 3076 legens
2345 2989 2452 3058 vel
2511 2989 2851 3077 disputans
2910 2989 3190 3074 aliquem
3246 2986 3484 3078 librum
3539 3009 3643 3074 pro

735 3089 1030 3177 20gradu
1070 3086 1545 3152 baccalariatus
1590 3089 1693 3154 vel
1750 3091 2109 3175 magisterii
2159 3091 2227 3155 in
2273 3089 2541 3172 artibus,
2596 3100 2745 3176 post
2796 3089 2987 3154 finem
3042 3087 3289 3153 laboris
3343 3089 3442 3153 sui
3491 3087 3646 3151 infra

819 3188 1209 3277 quindenam
1253 3187 1338 3252 ad
1389 3189 1743 3255 maximum
1788 3191 1905 3256 sub
1950 3212 2163 3278 poena
2222 3191 2556 3254 carenciae
2606 3200 2833 3276 pastus
2892 3212 3132 3253 annum
3189 3189 3645 3254 incarnacionis

818 3289 1061 3355 domini
1103 3297 1165 3352 et
1216 3286 1406 3369 diem,
1461 3289 1529 3352 in
1573 3310 1697 3373 quo
1740 3291 1983 3377 incepit
2031 3298 2096 3353 et
2147 3288 2373 3371 finivit,
2430 3299 2495 3353 et
2542 3291 2804 3354 nomina
2857 3288 3133 3369 illorum,
3194 3288 3308 3372 qui
3364 3287 3488 3355 sibi
3540 3286 3643 3351 sub

816 3399 1109 3475 tempore
1166 3386 1410 3452 laboris
1460 3410 1577 3473 per
1628 3390 1998 3474 pecuniam,
2065 3390 2302 3476 pignus
2365 3388 2690 3453 sufficiens
2743 3388 2848 3454 vel
2911 3389 3276 3453 cautionem
3329 3386 3644 3452 fideiusso-

817 3491 983 3555 riam
1034 3489 1218 3553 iuxta
1277 3496 1565 3550 tenorem
1623 3490 1844 3553 statuti
1898 3488 2348 3553 satisfecerunt
2385 3486 2488 3551 vel
2546 3510 2688 3551 eum
2741 3487 2821 3552 de
2882 3510 2999 3552 sua
3053 3496 3439 3573 paupertate
3491 3485 3642 3551 suffi-

734 3600 799 3656 25
820 3591 1062 3654 cienter
1104 3586 1632 3669 informaverunt,
1671 3586 1945 3652 fideliter
1991 3589 2129 3651 sine
2170 3585 2319 3651 dolo
2364 3596 2429 3650 et
2459 3586 2688 3653 fraude
2730 3586 2817 3652 ad
2857 3586 3096 3651 librum
3138 3587 3499 3673 papireum,
3539 3608 3641 3673 per

816 3687 1192 3755 facultatem
1237 3686 1482 3749 arcium
1529 3684 1613 3749 ad
1658 3685 1781 3751 hoc
1824 3676 2194 3773 specialiter
2227 3685 2669 3772 deputatum-⁹2,
2721 3710 2917 3751 manu
2969 3686 3239 3773 propria
3279 3685 3641 3751 conscribat

820 3787 952 3867 Qui
996 3787 1090 3876 sic
1131 3785 1433 3870 inscripti
1476 3783 1560 3848 ad
1605 3806 1880 3849 examen
1920 3785 2024 3851 vel
2068 3794 2464 3871 temptamen
2509 3785 2949 3872 admittantur,
2991 3786 3105 3851 alii
3145 3808 3301 3851 vero
3344 3808 3493 3866 non,
3533 3784 3641 3848 nisi

818 3885 1015 3950 talem
1053 3882 1405 3947 leccionem
1448 3882 1551 3947 vel
1608 3885 1997 3948 exercicium
2041 3885 2270 3949 iterato
2316 3884 2605 3966 audiant,
2661 3893 2796 3949 tam
2834 3887 3045 3973 primo
3099 3883 3343 3972 legenti
3385 3884 3488 3949 vel
3521 3883 3639 3948 dis-

819 3983 1068 4073 putanti
1129 4004 1322 4069 quam
1381 3984 1586 4047 eciam
1643 3982 1924 4049 secundo
1972 4006 2094 4070 pro
2150 3986 2282 4048 suis
2339 3982 2673 4049 laboribus
2728 3986 3142 4066 satisfacturi,
3196 3986 3325 4050 nisi
3377 4007 3519 4050 cum
3559 3984 3634 4048 eis

970 4253 995 4303 1
1038 4247 1206 4302 Diese
1240 4246 1621 4304 Ueberschrist
1654 4245 1728 4301 ist
1763 4250 1946 4317 spalter
1979 4246 2394 4319 nachgetragen
2428 4247 2540 4305 und
2576 4264 2721 4302 zwar
2760 4246 2864 4301 mit
2896 4247 3203 4304 schwarzer
3236 4248 3421 4304 Tinte.

971 4338 1001 4388 2
1039 4330 1413 4388 Geschrieben
1447 4333 1623 4386 debite
1632 4352 1656 4400 ,·
1693 4331 1970 4387 vielleicht
2008 4332 2082 4385 ist
2115 4350 2172 4385 es
2207 4333 2309 4386 das
2339 4331 2580 4387 Adverb.

970 4421 999 4470 3
1041 4416 1238 4470 Dieser
1275 4417 1414 4470 liber
1446 4417 1711 4486 papir-eus
1752 4414 1850 4469 hat
1888 4414 2006 4470 sich
2042 4414 2307 4471 erbalten.
2377 4415 2457 4469 Er
2497 4415 2732 4484 beginnt
2777 4415 2881 4471 mit
2922 4416 3049 4472 dem
3095 4420 3141 4471 2.
3176 4416 3293 4471 Mai
3333 4421 3476 4472 1432
3528 4413 3632 4486 Vgt

818 4500 1090 4557 Urkundl.
1129 4499 1361 4565 Quellen
1400 4500 1452 4555 S.
1492 4505 1604 4556 853.
1679 4500 1833 4554 Kurz
1867 4500 2066 4555 vorher
2099 4500 2235 4554 wird
2268 4516 2433 4554 unser
2460 4498 2755 4554 Beschluss
2793 4498 3005 4572 gefasst
3037 4500 3258 4556 worden
3293 4501 3431 4557 sein.
3494 4498 3633 4555 Auch

817 4585 1057 4640 erkenne
1102 4583 1194 4638 ich
1234 4585 1378 4654 jetzt
1411 4583 1656 4639 deutlich
1690 4584 1779 4638 die
1817 4584 1984 4638 Hand
2032 4584 2127 4639 des
2163 4584 2535 4639 Christoforus
2583 4583 2652 4638 de
2687 4584 2919 4654 Holmis,
2965 4585 3064 4640 der
3101 4590 3268 4641 1437·
3306 4586 3502 4640 Decan
3543 4602 3634 4638 war

816 4669 931 4723 und
965 4669 1062 4723 der
1095 4667 1282 4723 diesen
1304 4667 1601 4741 Beschluss
1635 4668 2003 4740 eigenhandig
2030 4668 2390 4740 eingetragen
2425 4668 2537 4722 hat.
2594 4667 2794 4738 Spater
2824 4666 2898 4722 ist
2930 4685 2990 4724 er
3013 4668 3214 4725 wieder
3245 4669 3634 4725 durchstrichen

814 4752 1049 4821 worden,
1089 4753 1203 4805 und
1237 4769 1308 4806 an
1346 4752 1454 4806 den
1487 4752 1649 4805 Rand
1685 4751 1760 4805 ist
1792 4752 2150 4822 geschrieben
2186 4761 2363 4807 vacat.
2401 4752 2564 4807 Auch
2599 4751 2691 4806 fiir
2710 4752 2802 4806 die
2823 4751 2958 4820 Zeit,
2992 4770 3153 4807 wann
3187 4754 3307 4810 dies
3337 4753 3634 4826 geschehen,

818 4834 987 4890 bietet
1014 4837 1173 4905 J‘enes
1206 4834 1365 4891 Buch
1404 4834 1680 4891 vielleicht
1711 4835 1869 4891 einen
1904 4836 2132 4907 Anhalt‚
2165 4839 2240 4895 da
2273 4854 2332 4892 es
2372 4835 2527 4891 nicht
2564 4838 2757 4909 langer
2785 4835 3126 4908 fortgeftihrt
3157 4838 3232 4893 ist
3276 4840 3359 4894 als
3404 4841 3491 4896 bis
3530 4857 3632 4895 zum

813 4918 853 4974 J
856 4918 989 4974 ahre
1025 4925 1169 4975 1440.
3463 4934 3470 4941 ·

972 5002 1079 5056 Mit
1116 5002 1424 5059 Sicherheit
1468 5003 1602 5076 geht
1648 5003 1872 5060 hieraus
1908 5005 2123 5075 berver,
2166 5006 2296 5061 dass
2340 5004 2429 5061 die
2466 5005 2903 5062 voranstehende
2936 5022 3078 5063 neue
3111 5005 3628 5066 Statutenredacu'on

818 5102 917 5140 vor
964 5085 1070 5142 den
1109 5087 1326 5158 Beginn
1372 5088 1469 5143 des
1517 5087 2049 5147 Sommersemesters
2101 5096 2224 5147 1437
2273 5088 2411 5145 fallt.
2485 5090 2653 5146 Auch
2700 5090 2915 5146 scheint
2960 5090 3050 5147 die
3095 5091 3280 5163 Hand,
3328 5095 3530 5151 welche
3565 5094 3628 5149 sie

815 5169 1233 5241 niederschrieb,
1266 5172 1355 5227 die
1390 5172 1485 5228 des
1520 5173 1804 5229 Hermann
1837 5174 1906 5229 de
1941 5174 2223 5246 Heltpurg
2257 5192 2329 5230 zu
2366 5173 2496 5246 sein,
2535 5175 2634 5230 der
2671 5180 2799 5232 1436
2815 5179 2842 5218 b
2877 5175 3076 5232 Decan
3110 5193 3235 5233 war.
