4038 6358
26 5977 42 6013 32·
25 5768 42 5961 :bx-”.-
26 5841 28 5846 ·
26 5823 30 5827 ’
26 5660 40 5776 mun—⁷-
26 5687 28 5706 -
25 4945 38 5653 ‘m—-ssm

785 650 900 716 118
1705 648 1815 699 Des
1849 647 2120 699 Iohannes
2152 648 2311 700 Fabri
2346 648 2413 699 ds
2448 648 2676 699 werden

779 839 1094 896 testamur
1135 838 1361 895 tenore
1403 832 1860 919 praesentium.
1941 830 2193 897 Datum
2234 852 2403 897 anno
2446 830 2689 896 domini
2734 834 2891 897 1490
2904 878 2923 913 ,
2977 827 3083 894 die
3123 850 3281 895 vero
3338 822 3713 903 Veneris,

779 930 1004 1018 quinta
1041 931 1282 996 mensis
1325 930 1744 1014 Novembris,
1789 929 2143 997 decanatus
2186 930 2309 997 sub
2348 930 2579 1018 sigillo.

921 1102 1021 1165 69.
1085 1113 1442 1164 nonni-10
1486 1114 1738 1165 nomm
1779 1114 2121 1167 unci-oms
2166 1114 2304 1165 rno
2346 1114 2673 1176 nmquns
2714 1114 3041 1165 iunonis
3086 1109 3533 1163 sumen

1953 1214 2453 1265 cnmnmls.

729 1344 762 1399 5
946 1330 1121 1413 Quia
1159 1331 1340 1395 natio
1381 1330 1786 1397 Bavarorum
1803 1380 1821 1415 ,
1883 1330 2191 1419 operibus
2234 1332 2497 1418 pietatis
2540 1338 2715 1396 mota
2760 1330 3078 1417 salutique
3116 1330 3539 1395 animarum
3608 1346 3711 1389 ex

781 1430 1008 1497 eadem
1057 1430 1316 1496 natione
1358 1428 1804 1496 defunctorum
1847 1430 2127 1497 fideliter
2168 1432 2417 1498 intents
2429 1480 2448 1513 ,
2498 1429 2827 1517 quondam
2878 1430 3229 1497 salubriter
3285 1424 3573 1495 statuit
3633 1432 3709 1488 et

782 1529 1138 1612 ordinavit,
1209 1529 1383 1617 quod
1447 1528 1717 1616 singulis
1773 1532 1962 1597 annis
2021 1553 2142 1620 pro
2196 1530 2566 1597 huiusmodi
2616 1528 2956 1614 animabus
3013 1527 3561 1595 anniversarius
3626 1523 3705 1586 in

782 1629 1002 1719 aliqua
1053 1629 1472 1696 ecclesiarum
1521 1629 1713 1695 huius
1768 1630 1996 1717 oppidi
2051 1654 2195 1698 cum
2257 1628 2495 1695 divinis
2552 1628 2814 1713 officiis,
2886 1629 3134 1715 vigiliis
3202 1624 3567 1693 videlicet
3630 1632 3703 1685 et

779 1730 1028 1813 missis,
1083 1729 1476 1796 sollemniter
1531 1730 1762 1817 peragi
1821 1728 2055 1797 debeat
2108 1740 2173 1795 et
2228 1727 2581 1813 celebrari,
2634 1727 2907 1817 ideoque
2964 1730 3261 1795 hortatur
3304 1725 3581 1793 omnia
3630 1730 3707 1785 et

705 1840 766 1895 10
785 1827 1060 1915 singula,
1099 1840 1232 1895 tam
1271 1828 1595 1917 graduata
1637 1852 1830 1917 quam
1869 1852 1999 1897 non
2040 1830 2384 1917 graduata,
2428 1830 2710 1895 nationis
2740 1826 3026 1895 eiusdem
3056 1826 3439 1916 supposita,
3502 1844 3697 1911 qua-

783 1940 969 1995 tenus
1024 1927 1216 1995 hodie
1266 1928 1429 1995 hora
1479 1953 1555 1995 .n.
1609 1930 1676 1994 in
1734 1929 2013 1996 ecelesia
2056 1930 2263 1997 sancti
2308 1928 2403 1993 .N.
2446 1929 2869 2011 conveniant,
2937 1926 3181 2015 vig-iliis
3224 1925 3503 1992 ibidem
3566 1920 3695 1987 de·

787 2028 1158 2113 cantandis,
1201 2040 1267 2096 et
1305 2052 1450 2095 cras
1492 2028 1674 2096 finito
1720 2052 2017 2097 sermone
2057 2028 2235 2119 apud
2278 2038 2569 2096 sanctum
2612 2028 2707 2093 N.
2750 2030 2965 2094 missis
3011 2026 3173 2094 inibi
3212 2020 3689 2091 celebrandis

788 2152 928 2195 sese
981 2128 1411 2217 personaliter
1465 2128 1790 2196 offerendo
1843 2137 2288 2218 praesentent,
2346 2126 2774 2193 consimilium
2826 2150 3096 2215 operum
3136 2128 3411 2215 pietatis
3468 2122 3693 2189 exhi-

783 2228 1094 2295 bitionem
1145 2237 1295 2317 post
1342 2228 1783 2297 humationem
1835 2251 2059 2295 eorum
2100 2227 2477 2317 gaudiosius
2522 2236 2960 2315 expectatura.
3048 2226 3299 2293 Datum
3342 2232 3685 2292 rectora-

709 2338 890 2397 15tus
934 2327 1053 2395 sub
1099 2326 1314 2415 sigillo
1360 2336 1477 2394 etc.

879 2502 975 2565 70.
1033 2512 1424 2563 munuum
1462 2512 1721 2562 mecm
1767 2510 1905 2561 PRO
1951 2510 2495 2563 &nummo
2540 2510 3023 2561 Tauronem
3066 2510 3203 2561 PRO
3246 2508 3569 2559 morlo-

1805 2612 2012 2662 mnus
2055 2612 2147 2660 ET
2188 2610 2601 2661 Ennomus,

955 2725 1077 2817 [131.
1116 2732 1194 2797 30
1207 2724 1260 2817 b]
1325 2727 1600 2795 Mandat
1655 2727 1939 2794 decanus
1979 2726 2309 2793 facultatis
2351 2730 2589 2793 artium
2632 2725 2930 2793 omnibus
2970 2734 3034 2790 et
3076 2724 3347 2813 singulis
3388 2744 3673 2812 suppo-

793 2830 954 2912 sitis,
996 2828 1336 2895 lectionem
1379 2852 1494 2894 seu
1537 2828 1847 2894 lectiones
1893 2824 2017 2893 hac
2054 2828 2409 2893 mutatione
2429 2826 2863 2909 audientibus,
2906 2834 3223 2913 quatenus
3252 2822 3451 2891 hodie
3480 2824 3671 2889 hora

707 2939 776 2996 20
794 2952 873 2994 .n.
917 2938 1066 2993 ante
1109 2927 1362 2994 stubam
1399 2926 1726 2994 facultatis
1775 2926 2035 3014 collegii
2076 2927 2341 2993 maioris
2381 2928 2768 2992 conveniant
2793 2924 2877 2992 ad
2906 2924 3437 2992 satisfaciendum
3474 2922 3667 3011 ipsis

793 3025 1201 3095 taxatoribus
1253 3050 1374 3115 pro
1422 3026 1788 3095 huiusmodi
1836 3026 2113 3093 lectione
2161 3026 2267 3091 vel
2326 3024 2711 3093 lectionibus
2768 3035 2834 3090 et
2892 3047 3032 3090 sese
3077 3023 3164 3089 ad
3210 3022 3495 3089 eandem
3542 3018 3664 3086 vel

792 3127 1052 3195 easdem
1095 3126 1369 3194 inscribi
1413 3150 1527 3194 seu
1567 3126 1883 3194 intitulari
1923 3124 2295 3193 videndum.
2382 3124 2520 3193 Sub
2572 3148 2781 3214 poena
2832 3148 2961 3192 non
3014 3124 3533 3213 computationis
3578 3120 3660 3188 il-

790 3230 916 3296 lius
958 3227 1252 3294 lectionis
1295 3237 1408 3294 aut
1443 3227 1698 3294 illarum
1740 3226 2085 3294 lectionum
2124 3228 2253 3292 ista
2292 3227 2459 3292 vice.
2546 3225 2795 3292 Datum
2835 3225 3190 3292 decanatus
3234 3223 3355 3290 sub
3394 3221 3658 3311 sigillo,

793 3351 962 3396 anno
1005 3336 1123 3392 etc.

709 3503 776 3562 25
932 3500 1028 3563 71.
1093 3511 1484 3562 mmmm
1537 3511 1634 3562 nn
1689 3511 1836 3560 non
1875 3509 2346 3560 RFFUNDENDA
2388 3511 2602 3560 mum
2642 3509 2782 3559 An‘r
2824 3507 3295 3560 Paoncmxs
3334 3509 3507 3558 rm,-

1573 3611 1871 3661 vnmnns
1913 3612 2009 3660 nn
2057 3609 2369 3660 Domus
2411 3609 2857 3660 PmnAeoen.

961 3725 1127 3793 cum
1167 3727 1518 3810 universis,
1559 3736 1696 3792 tum
1735 3725 2151 3814 magnatibus
2190 3735 2331 3792 tum
2372 3725 2726 3809 nobilibus,
2784 3725 3031 3813 plebeis
3078 3735 3183 3792 ast
3222 3725 3421 3790 etiam
3463 3747 3646 3792 com-

757 3841 762 3846 ’
795 3823 1095 3890 munibus
1137 3825 1330 3892 huius
1372 3827 1597 3915 oppidi
1636 3825 1917 3910 civibus,
1975 3828 2077 3892 ius
2134 3835 2201 3892 et
2254 3827 2531 3892 servitus
2579 3825 2783 3891 libere
2837 3824 3034 3892 eundi
3076 3847 3197 3913 per
3236 3825 3653 3912 paedagogii

795 3926 1040 3990 curiam
1081 3947 1460 3992 concessum
1497 3927 1638 3994 fore
1680 3925 2054 3993 dinoscatur
2074 3975 2093 4010 ,
2144 3926 2323 3992 eirca
2358 3947 2555 4014 quam
2593 3924 2893 3992 decentia
2930 3926 3179 4012 pariter
3222 3935 3289 3990 et
3328 3925 3645 3992 honestas

711 4027 910 4107 30(ne
960 4024 1156 4090 alicui
1205 4028 1796 4110 pertranseuntium
1851 4026 2113 4110 horror,
2172 4023 2590 4113 displicentia
2648 4023 2753 4089 vel
2794 4045 3041 4092 nausea
3076 4025 3425 4093 incutiatur
3444 4074 3465 4108 ,
3522 4045 3647 4090 seu

798 4127 994 4191 etiam
1027 4123 1332 4189 damnum
1373 4125 1714 4210 inferatur)
1757 4127 1985 4192 merito
2028 4124 2445 4191 observanda
2466 4135 2793 4190 censetur:
2830 4123 3106 4212 ideoque
3128 4123 3401 4190 mandat
3428 4124 3639 4190 omni-

798 4225 920 4292 bus
973 4234 1038 4290 et
1097 4223 1368 4310 singulis
1424 4226 1780 4314 suppositis
1835 4225 2314 4312 paedagogium
2366 4222 2860 4290 immorantibus
2916 4225 3059 4289 sive
3096 4223 3639 4312 qualitercunque

791 4324 1036 4392 ibidem
1088 4321 1546 4407 existentibus,
1602 4333 1920 4412 quatenus
1967 4324 2215 4391 nullum
2274 4326 2567 4413 ipsorum
2606 4322 2915 4410 deinceps
2958 4345 3043 4388 ex
3084 4344 3475 4412 quacunque
3518 4346 3639 4412 pa-

793 4426 956 4492 riete
1020 4422 1249 4489 domus
1307 4423 1411 4488 vel
1472 4424 1816 4488 anterioris
1885 4423 1990 4488 vel
2049 4425 2462 4512 posterioris,
2538 4421 2771 4488 diurno
2846 4444 3007 4509 prae
3020 4417 3119 4510 [31
3138 4420 3192 4511 ⁸]
3206 4425 3397 4510 cipue
3474 4433 3641 4489 tem-

712 4535 780 4592 35
798 4545 986 4612 pore,
1035 4523 1294 4588 urinam
1345 4521 1452 4588 vel
1505 4545 1740 4608 aquam
1793 4531 1907 4590 aut
1949 4545 2393 4612 quameunque
2436 4523 2630 4588 aliam
2673 4522 3155 4588 immundiciem
3196 4521 3489 4588 effundat
3530 4521 3639 4588 vel

797 4624 1045 4705 eiiciat,
1097 4645 1308 4710 neque
1348 4620 1434 4688 ad
1473 4620 1774 4686 cannalia
1811 4619 2039 4687 domus
2080 4644 2290 4688 novae
2328 4644 2709 4710 quocunque
2752 4631 3047 4710 tempore
3088 4621 3321 4688 eadem
3360 4622 3637 4689 fundere

798 4722 904 4789 vel
959 4723 1280 4810 proiicere
1332 4730 1733 4808 praesumat,
1785 4743 1994 4810 neque
2052 4723 2247 4786 etiam
2304 4721 2423 4789 sub
2471 4723 2705 4787 ianuae
2752 4723 3129 4810 posterioris
3168 4721 3381 4808 gradu
3420 4723 3635 4789 locum

793 4819 1114 4888 urinando
1161 4817 1268 4886 vel
1315 4818 1800 4886 stercorizando
1855 4819 2185 4905 defoedet,
2256 4821 2376 4888 sub
2441 4843 2655 4909 poena
2710 4845 2792 4888 .x.
2842 4843 2939 4908 gr.
2993 4823 3272 4905 tociens,
3336 4823 3637 4910 quotiens

795 4922 939 5007 quis
980 4921 1372 4986 contrarium
1413 4919 1630 4986 facere
1671 4922 2201 5008 praesumpserit,
2242 4922 2653 4988 universitati
2694 4919 3225 4988 irremissibiliter
3259 4921 3635 5010 persolven-

714 5028 782 5085 40
798 5020 1050 5084 dorum.
1133 5019 1206 5085 Si
1246 5042 1403 5086 vero
1445 5018 1707 5106 aliquod
1753 5021 2161 5109 suppositum
2198 5029 2473 5107 urgente
2507 5023 2891 5087 necessitate
2934 5043 3173 5107 aquam
3218 5043 3335 5086 seu
3374 5023 3635 5092 urium

801 5118 884 5182 de
935 5121 1362 5207 praescriptis
1415 5119 1574 5184 locis
1625 5129 1939 5185 nocturno
1993 5131 2284 5208 tempore
2338 5119 2667 5185 effundere
2716 5119 3025 5203 voluerit,
3084 5143 3217 5186 non
3278 5119 3468 5186 aliter
3506 5125 3637 5188 nisi

801 5216 1166 5305 spargendo
1223 5217 1493 5284 eandem
1547 5219 1866 5303 effundat,
1923 5241 2137 5308 poena
2188 5219 2309 5284 sub
2348 5221 2731 5306 praemissa.
2818 5220 3066 5285 Datum
3106 5231 3470 5287 rectoratus
3512 5223 3633 5288 sub

799 5314 1032 5404 sigillo.
