4038 6358
861 567 983 634 252
2000 571 2115 622 Du
2150 568 2326 622 meino
2358 570 2569 634 colleg.

862 748 1099 836 pendet
1154 747 1305 813 huic
1357 747 1628 835 collegio
1680 748 1842 817 duos
1889 752 2173 818 florenos
2231 774 2377 817 cum
2421 750 2757 818 dimidiato
2800 751 2870 816 in
2904 753 3181 817 termino
3224 752 3294 816 in
3341 750 3526 819 literis
3563 777 3700 820 ex-

863 871 1106 937 presso,
1174 847 1390 914 Debet
1432 857 1647 914 autem
1689 849 1865 916 dicta
1908 852 2221 917 memoria
2262 851 2493 938 peragi
2536 873 2683 918 cum
2726 849 3043 938 pulsibus,
3087 851 3335 938 vigiliis
3374 862 3437 916 et
3473 855 3704 919 missia

863 959 928 1014 et
967 947 1231 1037 publica
1274 947 1764 1015 denunciatione
1803 959 1869 1015 et
1910 950 2368 1017 exhortacione
2410 950 2496 1016 ad
2536 951 2850 1039 populum
2892 973 3012 1037 pro
3047 947 3151 1038 [33
3166 948 3219 1039 ⁸]
3262 952 3702 1035 imoressione,

860 1046 1183 1114 dominica
1224 1049 1524 1135 proxima
1563 1047 2004 1135 peragendam
2033 1051 2410 1116 memoriam
2453 1049 2900 1138 praecedente,
2942 1071 3062 1137 pro
3103 1049 3338 1139 quibus
3375 1052 3701 1138 pai-rocho

778 1156 812 1214 5
864 1149 1001 1213 sive
1043 1145 1320 1235 plebano
1369 1157 1479 1213 aut
1521 1149 1732 1212 vicem
1785 1149 1920 1213 eius
1981 1151 2234 1235 gerenti
2282 1149 2648 1239 quindecim
2692 1165 2771 1233 qe.
2813 1147 3198 1215 numerandi
3254 1159 3427 1233 sunt,
3480 1149 3702 1216 distri-

861 1246 1102 1314 buendi
1146 1269 1267 1335 pro
1309 1270 1486 1314 more
1528 1247 1838 1312 ecclesiae
1876 1249 2212 1314 ministris.
2257 1248 2536 1335 Legavit
2579 1271 2831 1337 quoque
2873 1247 3084 1314 dictus
3126 1256 3393 1314 testator
3431 1248 3704 1337 collegio

863 1346 1146 1435 cyphum
1191 1356 1566 1432 argenteum
1609 1368 1752 1411 cum
1794 1345 2058 1413 Abbate
2098 1369 2294 1435 super
2337 1347 2771 1413 decretalibus
2811 1357 2875 1413 et
2915 1349 3275 1436 repertorio
3320 1349 3388 1413 in
3428 1359 3706 1435 quatuor

864 1443 1297 1513 voluminibus
1339 1455 1454 1511 etc.
1540 1445 1742 1513 Cuius
1790 1448 2004 1512 anima
2051 1448 2120 1512 in
2162 1456 2454 1511 extrema
2498 1448 2722 1535 requie
2775 1446 3048 1513 laetetur
3087 1448 3255 1512 inter
3300 1445 3524 1513 electos
3563 1447 3706 1512 dei.

866 1543 1187 1611 Sacerdos
1239 1545 1525 1628 missam,
1580 1568 1709 1612 non
1764 1545 2069 1612 sacerdos
2112 1546 2372 1633 vigilias
2438 1544 2747 1632 legendas
2803 1548 3231 1613 meminerint.
3313 1545 3480 1611 Acta
3536 1552 3703 1614 1530

785 1655 850 1713 10
868 1650 925 1711 7.
982 1643 1380 1731 Septembris
1438 1644 1599 1710 haec
1654 1647 1920 1712 notatio.
1973 1681 2053 1691 -—
2109 1643 2180 1710 Si
2237 1644 2559 1733 praedicti
2620 1667 2850 1714 census
2902 1646 3357 1713 numeracione
3408 1645 3706 1733 capitalis

866 1765 1154 1810 summae
1195 1746 1472 1831 reempti
1510 1745 1766 1829 fuerint,
1820 1754 2048 1810 curent
2101 1744 2348 1810 domini
2401 1753 2797 1834 praesentes,
2855 1756 2929 1811 ut
2969 1767 3228 1810 rursum
3266 1747 3415 1832 ipsa
3454 1767 3706 1810 summa

862 1846 930 1910 in
974 1845 1458 1909 convenientem
1499 1843 1712 1910 locum
1754 1865 1874 1933 pro
1916 1842 2218 1909 censibus
2261 1853 2647 1931 exponatur.

1028 1950 1124 2013 18.
1182 1942 1371 2009 Anno
1415 1943 1660 2011 domini
1706 1948 1861 2012 1533
1906 1945 2217 2031 apparuit
2257 1965 2476 2010 coram
2519 1942 2795 2009 dominis
2840 1951 2905 2008 et
2946 1941 3398 2026 confratribus,
3443 1942 3701 2029 collegii

863 2043 1054 2109 huius
1095 2044 1412 2131 principis
1457 2043 1741 2130 collegis,
1786 2045 2090 2129 egregius
2131 2044 2253 2126 vir,
2299 2043 2596 2109 dominus
2640 2037 3114 2108 Ludowicus
3158 2042 3562 2108 Sartoris¹
3602 2066 3706 2108 ex

782 2142 1272 2225 15Gorlici0,
1317 2143 1705 2258 optimarum
1749 2145 1986 2208 artium
2029 2151 2095 2208 et
2136 2164 2364 2207 sacrae
2397 2142 2765 2229 theologiae
2810 2141 3213 2230 professor,
3194 2143 3471 2229 msignis
3509 2142 3706 2208 eecle-

863 2245 998 2309 siae
1058 2242 1403 2308 Misnensis
1467 2243 1845 2320 canonicus,
1906 2229 2244 2307 intendens
2311 2242 2825 2308 anniversariam
2889 2243 3263 2307 memoriam
3325 2264 3448 2330 pro
3512 2264 3578 2307 se
3639 2252 3709 2307 et

860 2339 1239 2430 parentibus
1283 2341 1415 2405 suis
1454 2343 1724 2406 institui.
1769 2293 2023 2406 Obtulit
2065 2340 2334 2427 collegio
2380 2343 2724 2427 sexaginta
2762 2340 3041 2407 florenos
3080 2363 3391 2407 renenses
3428 2343 3498 2406 in
3534 2341 3708 2408 bona

860 2441 1077 2510 ducali
1128 2451 1386 2507 moneta
1436 2439 1504 2504 in
1557 2439 1869 2527 gladiatis
1911 2448 1974 2505 et
2017 2437 2373 2505 dimidiatis
2428 2441 2675 2527 grossis
2718 2462 2790 2505 re
2829 2441 2980 2528 ipsa
3021 2452 3086 2507 et
3130 2440 3553 2507 effectualiter
3592 2464 3707 2507 an-

860 2540 1246 2622 numeratis,
1304 2560 1464 2628 quos
1521 2539 1863 2626 collegium
1922 2542 2279 2627 assumpsit
2333 2550 2396 2605 et
2451 2563 2580 2656 pro
2627 2539 2929 2606 censibus
2984 2539 3226 2606 locavit
3281 2563 3478 2628 super
3533 2540 3707 2628 hipo-

780 2640 1056 2707 20theca
1097 2638 1287 2704 domo
1338 2649 1401 2704 et
1441 2639 1627 2705 horto
1644 2638 1941 2704 'rhomae
1965 2637 2221 2705 Luman
2259 2638 2517 2704 linificis
2561 2641 2630 2705 in
2670 2662 2859 2721 nova,
2904 2649 2977 2705 ut
3017 2648 3274 2722 vocant,
3321 2648 3529 2705 strata
3570 2641 3709 2722 sita,

863 2740 1312 2827 consensitque
1353 2740 1423 2804 in
1465 2739 1679 2804 dictae
1720 2739 2071 2805 memoriae
2112 2739 2577 2805 institutionem
2621 2748 2685 2804 et
2728 2740 3165 2827 peractionem
3214 2739 3490 2828 singulis
3527 2740 3710 2804 annis

867 2841 937 2905 in
979 2837 1139 2903 aede
1194 2838 1331 2905 divi
1372 2839 1627 2905 Nicolai
1682 2861 1800 2927 pro
1849 2839 1996 2926 ipso
2048 2837 2392 2904 fimdatore
2438 2848 2502 2903 et
2544 2838 2923 2926 parentibus
2964 2840 3121 2922 eius,
3173 2839 3459 2906 Iohanne
3498 2837 3709 2926 Lang-

864 2937 1222 3023 schneider,
1266 2939 1650 3027 proconsule
1671 2939 1820 3006 olim
1848 2936 2234 3020 Gorlicensi,
2280 2948 2346 3003 et
2362 2937 2719 3022 Dorothea,
2750 2937 3109 3004 conthorali
3154 2940 3313 3021 eius,
3357 2962 3508 3004 cum
3545 2961 3706 3004 cam·

865 3062 1182 3128 panarum
1235 3038 1320 3103 ad
1372 3037 1632 3124 vigilias
1692 3048 1755 3102 et
1810 3039 2042 3102 missas
2102 3036 2478 3123 pulsacione
2534 3049 2598 3102 et
2656 3037 3163 3104 denunciacione
3224 3037 3332 3104 die
3392 3037 3708 3105 dominica

780 3149 847 3208 25
868 3136 1315 3228 praecedente,
1359 3147 1422 3205 et
1449 3138 1596 3204 aliis
1622 3137 1962 3204 dominicis
1992 3137 2202 3201 instar
2246 3135 2520 3203 aliorum
2566 3138 3160 3204 anniversariorum
3202 3138 3270 3203 in
3313 3137 3508 3204 litera
3550 3161 3706 3205 mor·

865 3252 1120 3306 tuorum
1161 3239 1538 3305 intercessio
1581 3237 1697 3303 fiat
1751 3259 1872 3324 pro
1923 3237 2069 3323 ipso
2126 3234 2468 3302 fundatore
2520 3238 2658 3302 vita
2711 3238 2933 3303 functo
2999 3246 3063 3302 et
3121 3237 3503 3325 parentibus
3562 3239 3706 3303 eius.

864 3340 970 3404 De
1013 3362 1137 3427 quo
1192 3336 1459 3403 habebit
1499 3335 1602 3424 [33
1614 3334 1666 3425 b]
1707 3336 2028 3425 plebanus
2077 3341 2150 3401 15
2193 3351 2296 3421 φφ,
2348 3345 2422 3401 ut
2474 3335 2556 3402 de
2612 3336 2758 3402 aliis
2818 3339 3300 3403 anniversariis.
3385 3337 3519 3403 Pro
3570 3337 3706 3403 istis

865 3461 1022 3505 vero
1078 3439 1421 3525 sexaginta
1462 3438 1723 3503 florenis
1769 3438 1969 3524 empti
2024 3445 2173 3500 sunt
2214 3444 2347 3500 tres
2391 3436 2618 3501 floreni
2660 3438 2729 3501 in
2772 3460 2973 3526 supra
3012 3438 3325 3502 nominati
3369 3438 3536 3503 civis
3577 3446 3703 3502 tex·

865 3539 1023 3605 toris
1065 3537 1428 3624 hipotheca,
1480 3547 1551 3602 ut
1593 3535 1942 3603 ostendunt
1982 3534 2211 3600 literae
2269 3536 2643 3624 empcionis,
2690 3538 3140 3602 consenciente
3195 3536 3375 3606 feudi
3427 3535 3697 3617 domino,

778 3649 849 3706 30
867 3637 1262 3723 Wolfgango
1300 3637 1597 3719 Preuser,
1661 3647 1723 3701 et
1782 3637 2183 3723 empcionem
2242 3634 2411 3700 hanc
2475 3636 2899 3724 approbante.
2990 3635 3156 3702 Cum
3213 3645 3426 3701 autem
3488 3635 3702 3701 literae

863 3759 1006 3802 cum
1046 3738 1207 3824 ipsis
1252 3735 1552 3801 censibus
1591 3746 1922 3823 reemptae
1962 3735 2205 3800 fuerint
2217 3784 2234 3817 ,
2294 3733 2537 3801 domini
2579 3745 2644 3800 et
2683 3735 2919 3801 fratres
2961 3733 3216 3822 collegii
3258 3735 3448 3800 huius
3493 3758 3704 3800 rursus

858 3824 996 3902 alio*
1024 3836 1420 3901 transferant
1460 3857 1775 3901 summam
1820 3845 2238 3924 praetactam‚
2285 3844 2355 3899 ut
2395 3836 2464 3899 in
2511 3836 2661 3900 talis
2703 3834 3115 3901 fundacionis
3160 3835 3702 3901 continuacionem

859 3936 1141 4002 fructum
1189 3957 1376 4000 suum
1412 3935 1581 4000 ferat
1624 3935 1709 4001 ad
1753 3934 1858 4002 dei
1900 3936 2231 4016 honorem,
2293 3935 2657 4000 animarum
2710 3933 2985 3999 salutem
3029 3943 3094 3999 et
3136 3932 3396 4018 collegii
3435 3956 3700 3999 commo·

865 4035 1035 4101 dum.
1120 4033 1339 4100 Debet
1387 4043 1603 4100 autem
1663 4037 2149 4101 anniversarius
2208 4033 2317 4099 ille
2373 4036 2713 4119 quotannis
2773 4035 2948 4099 circa
3002 4031 3394 4099 dominicam
3435 4032 3701 4099 Laetare

779 4144 847 4202 35
869 4135 1198 4201 celebrari.
1280 4132 1673 4200 Distributio
1728 4157 1884 4200 vero
1940 4137 2142 4201 trium
2197 4134 2589 4199 florenorum
2645 4132 2866 4198 taliter
2915 4131 3059 4198 fieri
3114 4132 3338 4198 debet:
3399 4132 3701 4221 plebanus

869 4239 943 4301 15
986 4233 1225 4299 habeat
1279 4249 1377 4319 94,
1432 4233 1629 4299 fiscus
1689 4252 1807 4298 sex
1853 4249 1956 4317 93„
2014 4234 2429 4321 praepositus
2483 4231 2653 4297 ultra
2712 4255 2898 4297 suam
2953 4242 3191 4299 sortem
3241 4232 3401 4299 duos
3445 4249 3530 4321 95.
3608 4233 3701 4298 De

864 4332 1257 4401 restantibus
1301 4332 1553 4399 duabus
1602 4334 1945 4419 sexagenis
1991 4333 2310 4421 antiquis²
2362 4330 2633 4418 quilibet
2682 4331 2958 4396 fratrum
3009 4330 3247 4397 habeat
3288 4334 3571 4418 quinque
3611 4348 3699 4418 qt„

867 4436 924 4498 si
976 4444 1118 4500 octo
1175 4441 1550 4521 praesentes
1606 4432 1866 4515 fuerint,
1923 4441 1986 4497 et
2040 4431 2201 4497 nihil
2253 4429 2335 4496 de
2389 4430 2491 4495 his
2549 4452 2919 4497 accrescere
2973 4429 3166 4497 debet
3215 4432 3392 4516 fisco,
3452 4431 3567 4497 sed
3618 4430 3698 4497 illi

871 4556 988 4599 sex
1030 4532 1353 4598 sufficiant
1395 4547 1494 4617 95„
1545 4531 1830 4598 absentis
1867 4531 1974 4595 vel
2016 4531 2379 4598 absentium
2425 4552 2567 4596 sors
2608 4531 2675 4594 in
2719 4529 3051 4622 aequalem
3095 4533 3546 4619 praesenciam
3582 4555 3698 4597 sor·

787 4641 1000 4698 40tem
1044 4631 1487 4698 distribuatur.
1560 4630 1648 4696 Et
1688 4639 1760 4695 ut
1802 4630 2060 4717 singula
2101 4630 2263 4695 haec
2299 4628 2755 4696 inviolabiliter
2798 4628 3242 4713 observentur,
3288 4631 3697 4697 conscientias

866 4731 1140 4796 fratrum
1196 4753 1458 4796 suorum
1516 4730 1805 4818 appellat
1866 4729 2190 4795 fundator.
2274 4729 2423 4795 Non
2484 4729 2854 4797 sacerdotes
2911 4729 3172 4796 tandem
3230 4730 3316 4796 ad
3368 4728 3696 4816 legendum

879 4829 1104 4895 eodem
1147 4828 1252 4893 die
1293 4831 1585 4915 integras
1625 4829 1885 4916 vigilias
1932 4831 2061 4894 sint
2100 4830 2370 4912 astricti,
2415 4828 2784 4895 sacerdotes
2827 4852 2983 4896 vero
3027 4829 3115 4896 ad
3153 4831 3437 4912 missam,
3483 4831 3540 4894 si
3582 4828 3692 4895 dis-

873 4928 1069 5016 positi
1107 4929 1363 5011 fuerint,
1408 4951 1527 5016 pro
1570 4927 1912 4995 animabus
1955 4930 2086 4995 sint
2124 4927 2416 5017 obligati,
2472 4938 2585 4995 aut
2623 4923 2882 5017 quando
2923 4951 2993 4995 se
3035 4931 3330 5018 apciores
3378 4930 3691 4995 senserint.

1027 5165 1050 5215 1
1090 5161 1207 5216 Der
1242 5160 1507 5217 deutsche
1543 5160 1723 5218 Name
1754 5179 1870 5217 war
1900 5160 2373 5233 Langschneider.

1023 5250 1056 5301 2
1090 5244 1227 5303 Also
1262 5246 1353 5302 die
1387 5248 2113 5318 emmunim-2220
2147 5249 2237 5315 91„
2275 5251 2299 5301 1
2342 5246 2419 5316 M.
2453 5271 2523 5293 εε-
2557 5250 2619 5302 21
2658 5249 2724 5316 κ.
