4038 6358
813 628 933 696 616
975 710 982 711 ἶ
1801 628 1904 682 Dis
1936 631 2309 683 medicinische
2344 632 2596 685 Facultit.

814 834 1151 878 renensem
1192 813 1294 878 vel
1346 813 1811 903 aequipollens,
1856 824 1921 878 et
1962 835 2079 879 sex
2122 813 2402 880 florenos
2440 838 2765 899 renenses,
2812 836 2971 904 quos
3017 813 3307 883 dedisset
3349 838 3472 903 pro
3513 838 3653 881 exa·

812 913 985 977 mine
997 961 1015 994 ,
1080 914 1135 977 si
1197 912 1424 978 fuisset
1484 913 1589 978 hic
1650 921 2012 1001 promotus,
2076 912 2449 980 doctoribus
2510 915 2740 981 solvat.
2824 915 2987 981 Item
3044 914 3208 979 duos
3263 913 3544 981 florenos
3596 916 3655 981 in

813 1034 971 1078 auro
1012 1033 1316 1077 renenses
1356 1012 1514 1078 fisco
1557 1013 1880 1078 facultatis
1929 1012 2149 1077 statim
2190 1022 2511 1078 numeret.
2590 1014 2736 1079 Non
2779 1014 2973 1081 debet
3015 1015 3212 1079 etiam
3268 1013 3505 1101 aliquis
3553 1039 3653 1081 ex·

813 1121 1075 1176 traneus
1116 1109 1582 1177 baccalaureus
1624 1112 1986 1177 medicinae
2030 1110 2285 1176 adsumi
2326 1111 2414 1178 ad
2452 1123 2746 1178 nostram
2788 1112 3167 1179 facultatem
3210 1114 3401 1180 huius
3444 1113 3655 1198 studii,

730 1219 762 1275 5
813 1210 936 1275 nisi
983 1211 1162 1297 prius
1205 1211 1582 1277 matriculae
1621 1208 2062 1278 universitatis
2106 1211 2303 1276 fuerit
2342 1211 2697 1299 inscriptus
2740 1222 2803 1279 et
2846 1212 3070 1278 decem
3119 1236 3381 1299 grossos
3427 1215 3657 1280 rectori

810 1319 1104 1397 tempore
1145 1310 1614 1398 adsumptionis
1659 1313 1910 1397 integre
1953 1310 2236 1376 solverit.
2314 1310 2404 1376 Et
2455 1311 2579 1378 hoc
2636 1312 2832 1377 etiam
2882 1311 3280 1399 intelligatur
3335 1312 3418 1379 de
3472 1311 3655 1379 licen·

815 1409 996 1474 tiatis
1039 1418 1107 1473 et
1148 1407 1520 1474 doctoribus
1563 1409 1721 1475 alibi
1763 1412 2078 1497 promotis
2123 1420 2187 1475 et
2227 1408 2333 1475 hic
2378 1410 2810 1477 adsumendis.

979 1514 1035 1576 3.
1079 1509 1417 1575 Promotus
1473 1510 1540 1573 in
1596 1507 2094 1575 baccalaureum
2137 1509 2497 1576 medicinae
2548 1513 2617 1575 in
2674 1509 2803 1576 alia
2858 1513 3298 1595 universitate,
3355 1512 3657 1578 affectans

823 1609 1028 1695 recipi
1072 1607 1158 1672 ad
1199 1606 1571 1674 facultatem
1612 1618 1922 1697 tanquam
1961 1605 2445 1692 baccalaureus,
2490 1608 2811 1676 tenebitur
2855 1620 3003 1675 ante
3045 1613 3279 1694 omnia,
3320 1621 3658 1699 antequam

736 1716 799 1772 10
819 1708 1190 1794 recipiatur,
1250 1707 1482 1774 docere
1541 1707 1622 1773 de
1667 1730 1781 1774 suo
1836 1707 2338 1774 baccalaureatu
2396 1731 2514 1797 per
2557 1710 2945 1775 autenticam
2990 1732 3206 1793 suam3
3265 1710 3503 1776 deinde
3547 1710 3658 1776 sub

813 1806 1031 1894 aliquo
1090 1806 1352 1873 doctore
1409 1806 1868 1873 determinabit
1923 1809 2362 1894 quaestionem
2408 1808 2876 1892 medicinalem,
2933 1808 3019 1875 ad
3074 1831 3271 1895 quam
3312 1810 3657 1899 responde·

809 1904 907 1971 bit
961 1905 1170 1971 eidem
1227 1906 1475 1974 doctori
1526 1916 1590 1972 et
1644 1905 1788 1971 aliis
1845 1905 2207 1973 medicinae
2260 1906 2709 1974 baccalaureis
2766 1910 2862 1974 et¹
2922 1908 3323 1976 scholaribus
3390 1930 3661 1996 arguere

812 2003 1199 2071 volentibus.
2344 2074 2347 2079 .

974 2111 1030 2172 4.
1085 2105 1248 2171 Item
1310 2105 1550 2172 iurabit
1608 2104 2113 2189 baccalaureus,
2172 2106 2240 2169 in
2304 2104 2435 2173 alia
2497 2109 2921 2174 universitate
2987 2119 3343 2198 promotus,
3418 2106 3660 2174 decano

732 2212 792 2269 15
809 2203 1136 2271 facultatis
1179 2204 1470 2272 medicae
1514 2205 1632 2272 sub
1678 2205 1974 2295 sequenti
2014 2205 2256 2271 forma:

1999 2356 2476 2406 mBAmm'rUM.

970 2454 1156 2542 „Ego
1216 2456 1309 2522 .N.
1373 2457 1516 2521 iuro
1573 2454 1760 2521 vobis
1821 2454 2068 2522 decano
2126 2457 2488 2544 vestrisque
2554 2454 3039 2521 successoribus
3101 2454 3543 2522 obedientiam
3603 2465 3665 2522 et

806 2556 1236 2620 reverentiam
1276 2556 1346 2620 in
1386 2554 1580 2621 licitis
1626 2565 1690 2620 et
1730 2554 2038 2637 honestis,
2091 2564 2155 2619 et
2207 2553 2373 2620 velle
2418 2576 2773 2642 procurare
2814 2554 3053 2620 bonum
3108 2555 3441 2622 facultatis
3494 2558 3662 2621 eius-

809 2652 973 2736 dem,
1029 2655 1125 2720 et²
1170 2652 1531 2736 statuenda,
1588 2676 1753 2741 quae
1797 2664 1946 2719 sunt
2000 2660 2066 2718 et
2116 2662 2303 2718 erunt
2354 2677 2472 2742 pro
2528 2653 2698 2720 bono
2753 2653 3080 2719 facultatis
3134 2654 3508 2743 approbata
3561 2655 3664 2721 vel

723 2762 791 2818 20
809 2751 1254 2840 approbanda,
1296 2776 1416 2841 pro
1461 2774 1653 2841 posse
1698 2776 1863 2835 meo,
1904 2752 1991 2818 ad
2036 2774 2482 2842 quemcunque
2526 2761 2762 2818 statum
2806 2754 3143 2819 devenero.
3205 2754 3316 2819 Sic
3357 2776 3465 2819 me
3506 2754 3663 2821 deus

809 2849 1076 2917 adiuvet
1118 2862 1183 2918 et
1226 2861 1451 2918 sancta
1494 2853 1630 2918 eius
1675 2852 2077 2940 evangelia.“
3189 2836 3206 2855 ⁰

985 3002 1342 3069 Tenebitur
1386 3004 1581 3069 etiam
1622 3002 2090 3068 baccalaureus
2147 3000 2305 3068 alibi
2361 3012 2714 3090 promotus,
2769 3003 2923 3088 quia
2979 3002 3293 3070 scholaris
3350 3015 3664 3086 censetur,

809 3102 1179 3169 doctoribus
1222 3102 1515 3168 eiusdem
1568 3101 1893 3169 facultatis
1947 3114 2241 3190 tempore
2284 3102 2665 3190 congruenti
2716 3113 2780 3166 et
2835 3102 2977 3168 loco
3034 3101 3321 3169 debitam
3366 3127 3665 3170 reveren-

807 3206 969 3270 tiam
1014 3213 1079 3269 et
1122 3203 1431 3269 honorem
1472 3202 1872 3290 impendere.

724 3375 792 3434 25
1697 3366 1822 3454 [Bl.
1860 3366 1964 3457 6.]
2009 3359 2409 3436 monacum
2450 3386 2777 3435 Ermum.

1722 3505 1933 3569 Caput
1967 3507 2201 3558 xv111.
2255 3506 2397 3571 (Vgl.
2435 3508 2479 3556 ἓ.
2522 3506 2595 3556 St.
2635 3505 2741 3567 37.)

970 3619 1393 3701 Licentiatus,
1437 3620 1505 3683 in
1549 3619 1682 3685 alia
1723 3620 2147 3706 universitate
2191 3629 2541 3706 promotus,
2587 3619 2681 3698 ad,
2727 3630 3016 3687 nostram
3055 3620 3428 3687 facultatem
3469 3622 3663 3688 huius

807 3718 1003 3785 studii
1046 3719 1447 3806 adsumptus,
1493 3717 1675 3785 dabit
1716 3717 1977 3784 famulis
2017 3719 2459 3784 universitatis
2504 3718 2665 3786 duos
2705 3719 2984 3787 florenos
3027 3743 3333 3790 remenses
3370 3730 3666 3808 tempore

807 3841 961 3883 suae
1002 3818 1498 3907 adsumptionis.
1583 3817 1870 3883 Tenetur
1913 3818 2107 3884 etiam
2159 3816 2442 3905 probare
2484 3840 2604 3905 per
2653 3841 2836 3884 suam
2887 3822 3300 3906 autenticam,
3355 3843 3425 3886 se
3468 3820 3665 3886 licen-

723 3927 792 3983 30
812 3918 1039 3983 tiatum
1079 3919 1148 3982 in
1190 3917 1529 3983 medicinis
1572 3939 1730 3982 esse.

976 4016 1065 4082 Et
1123 4018 1456 4104 promittat
1518 4018 1704 4082 iuxta
1761 4017 1983 4103 priora
2049 4025 2291 4082 statuta
2347 4014 2427 4080 de
2484 4016 2931 4083 baccalaureis
2990 4021 3309 4103 externis,
3375 4044 3444 4087 se
3498 4021 3664 4087 velle

811 4139 1163 4204 procurare
1205 4115 1448 4182 bonum
1501 4115 1826 4182 facultatis
1883 4115 2193 4198 medicae,
2250 4113 2336 4179 ad
2390 4138 2831 4205 quemcunque
2887 4127 3122 4183 statum
3178 4118 3538 4204 devenerit,
3601 4132 3666 4186 et

812 4215 962 4298 alia,
1007 4238 1178 4302 quae
1218 4227 1609 4281 concernunt
1650 4215 1959 4281 honorem
1999 4226 2067 4280 et
2103 4214 2346 4280 bonum
2391 4224 2628 4281 statum
2669 4215 2958 4282 eiusdem
2999 4218 3346 4285 facultatis.
3390 4220 3479 4285 Et
3517 4220 3662 4287 loco

810 4324 873 4381 et
913 4324 1204 4402 tempore
1248 4316 1644 4402 ,congruenti
1683 4316 1876 4381 etiam
1923 4313 2170 4382 decano
2211 4313 2609 4404 reliquisque
2666 4314 3036 4382 doctoribus
3092 4318 3421 4386 facultatis
3475 4344 3661 4386 reve-

726 4426 791 4482 35
811 4416 1086 4480 rentiam
1131 4437 1209 4479 ac
1252 4413 1539 4480 debitum
1591 4414 1901 4481 honorem
1949 4413 2304 4501 inpendere
2349 4412 2558 4479 debet.
2640 4413 2955 4502 Adeoque
2996 4416 3337 4483 duodecim
3381 4417 3661 4486 florenos

815 4511 1190 4580 doctoribus
1234 4536 1354 4602 pro
1394 4537 1659 4581 munere
1700 4511 1884 4579 dabit
1926 4515 1997 4579 in
2040 4536 2227 4580 auron

1863 4697 2234 4748 Doc‘roans
2277 4697 2607 4747 armam.

1769 4818 1977 4882 caput
2010 4817 2171 4870 x1x.
2209 4785 2351 4881 (vg'l.
2388 4820 2435 4868 a.
2476 4816 2550 4866 st.
2588 4815 2695 4878 38.)

984 4939 1036 4999 l.
1078 4931 1442 4999 Medicinae
1482 4932 1707 5000 doctor
1751 4942 2074 5016 externus,
2127 4933 2194 4998 in
2238 4931 2368 4997 alia
2412 4931 2749 4998 academia
2792 4944 3158 5017 coronatus,
3204 4935 3259 5000 si
3303 4934 3661 5021 desyderat

731 5040 802 5095 40
820 5031 1026 5118 recipi
1070 5030 1157 5096 ad
1198 5032 1590 5115 facultatem,
1644 5033 1856 5120 primo
1901 5031 2093 5098 debet
2135 5030 2366 5098 docere
2408 5054 2527 5119 per
2573 5034 2965 5097 autenticam
3007 5053 3208 5116 suam,
3252 5034 3319 5098 in
3360 5056 3488 5122 qua
3527 5057 3657 5100 mo·

815 5128 937 5194 dus
981 5153 1139 5196 suae
1186 5132 1607 5218 promotionis
1653 5133 2032 5215 continetur,
2078 5130 2159 5196 de
2203 5130 2542 5196 doctoratu
2584 5153 2724 5196 suo.

976 5318 998 5368 1
1037 5320 1089 5367 et
1117 5310 1271 5368 fehlt.
1341 5316 1371 5368 2
1407 5311 1572 5369 Auch
1604 5310 1725 5367 hier
1756 5311 1832 5367 ist
1864 5329 2086 5369 servare
2107 5317 2210 5369 etc.
2247 5311 2615 5385 ausgelassen:
2661 5311 2791 5385 Vgl.
2817 5310 2907 5368 die
2928 5310 3191 5370 Statutsn
3210 5329 3321 5370 von
3354 5317 3480 5371 1503
3514 5316 3653 5415 5-36.
