4038 6358
1319 657 1423 710 nie
1458 658 1699 710 suman
1733 672 1841 709 von
1879 655 2225 711 1497—1537.
3082 659 3203 727 243

357 836 559 904 Petro
584 838 815 922 Loser,
858 836 1124 903 Andrea
1166 837 1560 922 Doleatoris,
1603 839 1968 924 licentiatis,
2012 840 2341 905 canonicis
2386 838 2696 905 ecclesiae
2737 841 2999 907 maioris
3042 842 3207 907 Mer-

365 936 809 1024 seburgensis,
854 949 918 1002 01
957 936 1256 1024 pluribus
1298 937 1445 1005 aliis
1473 939 1603 1006 fide
1635 940 1851 1027 dignis
1891 941 2190 1027 personis
2226 937 2499 1004 testibus
2538 941 2624 1006 ad
2668 942 3028 1029 praemissa
3069 963 3210 1028 spe-

363 1036 621 1102 cialiter
666 1039 918 1103 vocatis
958 1047 1021 1101 et
1060 1040 1325 1122 rogatis.

534 1136 627 1202 Et
663 1159 805 1223 ego,
854 1134 1294 1202 Theodericus
1335 1137 1732 1224 Leymbach,
1793 1138 2066 1206 clericus
2105 1137 2623 1225 Maguntinensis
2662 1138 2958 1223 diocesis,
3004 1138 3212 1227 publi·

362 1258 485 1302 cus
528 1259 721 1301 sacra
760 1235 1084 1324 imperiali
1124 1239 1507 1302 auctoritate
1542 1240 1852 1320 notarius,
1895 1239 2051 1325 quia
2082 1237 2380 1304 omnibus
2412 1249 2476 1303 et
2506 1237 2776 1325 singulis
2811 1239 3208 1325 praemissis,
3260 1249 3294 1302 5

366 1335 527 1401 dum
572 1338 668 1401 sic
708 1346 783 1402 ut
822 1329 1259 1423 praemittitur
1302 1348 1650 1423 agerentur
1692 1347 1757 1402 01
1795 1336 2042 1420 fierent,
2097 1361 2226 1403 una
2277 1360 2422 1402 cum
2474 1339 2983 1425 praenominatis
3035 1339 3212 1402 testi-

364 1434 489 1500 bus
531 1457 842 1523 praesens
882 1436 1145 1499 interfui
1190 1457 1392 1523 eaque
1434 1439 1529 1501 sic
1569 1437 1711 1502 fieri
1751 1435 1891 1502 vidi
1933 1447 1998 1501 et
2037 1436 2280 1520 audivi,
2333 1437 2578 1502 idcirco
2628 1459 2938 1524 praesens
3002 1436 3211 1523 publi-

361 1558 513 1600 cum
554 1537 1066 1617 instrumentum,
1110 1557 1227 1622 per
1268 1535 1486 1619 alium,
1532 1558 1633 1601 me
1674 1536 1819 1601 aliis
1861 1536 2243 1623 praepedito
2283 1537 2582 1623 negotiis,
2631 1535 2909 1601 fideliter
2958 1538 3206 1622 ingros-

370 1644 609 1716 satum,
666 1634 900 1699 exinde
959 1635 1226 1718 confeci,
1284 1635 1665 1723 subscripsi,
1723 1634 2058 1722 publicavi
2100 1647 2162 1700 01
2217 1636 2286 1700 111
2325 1634 2493 1701 110110
2549 1634 2878 1723 publicam
2934 1636 3209 1701 formam

356 1732 595 1819 redegi
652 1735 968 1821 signoque
1021 1743 1085 1798 et
1137 1736 1397 1800 nomine
1450 1736 1612 1800 meis
1669 1733 1875 1800 solitis
1931 1745 1996 1799 01
2051 1737 2371 1799 consuetis
2429 1736 2714 1820 signavi,
2770 1736 2838 1798 in
2892 1733 3089 1800 fidem
3148 1745 3295 1800 0110

361 1835 807 1898 testimonium
852 1835 1139 1900 omnium
1182 1846 1246 1899 et
1285 1834 1685 1920 singulorum
1729 1835 2237 1921 praemissorum
2287 1845 2556 1920 rogatus
2600 1844 2663 1899 et
2702 1836 3068 1923 requisitus.

445 2021 507 2081 2.
554 2033 968 2083 CONCLUSUM
1008 2035 1102 2082 DE
1139 2034 1403 2084 Gnosso
1449 2036 1584 2082 PER
1625 2034 2036 2102 MAGISTROS,
2079 2034 2548 2084 BACOALARIOS
2587 2037 2679 2083 ΕΤ
2726 2036 3130 2084 STUDENTES

446 2119 798 2182 PRAESENS
843 2134 1245 2183 COLLEGHJM
1287 2135 1382 2182 DE
1429 2135 1621 2184 Novo
1662 2136 2052 2184 INTRAN'I'ES
2105 2134 2243 2183 PRO
2288 2133 2738 2183 UTENSILIBUS
2783 2134 3129 2196 COQUINAE

1446 2234 1842 2284 BURSALIUM
1882 2233 2142 2283 DANDO.

533 2362 655 2456 [Bl.
694 2371 773 2433 24
792 2365 843 2452 ²]
889 2366 1080 2430 Anno
1128 2365 1370 2431 domini
1408 2373 1587 2452 1494,
1631 2367 1739 2433 die
1775 2389 1931 2432 vero
1979 2367 2185 2432 sancti
2228 2365 2534 2432 Iohannis
2579 2377 2728 2432 ante
2770 2376 3027 2454 portam
3067 2364 3210 2431 1011-
3231 2376 3292 2431 15

362 2487 539 2546 110111,
585 2466 706 2529 fuit
733 2463 1138 2530 concorditer
1163 2487 1283 2551 per
1305 2465 1680 2552 collegiatos
1723 2467 2085 2554 praesentis
2110 2465 2362 2550 collegii
2383 2467 2452 2530 in
2472 2467 2843 2552 praesentia
2869 2469 3211 2552 magistro-

364 2588 511 2629 rum
568 2565 1150 2652 infrascriptorum,
1204 2575 1358 2630 tunc
1410 2565 1751 2652 collegium
1794 2573 2199 2653 praetactum
2240 2566 2719 2630 immorantium
2765 2575 2829 2629 et
2865 2564 3026 2630 inibi
3067 2568 3212 2631 iura

362 2663 730 2729 bursalium
782 2664 1183 2746 facientium,
1239 2687 1317 2730 ac
1367 2663 1449 2729 de
1505 2663 1857 2730 eorundem
1911 2686 2228 2729 consensu
2285 2663 2655 2729 conclusum
2706 2675 2770 2730 01
2823 2663 3209 2748 ordinatum,

363 2763 539 2849 quod
579 2767 649 2828 in
690 2764 972 2827 futurum
1017 2762 1287 2848 quilibet
1327 2766 1807 2849 magistrorum,
1850 2762 2367 2828 baccalariorum
2398 2771 2463 2827 01
2499 2763 2888 2847 studentum,
2931 2762 3013 2828 de
3043 2787 3213 2831 novo

364 2863 487 2928 hoc
527 2866 744 2950 ipsum
789 2861 1125 2946 collegium
1169 2863 1384 2928 01111110
1439 2862 1603 2928 inibi
1645 2862 1942 2929 morandi
1994 2865 2132 2927 sive
2175 2865 2322 2927 iura
2376 2860 2732 2927 bursalium
2783 2862 3065 2928 faciendi
3115 2865 3208 2928 in-
3227 2872 3295 2930 m

363 2961 691 3048 grediens,
744 2971 1035 3048 tempore
1090 2962 1189 3024 sui
1234 2961 1535 3027 introitus
1578 2985 1700 3049 pro
1744 2961 2128 3027 utensilibus
2173 2962 2487 3048 coquinae
2529 2959 2885 3026 bursalium
2930 2973 2993 3026 et
3045 2973 3212 3027 stru-

364 3065 567 3127 cturis
609 3061 898 3126 eiusdem
944 3063 1316 3126 conventori
1360 3083 1481 3148 pro
1535 3073 1825 3148 tempore
1867 3062 2173 3126 existenti
2218 3084 2415 3126 unum
2456 3083 2754 3146 grossum
2787 3081 3032 3127 novum
3073 3083 3212 3127 cur-

362 3166 567 3227 rentis
610 3171 911 3226 monetae
951 3159 1109 3226 dare
1153 3169 1217 3225 et
1258 3160 1630 3248 persolvere
1671 3159 1924 3226 debeat.
2005 3158 2136 3241 Qui
2179 3158 2437 3248 quidem
2500 3162 2715 3247 grossi
2777 3184 2895 3248 per
2937 3184 3211 3227 conven-

365 3272 575 3326 torem
618 3260 894 3346 singulis
934 3260 1401 3326 mutationibus
1442 3260 1786 3346 diligenter
1829 3260 2047 3347 colligi
2090 3272 2153 3327 et
2194 3261 2568 3348 praeposito
2612 3256 2868 3346 collegii
2910 3282 3213 3349 praesen—

365 3362 491 3424 tari
536 3359 796 3424 debent.
883 3359 1063 3440 Quos
1104 3358 1276 3424 idem
1323 3361 1734 3447 praepositus
1792 3359 1970 3446 apud
2027 3382 2095 3424 se
2137 3361 2382 3425 tamdiu
2422 3360 2744 3441 retinebit,
2793 3358 3000 3425 donec
3039 3362 3109 3425 in
3152 3369 3296 3426 0125

369 3459 452 3523 0(1
495 3481 694 3524 usum
736 3468 1141 3545 praetactum
1181 3461 1550 3525 necessario
1611 3481 1938 3546 exponere
1987 3457 2270 3529 habebit.
2353 3458 2592 3525 Actum
2643 3460 2714 3523 in
2765 3458 2957 3541 stuba
3011 3461 3213 3545 magi—

368 3570 651 3623 strorum
700 3556 953 3643 collegii
1014 3559 1424 3645 praescripti,
1479 3557 1928 3644 praesentibus
1975 3567 2041 3623 01
2092 3557 2642 3623 consentientibus
2690 3557 2966 3623 dominis
3009 3561 3211 3645 magi-

366 3658 551 3722 stris:
638 3655 897 3722 Pascha
968 3656 1360 3721 Alvensleve
1427 3656 1508 3721 de
1576 3656 2078 3742 Magdenburgk
2093 3706 2110 3738 ,
2188 3656 2471 3743 Georgio
2530 3654 3074 3724 Bertholssfelder
3134 3658 3215 3724 de

365 3756 731 3842 Amberga,
776 3754 1048 3841 Virgilio
1095 3755 1567 3821 Wellendorfer
1622 3755 1704 3820 de
1759 3754 2178 3841 Saltzbmga,
2238 3750 2640 3844 Hieronymo
2681 3756 2762 3821 (10
2805 3756 3215 3843 Ochsenfurt,

369 3856 558 3921 Sixto
598 3855 838 3924 Pfeffer
884 3854 967 3920 de
1008 3853 1314 3938 Werdea,
1371 3854 1660 3920 Iohanne
1711 3854 1951 3940 Beligk
2010 3853 2091 3919 de
2151 3853 2392 3939 Ozeitz,
2447 3854 2732 3922 Iohanne
2783 3855 3089 3925 Bruncko
3133 3859 3214 3924 de
3230 3869 3298 3925 30

368 3955 762 4021 Stendalia.¹

366 4145 420 4206 3.
463 4155 884 4204 CONCLUSUM
924 4156 1017 4202 DE
1061 4154 1408 4203 MAGISTRO
1440 4152 1750 4201 MARTINO
1795 4152 2017 4201 SPORN
2056 4154 2150 4201 DE
2184 4156 2715 4205 FRANCKFORDIS
2745 4158 3125 4225 PUNIENDO,
3157 4160 3218 4207 SI

369 4255 713 4303 DEINCEPS
742 4255 974 4303 ALICUI
1018 4254 1297 4303 SUORUM
1341 4253 1811 4303 CONFRATRUM
1850 4252 2299 4302 DETRAXERI'P
2330 4255 2463 4302 VEL
2507 4257 2902 4306 mmRIA'rUS
2942 4259 3215 4309 FUERIT.

541 4385 668 4476 [Bl.
712 4384 858 4474 24¹²]
905 4388 1095 4452 Anno
1132 4387 1378 4452 domini
1425 4392 1583 4454 1494
1638 4386 1706 4449 in
1748 4384 1976 4471 vigilia
2018 4388 2227 4450 sancti
2266 4387 2751 4454 Bartholomaei
2794 4388 3101 4476 apostoli,
3146 4392 3213 4454 in

372 4486 646 4575 speciali
694 4488 1153 4553 convocatione
1196 4486 1449 4572 collegii
1503 4484 1588 4551 ad
1641 4484 1765 4549 hoc
1821 4484 2189 4571 specialiter
2229 4487 2422 4570 facta,
2474 4499 2545 4553 ut
2587 4511 2723 4576 pax
2763 4499 2828 4554 01
2870 4489 3296 4555 0011001111035

372 4590 539 4652 111101·
591 4589 942 4673 magistros
994 4585 1250 4672 collegii
1304 4585 1539 4679 futuris
1581 4582 1983 4669 temporibus
2040 4584 2436 4669 observetur,
2496 4586 2865 4652 conclusum
2905 4589 3028 4653 fuit
3069 4611 3215 4653 con-

373 4687 660 4754 corditer
703 4710 820 4774 per
862 4708 1079 4751 omnes
1119 4685 1467 4770 magistros
1512 4705 1632 4771 pro
1672 4694 1826 4748 tunc
1869 4682 2210 4769 collegium
2261 4695 2837 4771 repraesentantes,
2886 4687 3078 4773 quod,
3134 4710 3216 4752 ex

373 4811 497 4874 quo
550 4789 866 4872 magister
911 4784 1233 4848 Martinus
1286 4781 1501 4876 Spqrn
1553 4781 1634 4848 de
1685 4775 2241 4849 Franckenfordis
2302 4806 2763 4871 saepenumero
2824 4786 3017 4851 certis
3079 4789 3213 4852 suis

375 4884 810 4952 confratribus
854 4885 1144 4965 iniurias,
1192 4883 1487 4947 convicia
1528 4893 1592 4946 et
1634 4881 2047 4951 contumelias
2092 4883 2325 4966 intulit,
2371 4887 2464 4948 eis
2510 4882 2927 4966 detrahendo,
2986 4896 3057 4950 ut
3095 4888 3214 4973 igi-

372 4997 477 5052 tur
519 4987 591 5051 in
632 4986 918 5050 futurum
962 5007 1002 5048 a
1046 4981 1288 5048 talibus
1331 4980 1668 5065 abstineat,
1708 4982 1970 5069 placuit,
2012 4981 2206 5069 quod,
2250 4984 2303 5047 si
2348 4984 2679 5070 praefatus
2709 4985 3022 5069 magister
3041 4984 3212 5050 Mar·
3233 4997 3301 5052 40

545 5256 565 5306 1
621 5249 763 5305 Also
809 5249 1064 5306 wohnteu
1109 5248 1324 5304 damals
1372 5256 1398 5305 7
1451 5247 1720 5319 Magister
1762 5247 2093 5305 miethweise
2139 5249 2213 5303 im
2247 5247 2552 5319 Collegium
2595 5250 2801 5322 minus3
2846 5250 2994 5307 (101111
3027 5251 3221 5308 keiuer

374 5333 469 5391 der
498 5333 894 5407 ausgeffihroen
929 5352 1042 5390 war
1079 5332 1367 5405 Collegiat.

2766 5427 2880 5490 16·
