4038 6358
1095 645 1284 695 Fausto
1322 643 1854 710 Statutenredaction,
1889 655 2010 694 vom
2048 644 2213 695 Jahn-e
2253 643 2396 696 1507.
3076 644 3197 706 493

325 823 434 887 rit
490 848 606 890 seu
650 827 818 890 inter
861 848 932 889 se
971 824 1511 909 discordaverint,
1553 825 1748 892 talem
1795 833 2058 892 causam
2103 825 2189 891 ad
2230 825 2517 890 seniores
2570 823 2673 890 vel
2726 833 2925 889 totam
2982 824 3191 887 remit·

323 932 492 988 tere
534 924 928 989 facultatem.

331 1095 440 1157 ¹0.
503 1108 600 1155 DE
655 1107 1113 1156 LECTIONIBUS
1161 1110 1253 1156 ΕΤ
1297 1109 1684 1157 Exssssclcns
1727 1108 2157 1156 DILIGENTER
2197 1108 2574 1157 AUDOENDIS
2617 1110 2660 1155 A
2702 1106 3195 1154 PROMOVENDIS

1560 1210 1630 1257 m
1694 1208 2010 1256 ARTIBUS.

523 1305 697 1387 Quia
742 1307 1016 1372 facultas
1061 1307 1292 1373 artium
1338 1331 1457 1395 pro
1497 1309 1891 1373 incremento
1934 1307 2133 1373 studii
2169 1306 2456 1372 eiusdem
2515 1308 2689 1371 omni
2733 1328 2901 1370 anno
2944 1304 3193 1369 notabi-
3245 1315 3278 1368 5

332 1404 476 1470 lem
522 1406 872 1471 lectoribus
916 1407 1265 1471 ordinariis
1310 1409 1378 1472 in
1420 1408 1672 1472 artibus
1715 1411 2028 1473 institutis
2070 1406 2385 1493 expendit
2425 1408 2797 1493 pecuniam,
2854 1407 2961 1489 qui
3006 1406 3200 1468 etiam

346 1513 471 1582 (ut
514 1509 920 1592 experientia
962 1506 1195 1585 habet)
1237 1506 1357 1570 hoc
1399 1517 1692 1594 tempore
1736 1531 1990 1573 summa
2035 1530 2177 1571 cum
2224 1507 2561 1592 diligentia
2599 1517 2664 1569 et
2702 1508 3028 1570 fructuose
3052 1526 3201 1568 suas

326 1604 572 1690 legunt
615 1605 922 1670 lectiones
980 1627 1060 1670 ac
1125 1605 1430 1692 deinceps
1487 1607 1556 1670 in
1612 1608 1975 1695 profectum
2030 1609 2236 1670 nostri
2304 1605 2499 1669 studii
2557 1615 2621 1670 et
2673 1602 3061 1669 scholarium
3109 1604 3202 1666 sic

333 1703 481 1789 legi
528 1704 806 1770 debeant
848 1707 917 1769 in
958 1716 1346 1792 perpetuum
1386 1717 1523 1790 etc.,
1583 1708 1665 1772 ob
1707 1706 1778 1771 id
1822 1699 2051 1770 statuit
2091 1704 2366 1769 facultas
2410 1705 2576 1790 ipsa,
2634 1714 2697 1768 et
2736 1705 2957 1787 utique
2998 1704 3192 1767 ratio·

335 1804 677 1886 nabiliter,
723 1805 892 1892 quod
937 1806 1211 1892 quisque
1252 1806 1730 1892 promovendus
1774 1818 1837 1870 et
1881 1804 2213 1891 complens
2266 1806 2334 1867 in
2388 1803 2637 1868 artibus
2679 1802 2939 1867 easdem
2979 1801 3283 1866 lectio-10

337 1926 490 1986 nes,
535 1900 620 1968 ad
664 1904 909 1989 gradus
953 1903 1428 1970 baccalariatus
1470 1928 1583 1970 seu
1624 1906 1983 1990 magisterii
2025 1914 2415 1990 spectantes,
2456 1901 2799 1987 diligenter
2825 1901 3051 1966 audire
3089 1900 3197 1965 de-

351 2003 535 2085 beat,
583 2003 823 2069 nullam
868 2006 1007 2069 sine
1048 2025 1244 2068 causa
1287 2003 1660 2069 rationabili
1702 2004 2121 2090 negligend03
2179 2026 2328 2068 nam
2372 2013 2551 2067 recta
2592 2002 2758 2066 ratio
2804 2001 3191 2088 expostulat,

353 2103 562 2190 quod,
605 2105 772 2169 sicut
810 2103 1083 2169 lectores
1127 2106 1425 2189 magistri
1470 2108 1604 2170 suis
1647 2107 2005 2190 promissis,
2047 2105 2242 2168 immo
2283 2102 2683 2182 iuramentis,
2725 2099 2811 2164 ad
2853 2100 3197 2186 diligenter

359 2213 432 2265 et
473 2203 804 2267 fructuose
845 2202 1192 2288 legendum
1236 2204 1752 2288 asstringuntur,
1811 2205 1905 2267 ita
1967 2213 2031 2267 et
2081 2201 2406 2266 scholares
2450 2200 2790 2288 parimodo
2834 2198 3200 2266 huiusmodi

342 2299 664 2365 lectiones
707 2301 937 2366 audire
977 2305 1170 2367 etiam
1217 2301 1335 2367 sub
1381 2306 1511 2367 suis
1559 2304 1982 2367 iuramentis¹
2030 2324 2142 2366 seu
2185 2301 2360 2366 bona
2404 2300 2550 2383 fide,
2598 2321 2762 2384 quae
2803 2299 3198 2386 aequipollet
3220 2312 3281 2364 15

348 2400 740 2483 iuramento,
788 2401 1024 2466 debent
1068 2425 1212 2466 esse
1255 2404 1558 2468 asstricti.
1641 2402 1730 2466 Et
1775 2415 1844 2465 ut
1887 2418 2184 2466 constare
2229 2402 2467 2487 poterit
2509 2398 2588 2463 de
2618 2398 2957 2484 diligentia
2987 2400 3200 2464 huius-

347 2498 534 2564 modi
575 2499 959 2584 lectionum,
1048 2504 1144 2566 sic
1182 2502 1548 2567 auditarum
1608 2526 1727 2589 per
1766 2500 2275 2589 promovendos,
2362 2513 2656 2587 tempore
2698 2499 3200 2585 dispensationis

349 2621 475 2684 pro
516 2598 733 2686 aliquo
779 2600 992 2686 gradu
1031 2605 1101 2666 in
1144 2603 1395 2667 artibus
1435 2625 1579 2666 cum
1623 2601 1797 2666 nullo
1840 2600 2283 2687 promovendo
2327 2599 2694 2685 dispensari
2720 2599 2973 2680 debeat,
3020 2594 3123 2685 [35
3144 2596 3197 2685 ⁸]

355 2698 488 2762 nisi
533 2697 773 2763 habeat
816 2701 1320 2786 recognitionem
1360 2700 1642 2784 lectoris,
1691 2725 1731 2765 a
1775 2723 1901 2787 quo
1946 2700 2231 2788 aliquam
2267 2699 2605 2764 lectionem
2639 2698 3036 2766 ordinariam
3082 2721 3200 2784 pro

357 2820 482 2861 sua
522 2798 947 2886 completione
991 2800 1261 2882 audivit,
1306 2802 1416 2887 qui
1459 2801 1825 2866 huiusmodi
1868 2802 2375 2885 recognitionem
2430 2821 2627 2864 manu
2680 2801 2948 2884 propria
3009 2799 3283 2883 profi-20

353 2905 593 2980 teatur,
637 2897 756 2981 .N.,
797 2898 992 2964 talem
1037 2898 1413 2982 scholarem,
1460 2899 1802 2986 diligenter
1847 2924 2031 2965 suam
2069 2899 2411 2964 lectionem
2455 2899 2781 2962 visitasse,
2846 2896 3061 2977 Quam
3106 2922 3203 2963 re-

361 2998 799 3082 cognitionem
845 3002 898 3063 si
940 3021 1070 3064 non
1114 2998 1482 3064 exhibuerit
1524 2999 1768 3064 decano
1797 3000 2127 3065 facultatis
2150 3010 2442 3084 tempore
2467 2997 2843 3083 praemissu,
2888 3008 3203 3085 tanquam

355 3097 621 3161 omnino
667 3096 1002 3184 negligens
1045 3109 1384 3185 reputatus
1426 3110 1488 3163 et
1526 3122 1655 3164 non
1697 3099 2027 3187 complens
2069 3107 2286 3187 potest
2314 3106 2378 3160 et
2408 3095 2600 3161 debet
2636 3097 2965 3184 impediri.
3035 3097 3200 3164 Con-

356 3197 590 3261 similis
634 3197 863 3263 modus
907 3198 989 3262 dc
1033 3201 1372 3264 exerciciis
1415 3199 1656 3265 auditis
1700 3223 1818 3287 per
1862 3199 2343 3286 promovendos
2402 3195 2594 3261 debet
2651 3202 2920 3262 servari.
3004 3197 3092 3261 Et
3135 3207 3208 3263 ut

355 3294 482 3361 hoc
523 3297 734 3361 sciant
770 3298 1100 3364 auditores
1155 3298 1501 3363 lectionum
1558 3310 1621 3363 et
1673 3301 2164 3381 exercitiorum,
2250 3319 2330 3362 ne
2389 3305 2734 3382 praetextu
2787 3299 3276 3383 ignorantiae25

356 3394 557 3469 (ultra
599 3395 1104 3481 publicationem
1145 3390 1264 3485 per
1305 3398 1620 3462 decanum
1659 3409 1953 3485 tempore
2009 3398 2303 3463 lectionis
2348 3404 2733 3461 statutorum
2787 3398 3048 3476 factam)
3070 3398 3095 3438 2
3132 3420 3202 3461 se

355 3493 622 3559 valeant
672 3519 1005 3579 excusare,
1045 3499 1339 3583 magistri
1378 3498 1651 3563 lectores
1699 3508 1762 3562 et
1797 3506 2172 3563 exercentes
2207 3498 2275 3561 in
2302 3497 2625 3582 principio
2652 3516 2915 3560 suorum
2940 3508 3199 3561 actuum

357 3593 889 3661 scholasticorum
934 3620 1084 3662 suos
1127 3598 1454 3663 auditores
1498 3620 1692 3685 super
1732 3597 1834 3662 his
1880 3599 2122 3662 seriose
2160 3595 2396 3660 debent
2415 3596 2672 3659 avisare
2696 3596 2720 3636 3
2759 3594 3195 3682 inducereque

357 3693 547 3759 bonis
591 3695 823 3760 mediis
866 3696 1342 3783 persuadend0‚
1386 3709 1457 3761 ut
1501 3698 1742 3761 intrent
1801 3696 2145 3781 diligenter
2196 3717 2348 3760 suas
2407 3693 2715 3758 lectiones
2773 3705 2835 3759 et
2880 3695 3204 3759 exercicia

357 3795 546 3858 iuxta
588 3794 869 3882 desuper
912 3795 1090 3875 edita
1131 3806 1405 3879 statuta3
1448 3795 1736 3883 alioquin
1779 3819 1895 3861 suo
1937 3805 2231 3881 tempore
2262 3796 2768 3880 recognitionem
2792 3816 2987 3880 super
3009 3794 3190 3858 audi·
3211 3804 3281 3859 30

357 3894 532 3959 tione
574 3893 940 3963 huiusmodi
978 3895 1321 3961 lectionum
1366 3906 1429 3959 et
1472 3897 1945 3960 exerciciorum
1985 3895 2251 3959 minime
2295 3893 2378 3958 ab
2430 3896 2523 3959 eis
2558 3894 3013 3980 impetrabunt.

381 4100 473 4158 11.
537 4098 822 4171 QUAN'I‘O
869 4113 1197 4161 TEMPORE
1259 4114 1415 4174 QUIS
1477 4084 1546 4159 IN
1591 4114 1724 4160 HAG
1767 4112 2274 4161 UNIVERSITATE
2316 4113 2500 4160 ANTE
2548 4111 2821 4161 GRADUS
2863 4112 3202 4160 BAccALA-

1045 4213 1291 4263 RIATUS
1335 4210 1920 4262 CONSECUTIONEM
1964 4212 2185 4260 STARE
2226 4213 2524 4261 DEBEAT.

528 4344 761 4409 Nullus
806 4344 998 4410 debet
1049 4344 1301 4410 admitti
1346 4343 1431 4409 ad
1477 4368 1749 4411 examen
1807 4369 1925 4433 pro
1981 4344 2194 4430 gradu
2251 4344 2764 4428 baccalariatus,
2848 4346 2955 4430 qui
3023 4347 3202 4431 prius

367 4445 434 4508 in
478 4442 611 4507 alia
652 4446 1075 4509 universitate
1119 4468 1246 4510 non
1291 4446 1532 4528 stetit,⁴
1585 4447 1714 4511 nisi
1771 4446 1854 4510 ad
1898 4447 2110 4510 minus
2164 4446 2233 4510 in
2276 4449 2404 4510 ista
2443 4445 2867 4510 universitate
2909 4447 3283 4509 steterit⁵35

364 4543 557 4630 quasi
605 4542 686 4608 ad
735 4543 1007 4609 alterum
1050 4542 1388 4611 dimidium
1431 4567 1685 4610 annum.
1728 4545 1815 4610 Et
1858 4544 1982 4610 hoc
2018 4536 2264 4632 ‘quasi'
2311 4568 2440 4610 non
2483 4544 2783 4611 diminuit
2821 4542 2966 4631 plus
3011 4566 3203 4631 quam

359 4665 478 4709 sex
522 4644 939 4729 septimanas.

537 4898 554 4947 1
600 4893 706 4949 Am
739 4894 966 4949 Raude:
1008 4894 1304 4969 Oblz'yaciq
1332 4895 1757 4948 iuramentomm
1789 4901 1866 4947 est
1896 4893 2116 4947 sublata
2148 4894 2363 4947 decreto
2384 4892 2689 4963 facultatis
2732 4898 2874 4949 1520.

539 4982 569 5032 2
605 4977 715 5033 Die
751 4979 918 5049 (auch
953 4978 1026 5033 im
1067 4978 1338 5050 Original)
1371 4979 1426 5032 in
1463 4973 1779 5033 Klammern
1815 4977 2238 5048 geschlosseuen
2269 4978 2466 5033 Worte
2500 4978 2740 5047 gehon-en
2768 4978 2906 5032 wohl
2942 4983 3053 5032 erst
3087 4977 3202 5032 hin—

360 5067 446 5117 ter
477 5080 737 5119 excusare
771 5064 854 5118 als
887 5063 1106 5133 Regina
1145 5063 1242 5116 des
1277 5062 1628 5118 Nachsatzes.

531 5151 562 5201 3
597 5147 820 5202 Driiber
852 5145 1208 5216 geschrieben
1246 5148 1543 5201 exhortari.

528 5238 562 5287 4
599 5230 820 5285 Driiber
851 5229 1211 5301 geschrieben
1243 5232 1368 5299 eyit.

529 5321 560 5369 5
597 5313 1139 5385 Uebergeschrieben
1172 5315 1357 5385 eyerit.
