4038 6358
843 642 962 707 492
1815 647 1914 697 Die
1963 648 2401 711 philosophischc
2440 647 2692 700 Facultfit.

845 824 1083 911 poterit
1124 825 1364 891 habere
1408 829 1634 912 gratiS‚
1680 827 1762 893 de
1805 852 1930 916 quo
1970 828 2163 894 fidem
2209 829 2329 895 sub
2375 853 2489 896 suo
2534 832 2893 896 iuramento
2949 851 3068 916 per
3123 828 3287 894 duos
3327 827 3505 891 viros
3559 823 3712 889 ido-

841 946 1016 1007 neOS,
1062 925 1295 1012 quibus
1336 927 1460 993 hoc
1503 939 1775 1008 constat,
1820 938 1933 993 aut
1974 952 2093 1018 per
2139 929 2269 996 alia
2308 929 2695 996 documenta
2737 930 2953 995 facere
2996 937 3308 994 teneatur.

843 1095 898 1157 9.
942 1109 1035 1156 DE
1067 1110 1512 1160 EXECUTIONE
1550 1113 1641 1159 ΕΤ
1676 1113 2152 1162 OBSERVANTIA
2186 1114 2531 1162 PRAEFATI
2561 1114 2880 1178 STATUTI,
2927 1113 3238 1162 SCILIOET
3261 1114 3357 1161 DE
3390 1113 3709 1162 s'rANm

1517 1213 1609 1261 ΕΤ
1655 1212 1880 1261 MENSA
1919 1214 2000 1261 m.
2031 1213 2231 1262 LOCIS
2270 1213 2613 1267 PRORATIS
2654 1214 2999 1263 HABENDA.

762 1329 795 1385 5
1012 1324 1268 1410 Placet,
1330 1327 1503 1413 quod
1565 1328 1777 1394 nullus
1844 1329 2226 1394 admittatur
2279 1329 2366 1394 ad
2405 1351 2678 1394 examen
2721 1328 2824 1393 vel
2868 1337 3262 1415 temptamen
3304 1353 3429 1418 pro
3472 1330 3708 1416 aliquo

844 1422 1057 1508 gradu
1112 1425 1180 1490 in
1235 1426 1483 1493 artibus
1502 1478 1520 1510 ,
1583 1429 1708 1494 nisi
1756 1430 1820 1493 in
1867 1428 2083 1514 aliquo
2129 1428 2546 1515 collegiorum
2588 1428 2691 1494 vel
2732 1428 2933 1493 bursa
2978 1428 3346 1516 approbata
3386 1432 3708 1494 continue

839 1525 1117 1608 steterit,
1190 1526 1557 1616 ibidemque
1610 1551 1754 1593 cum
1805 1529 2022 1616 aliquo
2083 1529 2543 1614 magistrorum
2601 1527 2706 1594 vel
2761 1530 3283 1616 praepositorum
3328 1527 3706 1615 vulgariter

838 1622 932 1686 sic
975 1637 1490 1713 nuncupatorum
1546 1650 1836 1692 mensam
1891 1631 2169 1693 tenuerit
2233 1638 2297 1695 et
2359 1638 2575 1694 cetera
2639 1629 2784 1693 iura
2849 1627 3141 1693 bursalia
3200 1629 3465 1709 feccrit,
3544 1629 3703 1693 istis

840 1720 1180 1789 dumtaxat
1251 1725 1528 1813 demptis
1598 1728 1925 1813 personia,
2007 1751 2170 1813 quas
2247 1730 2765 1816 suprascriptum
2850 1737 3198 1810 statutum,
3264 1728 3535 1813 loquens
3604 1727 3703 1792 de

765 1829 826 1884 10
841 1824 1111 1905 stantia,
1181 1846 1490 1912 expresse
1563 1828 1811 1892 eximit.
1925 1827 2049 1892 Est
2113 1828 2283 1893 enim
2354 1836 2528 1893 certo
2583 1829 2850 1909 certius,
2928 1826 3105 1916 quod
3172 1851 3255 1893 ex
3320 1826 3701 1892 huiusmodi

843 1921 1025 2006 larga
1067 1922 1326 1990 licentia
1367 1925 1879 2015 tollerantiaquc,
1922 1926 2233 1992 hactenus
2281 1925 2600 2009 admissa,
2670 1936 2736 1991 et
2793 1926 3307 1992 dissimulatione
3358 1926 3696 1992 facultatis

841 2023 1114 2105 artium,
1185 2024 1355 2112 quod
1425 2026 1695 2110 quilibet
1755 2026 2343 2114 promovendorum
2386 2026 2472 2091 ad
2506 2026 2985 2113 beneplacitum
3028 2049 3213 2114 suum
3254 2026 3589 2113 prandere
3622 2039 3693 2091 et

841 2143 1115 2187 coenare
1158 2132 1346 2188 extra
1389 2124 1534 2190 loca
1563 2125 1930 2213 approbata
1958 2134 2233 2212 poterat,
2276 2127 2607 2212 sequitur¹
2653 2124 3021 2209 eorundem,
3066 2128 3475 2212 experientia
3496 2126 3692 2212 (quae

837 2243 1051 2286 rerum
1107 2225 1424 2310 magistra
1466 2232 1584 2303 est)
1627 2235 1941 2307 testante,
2009 2227 2077 2290 in
2131 2226 2343 2291 studio
2406 2234 2471 2293 et
2520 2224 2807 2290 moribus
2851 2248 2979 2290 non
3021 2224 3281 2291 modica
3326 2225 3686 2306 dissolutio,
3760 2228 3767 2232 ’

761 2320 988 2385 15item
1027 2319 1426 2409 negligentes
1468 2323 1939 2412 disputationes
1985 2327 2339 2407 serotinae,
2403 2348 2532 2390 non
2586 2324 3002 2390 observantia
3064 2323 3448 2407 latinitatis,
3525 2346 3687 2410 quae

832 2421 1049 2485 omnia
1110 2423 1178 2486 in
1237 2446 1540 2509 magnam
1598 2426 2035 2491 confusionem
2097 2434 2161 2489 et
2214 2423 2592 2489 scandalum
2636 2419 2965 2488 facultatis
3019 2424 3256 2489 artium
3300 2431 3589 2510 vergunt
3626 2434 3687 2487 et

834 2522 1422 2606 promovendorum
1460 2523 1960 2605 {dissolutionem
1981 2574 2000 2607 ,
2081 2524 2279 2589 latam
2341 2523 2805 2609 negligentiam
2863 2531 2926 2587 et
2985 2524 3251 2590 minime
3306 2525 3681 2612 profectum.

833 2617 1074 2685 Volens
1117 2623 1333 2708 itaque
1373 2622 1648 2688 facultas
1692 2625 1928 2689 artium
1971 2623 2122 2688 huic
2162 2626 2389 2706 errori,
2452 2632 2516 2688 et
2557 2645 2687 2688 non
2727 2623 3069 2707 immerit0,
3120 2647 3507 2690 succurrere
3525 2673 3544 2706 ,
3588 2646 3683 2688 cu·

842 2719 1153 2806 piensque
1197 2745 1456 2787 suorum
1500 2722 1891 2788 scholarium
1932 2723 2198 2788 utilitati
2252 2746 2372 2811 pro
2430 2720 2627 2787 studii
2679 2725 3075 2788 incremento
3148 2723 3532 2810 providere,
3601 2724 3685 2787 ita

754 2817 1011 2904 20quod
1054 2820 1324 2909 quilibet
1365 2821 1956 2908 promovendorum
1995 2825 2063 2888 in
2108 2821 2354 2888 artibus
2398 2823 2609 2908 magis
2653 2843 2848 2909 quam
2891 2822 3074 2908 prius
3113 2823 3182 2887 in
3226 2822 3486 2890 actibus
3510 2821 3682 2886 scho-

840 2916 1086 2984 lasticis
1131 2931 1194 2985 et
1234 2920 1424 2986 bonis
1467 2922 1754 2987 moribus
1810 2945 1951 2988 sese
2007 2923 2225 2988 valeat
2284 2943 2590 2987 exercere
2655 2930 2720 2986 et
2784 2919 3102 3008 proficere
3173 2931 3310 3005 etc,
3382 2920 3685 3003 decrevit,

837 3016 1010 3104 quod
1053 3017 1135 3084 de
1167 3029 1378 3087 cetero
1420 3022 1937 3109 suprascriptum
1979 3032 2294 3088 statutum
2337 3020 2418 3085 de
2461 3021 2701 3087 stantia
2744 3029 2809 3086 et
2849 3042 3075 3085 mensa
3119 3030 3235 3086 etc.
3291 3019 3681 3085 inviolabili·

837 3123 935 3181 ter
976 3115 1060 3183 ab
1103 3141 1486 3209 unoquoque
1519 3119 2105 3209 promovendorum
2147 3123 2215 3187 in
2258 3120 2511 3187 artibus
2554 3119 2748 3186 debet
2801 3119 3154 3186 observari.
3235 3115 3340 3209 [34
3357 3117 3415 3207 b]
3464 3119 3553 3185 Et
3597 3142 3684 3184 sc·

828 3239 940 3281 cus
982 3219 1326 3304 facienteS,
1413 3221 1658 3286 scilicet
1728 3225 2032 3287 stantiam
2076 3232 2139 3287 et
2186 3244 2474 3287 mensam
2534 3220 2724 3287 modo
2772 3219 3108 3308 praedicto
3171 3243 3300 3286 non
3355 3219 3684 3301 habenteS,

750 3325 950 3381 25su0
996 3328 1290 3406 tempore
1331 3344 1451 3407 pro
1493 3320 1709 3410 aliquo
1749 3320 1962 3407 gradu
2013 3324 2081 3386 in
2136 3320 2387 3386 artibus
2450 3343 2861 3409 nequaquam
2923 3319 3163 3385 debent
3221 3320 3515 3403 admitti,
3575 3342 3687 3384 nec

831 3439 974 3481 cum
1016 3420 1108 3483 eis
1148 3420 1572 3505 quovismodo
1619 3445 1816 3508 super
1856 3420 1970 3487 tali
2016 3421 2287 3504 defectu,
2330 3421 2577 3485 scilicet
2618 3443 2745 3485 non
2789 3420 3030 3484 stantia
3056 3429 3123 3484 et
3148 3443 3392 3503 mensa,
3424 3419 3684 3507 dispen-

837 3518 987 3582 sari.
1071 3517 1158 3582 Et
1198 3527 1270 3584 ut
1310 3519 1391 3584 de
1432 3523 1809 3607 praemissis
1854 3520 2077 3585 debita
2113 3520 2227 3584 fiat
2271 3522 2605 3602 executio,
2678 3518 2872 3585 debet
2923 3528 3216 3606 tempore
3260 3518 3682 3606 dispensatio·

833 3617 936 3681 nis
980 3617 1251 3703 quilibet
1293 3620 1771 3707 promovendus
1817 3643 2014 3707 super
2062 3619 2432 3685 huiusmodi
2473 3620 2714 3684 stantia
2757 3629 2824 3684 et
2867 3641 3122 3701 mensa,
3177 3620 3246 3684 in
3289 3618 3509 3706 aliquo
3546 3618 3684 3683 loco

835 3716 1199 3803 approbato
1240 3742 1358 3805 per
1402 3742 1545 3784 eum
1589 3718 1884 3801 habitis2,
1926 3719 2431 3805 recognitionem
2474 3721 2574 3784 sui
2617 3719 3029 3784 conventoris
3073 3728 3187 3783 aut
3225 3716 3495 3783 alterius
3535 3717 3683 3782 fide-

748 3815 1015 3901 30digni
1060 3819 1358 3903 magistri
1400 3817 1646 3883 decano
1686 3817 2011 3883 facultatis
2052 3829 2501 3906 praesentare,
2567 3820 2677 3906 qui
2733 3819 2932 3883 etiam
2984 3817 3350 3887 huiusmodi
3392 3818 3681 3904 recogni-

795 3912 1076 3980 'tionem
1144 3917 1228 3982 ab
1289 3918 1451 4004 ipsis
1505 3916 1967 4004 promovendis
2021 3929 2312 4006 tempore
2368 3917 2873 4004 dispensationis
2931 3916 3050 3982 sub
3109 3940 3222 3983 suo
3279 3918 3639 3983 iuramento
3664 3917 3688 3957 ³

835 4015 1164 4102 postulare
1209 4016 1400 4083 debet
1442 4040 1585 4083 esse
1626 4019 2002 4099 asstrictus,
2091 4027 2156 4083 et
2208 4028 2359 4082 tunc
2410 4018 2525 4082 toti
2580 4015 2873 4081 facultati
2929 4016 3148 4104 palam
3204 4016 3557 4099 exhibere3
3627 4026 3688 4081 et

834 4115 960 4180 nisi
1004 4118 1148 4200 quis
1192 4115 1557 4181 huiusmodi
1600 4118 2108 4201 recognitionem
2154 4140 2269 4181 suo
2324 4126 2617 4203 tempore
2674 4114 3077 4199 exhibuerit,
3163 4116 3248 4180 sit
3309 4118 3458 4204 ipso
3518 4116 3685 4181 facto

834 4215 1201 4302 impeditus.
1278 4215 1349 4281 Si
1404 4226 1619 4281 autem
1663 4215 1924 4304 aliquod
1968 4218 2375 4304 suppositum
2421 4216 2748 4280 facultatis
2783 4214 2996 4297 fuerit,
3041 4214 3217 4302 quod
3260 4238 3530 4281 causam
3575 4216 3682 4280 ha·

751 4313 991 4380 35beat
1033 4315 1506 4399 rationabilem,
1552 4340 1665 4381 cur
1708 4319 2073 4404 praemissa
2116 4315 2197 4380 de
2240 4317 2480 4380 stantia
2522 4325 2586 4380 et
2627 4337 2853 4379 mensa
2905 4312 3172 4387 comode
3231 4337 3501 4380 servare
3562 4338 3684 4380 non

832 4413 1080 4497 valeat,
1151 4414 1272 4480 hoc
1333 4415 1527 4481 debet
1590 4417 1659 4480 in
1727 4416 2051 4502 principio
2120 4415 2392 4480 alicuius
2457 4415 2832 4479 mutationis
2901 4412 3154 4479 deferre
3221 4412 3309 4480 ad
3373 4413 3683 4480 decanum

831 4513 1158 4579 facultatis
1203 4516 1459 4598 artium,
1515 4518 1622 4601 qui
1672 4538 1819 4580 cum
1878 4514 2089 4579 tribus
2151 4513 2276 4578 sibi
2333 4513 2783 4601 condeputatis
2841 4514 3177 4599 magistris
3232 4512 3689 4579 executoribus

836 4613 1111 4679 fideliter
1151 4636 1412 4679 causam
1457 4615 1699 4697 audiat,
1743 4637 1909 4700 quae
1955 4615 2008 4679 si
2053 4637 2294 4700 urgens
2340 4622 2404 4678 et
2444 4611 2853 4678 rationabilis
2910 4613 3106 4678 fuerit
3123 4662 3141 4696 ,
3201 4615 3441 4700 poterit
3485 4611 3686 4677 indul-

835 4737 1009 4802 gere,
1051 4724 1123 4779 ut
1167 4715 1471 4779 stantiam
1515 4726 1578 4778 et
1621 4737 1910 4779 mensam
1954 4713 2112 4778 alibi
2161 4735 2355 4800 quam
2399 4715 2466 4778 in
2511 4713 2652 4777 loco
2686 4711 3049 4799 approbato
3072 4722 3321 4795 teneat3
3365 4735 3447 4777 ea
3477 4722 3686 4778 autem

758 4815 1100 4880 40minime
1156 4815 1475 4878 existente
1528 4813 1899 4879 rationabili
1919 4863 1936 4896 ,
2004 4824 2137 4878 tam
2188 4816 2332 4904 ipse
2383 4813 2667 4880 decanus
2713 4832 2909 4898 quam
2950 4814 3248 4899 magistri
3308 4822 3687 4877 executores

836 4914 953 4980 sub
996 4935 1209 5001 poena
1248 4913 1519 4999 periurii
1567 4912 1906 4999 indulgere
1945 4937 2075 4980 non
2118 4913 2369 4980 debent.
2457 4914 2740 4979 Possunt
2779 4921 3018 4993 tamen,
3063 4912 3120 4977 si
3163 4913 3258 4978 cis
3303 4912 3521 4978 visum
3561 4912 3691 4976 fue·

1000 5168 1017 5219 1
1057 5156 1603 5237 Uebergeschrieben
1638 5169 1912 5233 nequatur.

999 5254 1029 5303 2
1061 5246 1436 5305 Gescbrieben
1471 5247 1545 5301 ist
1580 5248 1798 5301 habitas

1004 5336 1035 5387 3
1070 5332 1180 5387 Am
1216 5332 1436 5388 Raude:
1474 5331 1757 5403 Obliqatio
1795 5332 2090 5387 iuramenti
2123 5330 2342 5385 sublata
2361 5331 2579 5387 decreto
2598 5327 2908 5399 facultatis
2932 5331 3079 5383 152⁰.
