4038 6358
1402 665 1665 717 Entwfirfe
1701 680 1825 717 vom
1858 667 2024 718 Jshre
2062 665 2207 720 1444.
3105 668 3226 735 363

544 853 605 915 9.
645 846 810 913 Item
850 845 1099 935 placet,
1155 855 1228 914 ut
1278 869 1452 915 nunc
1502 856 1568 914 et
1626 847 1922 916 decetero
1975 847 2216 937 singuli
2256 848 2683 938 promovendi
2721 856 3227 940 promoveantur

334 965 489 1031 per
551 947 906 1034 magistros
964 947 1245 1015 nationis
1300 970 1460 1015 suae
1516 948 1867 1015 secundum
1918 948 2118 1015 talem
2170 948 2454 1017 modum.
2539 949 2769 1017 Senior
2821 952 2891 1016 in
2940 948 3229 1040 qualibet

332 1046 637 1112 natione
679 1042 972 1134 singulos
1011 1045 1330 1115 admissos
1369 1049 1438 1114 in
1482 1071 1600 1114 sua
1635 1049 1897 1115 natione
1930 1049 2000 1114 in
2036 1049 2337 1137 proximo
2378 1051 2677 1116 examine
2713 1051 2928 1117 futuro
2970 1072 3225 1138 promo-

332 1153 555 1227 vent,
601 1145 661 1212 si
704 1167 789 1212 ex
832 1154 1009 1213 sorte
1048 1146 1201 1213 talis
1238 1169 1370 1213 non
1410 1147 1605 1213 fuerit
1647 1148 2089 1233 examinator3
2121 1136 2266 1215 “sed
2315 1150 2370 1215 si
2427 1150 2621 1217 fuerit
2663 1152 3100 1232 examinator,
3146 1150 3234 1216 sit

334 1263 649 1330 sequens
692 1244 1044 1312 secundum
1086 1248 1335 1313 senium
1372 1248 1442 1312 in
1485 1246 1713 1313 eadem
1750 1248 2010 1314 natione
2025 1296 2043 1330 ,
2083 1256 2152 1313 et¹
2189 1247 2378 1314 alteri
2433 1250 2672 1317 seniori
2712 1258 2979 1338 propter
3019 1250 3221 1336 impe·
3276 1257 3311 1316 5

339 1340 729 1411 dimentum
772 1354 1137 1412 reservetur
1178 1348 1497 1434 promotio
1542 1368 1818 1435 sequens
1877 1347 2245 1415 inmediate.
2330 1347 2420 1414 Et
2458 1351 2554 1416 sic
2592 1350 2987 1439 procedatur
3023 1371 3229 1438 usque

336 1441 449 1509 ad
498 1444 820 1511 iuniorem
857 1446 929 1511 in
968 1445 1234 1513 consilio
1290 1445 1615 1513 facultatis
1655 1445 1990 1515 inclusive.
2057 1447 2340 1513 Demum
2382 1448 2611 1516 ordine
2653 1449 2835 1516 finito
2883 1449 3230 1538 reincipiat

342 1544 592 1611 senior
632 1543 923 1611 eiusdem
969 1547 1271 1613 nationis.

549 1680 648 1744 10.
690 1677 856 1743 Item
895 1677 1132 1767 placet,
1172 1688 1247 1745 ut
1286 1677 1558 1766 quilibet
1593 1677 2186 1767 promovendorum
2216 1680 2286 1745 in
2315 1680 2564 1747 artibus
2596 1680 2683 1747 ad
2712 1683 2927 1749 minus
2963 1704 3079 1748 suo
3122 1680 3234 1747 det

342 1777 732 1861 promotori
774 1776 936 1845 duos
975 1777 1254 1845 florenos
1307 1780 1377 1845 in
1418 1800 1577 1845 auro
1632 1777 1719 1844 ad
1757 1776 2170 1844 kathedram.
2252 1778 2385 1845 Sed
2437 1782 2492 1845 si
2534 1780 2780 1873 aliquid
2817 1805 2938 1871 pro
2985 1781 3230 1851 honore
3251 1789 3315 1847 10

345 1894 490 1940 suo
549 1884 618 1939 et
679 1898 834 1942 suae
883 1878 1164 1944 nationis
1218 1877 1380 1944 velit
1434 1877 1594 1944 dare
1626 1920 1631 1927 -
1661 1876 1865 1962 ultra,
1929 1881 2345 1946 committitur
2413 1903 2529 1947 suo
2580 1880 2877 1949 arbitrio.
2960 1881 3052 1948 Et
3109 1880 3234 1947 hoc

346 1972 759 2061 intelligitur
801 1975 883 2042 de
923 1976 1312 2045 habentibus
1328 2027 1348 2062 ,
1414 1986 1479 2044 et
1514 1977 1687 2043 hunc
1724 1986 1988 2065 reputat
2027 1978 2302 2046 facultas
2344 1979 2721 2066 habentem,
2765 1983 2878 2068 qui
2922 2004 3055 2049 non
3101 2003 3231 2047 ser-

347 2074 542 2143 vivit
580 2096 705 2142 nec
744 2075 816 2141 in
858 2076 1201 2144 serviendo
1240 2076 1494 2144 addidit
1535 2085 1600 2143 et
1642 2078 1967 2165 signetum
2004 2077 2334 2145 facultatis
2373 2079 2665 2149 redemit.

618 2211 735 2275 Am
760 2213 1012 2277 Ranae:
1052 2207 1215 2276 duos
1252 2208 1812 2295 baccalariandus,
1852 2221 2128 2298 quatuor
2167 2212 2684 2300 magistrandus3
2725 2218 2909 2279 neten
2951 2212 3114 2280 duos
3152 2215 3231 2275 ist

449 2311 677 2373 notter-t
711 2313 770 2391 3,
812 2313 994 2373 naban
1034 2317 1312 2396 quatuor
1352 2316 1415 2378 5.
3247 2318 3310 2376 15

544 2448 640 2509 11.
677 2441 841 2508 Item
881 2441 1130 2530 placet,
1167 2450 1241 2508 ut
1275 2442 1428 2509 talis
1464 2445 1740 2533 pecunia
1756 2493 1775 2528 ,
1831 2466 1996 2533 quae
2039 2444 2135 2509 sic
2147 2492 2166 2528 ,
2219 2452 2296 2510 ut
2357 2444 2824 2533 praemittitur,
2880 2444 2967 2511 ad
3005 2443 3229 2510 kathe-

356 2540 564 2608 dram
602 2540 814 2627 datur,
854 2541 1125 2629 singulis
1164 2543 1496 2630 magistris
1536 2543 1825 2610 eiusdem
1878 2544 2160 2613 nationis
2173 2592 2196 2628 ,
2251 2545 2364 2632 qui
2416 2543 2548 2611 sint
2601 2544 2683 2610 de
2722 2544 2989 2612 consilio
3029 2542 3229 2610 facul-

358 2644 559 2727 tatis,
598 2640 954 2731 aequaliter
997 2639 1201 2708 cedat.

547 2779 641 2842 12.
680 2774 842 2841 Item
882 2795 1053 2841 nunc
1095 2781 1161 2841 et
1201 2775 1466 2841 inantea
1494 2776 1702 2842 omnis
1745 2776 2043 2863 pecunia,
2094 2798 2261 2865 quae
2299 2774 2570 2844 debetur
2610 2778 2944 2864 magistris
2982 2778 3234 2844 ratione

360 2873 691 2963 propinae
732 2874 802 2940 in
845 2870 1111 2941 consilio
1150 2873 1479 2943 facultatis
1494 2924 1513 2959 ,
1556 2898 1689 2943 non
1728 2873 1923 2942 debet
1960 2875 2168 2943 dividi
2209 2877 2379 2942 inter
2423 2877 2805 2964 magistros,
2850 2875 2973 2944 sub
3014 2883 3307 2965 poenam

361 2974 678 3060 periurii3
721 2973 839 3039 sed
878 2974 1196 3060 magistri,
1237 2983 1308 3040 ut
1337 2976 1619 3062 poterint
1657 2975 2033 3042 conversari
2070 2984 2292 3041 mutuo
2336 2983 2401 3041 et
2441 2977 2806 3043 amiciciam
2847 2974 3228 3043 contrahere

362 3074 715 3156 maiorem,
756 3094 899 3143 eam
942 3070 1291 3162 perbibant
1302 3124 1322 3159 ,
1362 3083 1430 3140 et
1470 3076 1528 3141 si
1567 3085 1723 3141 tunc
1761 3073 2117 3159 noluerint,
2182 3073 2468 3141 decanus
2509 3078 2761 3165 integre
2804 3075 2911 3143 vel
2955 3085 3228 3164 partem,

363 3195 567 3260 quam
607 3195 738 3239 non
770 3171 1231 3261 perbiberunt,
1294 3183 1602 3240 reservet.
1678 3173 1770 3241 Et
1811 3198 1958 3241 cum
1999 3174 2195 3242 fuerit
2236 3176 2642 3264 oportunitas
2655 3226 2674 3260 ,
2731 3176 2916 3243 iuxta
2958 3174 3228 3242 consilia

368 3273 699 3340 seniorum
754 3283 1030 3363 quatuor
1084 3273 1545 3361 magistrorum
1600 3274 1682 3374 de
1738 3283 2015 3363 quatuor
2054 3273 2427 3342 nationibus
2468 3275 2770 3364 disponet
2810 3275 3223 3346 collationem

368 3373 744 3452 serotinam,
784 3372 900 3440 ubi
938 3381 1095 3440 tunc
1134 3374 1431 3461 magistri
1474 3395 1697 3440 omnes
1740 3374 1821 3442 de
1864 3374 2137 3442 consilio
2179 3375 2568 3442 conveniant
2607 3382 2673 3440 et
2708 3375 3042 3442 laetentur.
3243 3383 3310 3440 25

621 3511 799 3572 Dazu
844 3530 943 3572 am
981 3511 1198 3576 Ranae
1216 3531 1235 3569 .-
1274 3505 1627 3591 dividatur,
1669 3506 1831 3573 alias
1876 3509 2073 3597 pauci
2109 3507 2460 3575 intrabunt.

540 3646 636 3710 13.
674 3640 839 3708 Item
874 3661 1047 3706 nunc
1090 3649 1156 3706 et
1209 3638 1279 3705 in
1336 3647 1531 3706 antea
1584 3643 1895 3727 pecunia,
1959 3663 2129 3729 quae
2184 3640 2457 3708 debetur
2498 3640 2830 3728 magistris
2872 3641 3213 3707 examina-

368 3738 625 3808 toribus
649 3761 771 3828 pro
791 3738 1227 3806 consolatione
1268 3747 1333 3805 et
1382 3738 1644 3824 honore,
1685 3739 1860 3807 nullo
1902 3740 2096 3808 modo
2137 3739 2471 3807 dividatur
2507 3741 2678 3807 inter
2720 3762 2850 3825 eos,
2885 3738 3002 3807 sed
3038 3741 3227 3806 iuxta

369 3841 706 3929 antiquam
744 3837 1267 3912 consuetudinem
1298 3861 1441 3906 eam
1486 3850 1886 3924 consumant,
1925 3839 2228 3907 balneum
2265 3839 2591 3923 intrando,
2631 3850 2906 3929 quatuor
2948 3839 3228 3929 prandia

369 3940 475 4007 vel
515 3940 645 4006 duo
690 3936 1038 4005 secundum
1079 3939 1486 4027 exigenciam
1525 3938 1839 4007 habendo.
1924 3938 2038 4005 Sic
2083 3940 2256 4006 enim
2298 3948 2514 4006 cessat
2558 3939 2834 4007 aliorum
2879 3939 3220 4008 oblocutio.
3236 3948 3305 4007 30

619 4075 797 4137 Danu
837 4095 937 4136 am
973 4077 1192 4136 Ranae
1207 4097 1226 4134 .·
1269 4071 1602 4139 dividamr
1646 4094 1834 4160 pars,
1877 4079 1952 4140 ut
1987 4080 2199 4160 potest
2242 4068 2423 4160 (post
2437 4069 2523 4160 P).

538 4214 632 4274 14.
675 4204 838 4271 Item
852 4253 872 4288 ,
942 4226 1028 4271 ex
1088 4226 1213 4294 quo
1264 4203 1361 4270 illi
1377 4252 1396 4288 ,
1471 4205 1581 4292 qui
1654 4205 1892 4272 debent
1944 4208 2317 4294 promoveri
2369 4205 2456 4272 ad
2511 4204 2790 4293 gradum
2842 4205 3222 4293 magisterii,

375 4304 617 4373 debent
655 4305 877 4393 utique
919 4325 1062 4370 esse
1100 4305 1508 4393 metaphisici
1524 4353 1544 4388 ,
1583 4303 1829 4393 placet,
1883 4305 2060 4392 quod
2098 4307 2167 4371 in
2212 4314 2405 4372 antea
2419 4354 2439 4389 ,
2498 4314 2773 4392 excepto
2814 4304 3030 4372 futuro
3072 4327 3224 4371 exa-

373 4407 548 4471 mine
585 4403 692 4470 vel
730 4404 1149 4492 temptamine
1190 4427 1312 4493 pro
1354 4403 1731 4491 magisterio
1746 4453 1764 4487 ,
1810 4405 1963 4492 quia
2007 4405 2200 4472 modo
2245 4405 2588 4474 comodose
2627 4403 2772 4470 fieri
2813 4427 2944 4470 non
2986 4412 3222 4492 potest,
3261 4399 3264 4406 ’

375 4503 547 4593 quod
589 4502 858 4589 quilibet
891 4502 1116 4569 volens
1159 4526 1230 4570 se
1281 4503 1657 4570 submittere
1686 4506 2097 4592 temptamini
2146 4503 2397 4571 audivit
2437 4505 2692 4591 integre
2729 4503 3224 4591 metaphisicam
3239 4513 3307 4570 35

377 4604 719 4692 disputari,
759 4623 927 4690 quae
969 4601 1333 4691 disputetur
1374 4625 1496 4691 per
1533 4602 1705 4668 hunc
1743 4603 2025 4687 modum,
2067 4602 2243 4691 quod
2282 4604 2479 4693 primi
2534 4625 2652 4669 sex
2691 4602 2845 4668 libri
2888 4602 3222 4690 disputen—

376 4713 478 4769 tur
519 4725 639 4792 per
674 4724 873 4767 unum
914 4701 1200 4768 medium
1238 4725 1476 4769 annum
1517 4711 1582 4768 et
1623 4701 1736 4768 alii
1774 4723 1892 4768 sex
1930 4725 2052 4791 per
2086 4703 2285 4769 alium
2321 4703 2606 4771 medium
2645 4724 2918 4787 annum3
2995 4712 3061 4767 et
3099 4701 3225 4768 hoc

378 4801 572 4869 modo
620 4805 909 4887 sequenti
922 4850 942 4885 ,
998 4801 1172 4890 quod
1223 4803 1294 4868 in
1348 4802 1651 4890 proximo
1707 4801 1873 4868 festo
1914 4800 2256 4869 Michaelis
2298 4812 2570 4891 quatuor
2614 4803 2901 4868 seniores
2946 4801 3029 4868 de
3068 4823 3223 4890 qua-

375 4910 519 4967 tuor
560 4899 931 4967 nationibus
968 4900 1209 4967 facient
1245 4912 1510 4989 quotum
1532 4903 1555 4946 ¹
1594 4902 1763 4967 inter
1807 4923 1918 4968 eos
1931 4943 1957 4984 ,·
1994 4902 2140 4988 quis
2178 4924 2396 4969 eorum
2435 4902 2558 4968 erit
2599 4902 2845 4989 primus
2859 4949 2879 4984 ,
2919 4906 3024 4968 2¹¹·
3036 4949 3055 4985 ,
3102 4906 3225 4984 3¹¹⁸,

380 5008 480 5070 4¹¹·
493 5050 513 5085 ,
555 5008 624 5065 et
671 5000 767 5065 ita
818 5001 929 5068 isu'
967 5010 1245 5089 quatuor
1297 5023 1417 5089 per
1458 5000 1625 5068 duos
1664 5022 1867 5067 annos
1907 4999 2100 5067 modo
2141 5000 2478 5089 praedicto
2522 4999 3006 5068 continuabunt.
3086 4999 3222 5067 Ex-
3238 5010 3307 5067 40

376 5107 533 5166 tunc
577 5099 708 5166 sint
752 5108 1025 5188 quatuor
1068 5108 1404 5189 sequentes
1446 5100 1528 5167 de
1569 5110 1841 5190 quatuor
1893 5099 2267 5167 nationibus
2323 5110 2389 5167 et
2445 5101 2682 5168 iterum
2743 5097 3225 5185 continuabunt,

518 5331 2865 5405 1Amama0=fiatquma0moemoeaaoeuopromminaomm
