4038 6358
1102 587 1198 638 der
1232 587 1554 641 Polnischen
1588 588 1786 643 Notion
1826 604 1949 642 vom
1987 590 2154 642 Jahn-s
2194 592 2339 645 1442.
3033 600 3150 664 167

276 768 475 834 wien
514 766 593 834 de
624 767 1057 838 wratislavia
1095 794 1215 862 per
1256 793 1477 839 omnes
1515 772 1869 859 magistros
1906 775 2191 841 nationis
2225 773 2636 860 Polonorum,
2675 776 2852 843 nullo
2896 788 3147 845 contra·

277 867 561 936 dicente
567 917 587 951 ,
648 868 735 934 ad
790 870 1267 957 providendum
1324 871 1406 939 de
1462 869 1850 959 quibusdam
1902 872 2451 956 ordinacionibus,
2510 875 2742 963 quibus
2806 879 3148 965 supposita

277 966 669 1058 dirigantur
720 992 839 1056 pro
895 965 1140 1038 honore
1193 972 1485 1039 nacionis
1540 970 2005 1056 conservando,
2068 996 2341 1063 quorum
2396 974 2729 1042 ordinacio
2773 998 2891 1063 per
2927 998 3148 1043 omnes

279 1090 575 1155 quorum
631 1069 943 1136 intererat
1004 1072 1313 1138 extiterat
1371 1070 1741 1159 approbata
1793 1080 1858 1138 et
1910 1070 2191 1140 fideliter
2250 1075 2650 1163 conscripta,
2718 1076 2871 1164 quia
2932 1086 3148 1142 tamen

278 1168 594 1257 ipsorum
639 1169 735 1235 sic
780 1179 852 1236 ut
893 1173 1341 1258 praemittitur·
1376 1194 1541 1237 sana
1580 1170 1913 1238 ordinacio
1955 1173 2194 1240 nedum
2239 1196 2358 1261 per
2398 1175 2718 1241 incuriam
2757 1174 3145 1265 subsequen·
3199 1187 3231 1242 5

284 1269 479 1336 cium
526 1268 821 1337 lacerata
868 1293 1088 1358 ymmo
1141 1281 1206 1337 et
1255 1294 1566 1359 processu
1616 1280 1983 1358 temporum
2027 1273 2416 1361 propensius
2459 1297 2501 1339 a
2542 1277 2857 1341 memoria
2896 1276 3147 1343 moder-

281 1391 529 1434 norum
583 1377 685 1434 est
736 1370 981 1454 evulsa,
1040 1371 1289 1460 placuit
1341 1381 1580 1438 extunc
1630 1393 1803 1437 anno
1853 1370 2101 1438 domini
2155 1370 2472 1439 milesimo
2516 1374 3149 1463 quadringentesimo

280 1467 1087 1555 quadragesimosecundo
1150 1477 1366 1550 (1442)
1426 1470 1724 1537 omnibus
1787 1481 1853 1536 et
1919 1471 2190 1557 singulis
2252 1474 2585 1559 magistris
2646 1484 2710 1539 et
2772 1472 3146 1542 doctoribus

283 1569 597 1635 nacionis
639 1570 997 1657 praefatae,
1051 1578 1125 1636 ut
1161 1571 1503 1659 praedicta
1545 1570 1883 1638 ordinacio
1922 1581 2369 1654 renovaretur,
2426 1581 2492 1639 et
2545 1575 2601 1639 si
2657 1574 2813 1660 quid
2858 1595 2942 1639 ex
2981 1575 3147 1640 futu·

282 1691 522 1735 rorum
583 1679 931 1737 eventuum
991 1671 1449 1738 incertitudine
1506 1672 1720 1736 minus
1778 1671 1849 1735 in
1918 1692 2001 1735 ea
2055 1671 2288 1737 suisset
2345 1675 2712 1758 provisum,
2777 1672 3143 1740 consulcius
3168 1685 3231 1740 10

286 1767 662 1857 supplendo
707 1777 1116 1835 statueretur.
1197 1770 1306 1837 Ad
1349 1772 1531 1837 cuius
1574 1770 1832 1859 quidem
1889 1771 1984 1836 sic
2037 1780 2114 1836 ut
2163 1772 2596 1858 praemittitur
2649 1774 3145 1842 renovacionem

286 1878 497 1956 atque
541 1867 1024 1956 suppleoionem
1064 1870 1442 1957 praedictae
1481 1871 1773 1937 nacionis
1826 1869 2124 1936 doctores
2182 1878 2248 1934 et
2296 1873 2612 1959 magistri,
2640 1873 3147 1960 aequanimitate

288 1967 719 2035 collaudabili
759 1979 974 2035 certos
1021 1969 1498 2058 deputaverunt
1550 1972 1917 2057 magistros,
1974 1971 2088 2058 qui
2135 1970 2554 2058 infrascripta
2588 1971 2984 2038 articulatim
3039 1995 3152 2061 po·

288 2077 589 2151 suerunt,
647 2079 711 2160 et
774 2091 891 2156 per
947 2092 1145 2157 saepe
1198 2069 1405 2137 dictos
1456 2072 1806 2157 magistros
1848 2077 1914 2134 et
1951 2068 2251 2135 doctores
2294 2074 2500 2136 tocius
2547 2072 2838 2140 nacionis
2877 2071 3152 2140 Polono-

290 2191 447 2234 rum
485 2189 658 2234 anno
703 2168 932 2235 eodem
970 2190 1089 2257 per
1130 2170 1395 2236 modum
1434 2178 1819 2236 statutorum
1859 2177 2010 2234 sunt
2052 2179 2357 2255 suscepta
2385 2180 2451 2236 et
2479 2171 2886 2237 concorditer
2915 2195 3149 2260 appro·
3175 2182 3235 2237 15

290 2268 459 2335 bata
510 2291 632 2356 pro
682 2266 1193 2357 approbatisque
1230 2270 1463 2336 sunu-is
1507 2272 1575 2334 in
1618 2267 2016 2356 temporibus
2061 2266 2344 2334 tenenda
2386 2279 2450 2336 et
2493 2271 2817 2338 servanda
2860 2273 3153 2338 nacionis

290 2370 429 2435 iam
471 2367 688 2438 dictae
729 2391 849 2456 pro
897 2370 1293 2436 incremento
1335 2379 1484 2435 sunt
1526 2369 1848 2436 conclusa.

472 2510 529 2570 1.
588 2504 814 2570 Primo
870 2501 1201 2589 quodlibet
1267 2503 1695 2590 suppositum,
1759 2524 1842 2568 ex
1902 2502 2200 2590 partibus
2260 2525 2378 2591 pro
2436 2506 2706 2570 nacione
2762 2503 3151 2572 Polonorum

298 2605 632 2693 deputatis
673 2603 991 2691 originem
1033 2601 1294 2686 ducens,
1349 2603 1417 2668 in
1462 2602 1586 2668 hac
1627 2603 2051 2668 universitate
2104 2612 2279 2669 stare
2322 2612 2386 2667 et
2434 2606 2803 2689 promoveri
2861 2607 3150 2694 cupiens,

296 2704 621 2772 intitulari
662 2702 856 2769 debet
894 2706 963 2767 in
1005 2703 1300 2769 nacionis
1340 2702 1747 2768 matriculam
1788 2711 1938 2789 post
1981 2725 2168 2768 suum
2219 2704 2287 2766 in
2328 2702 2499 2767 hunc
2542 2701 2754 2768 locum
2798 2703 3146 2769 adventum
3167 2714 3234 2770 20

300 2803 424 2871 sub
469 2802 813 2893 quindena.

471 2911 535 2973 2.
598 2905 759 2970 Item
784 2902 996 2969 nullus
1026 2903 1093 2968 in
1119 2900 1527 2967 matriculam
1556 2903 1850 2968 nacionis
1891 2901 2271 2985 intituletur,
2314 2901 2440 2966 nisi
2484 2901 2697 2968 solvat
2735 2902 3153 2969 effectualiter

302 3006 469 3072 duos
513 3026 779 3092 grossos
824 3002 1235 3070 iudicialibus
1290 3024 1413 3089 pro
1455 3010 1747 3089 tempore
1793 3002 2242 3085 existentibus,
2296 3002 2405 3088 qui
2450 3000 2530 3066 de
2574 3001 2847 3088 singulis
2888 3025 3154 3090 percep-

300 3106 387 3170 tis
429 3105 761 3171 racionem
800 3103 1016 3168 facere
1057 3102 1294 3168 debent
1333 3100 1528 3167 modo
1570 3100 2002 3190 infrascripto.

478 3226 535 3290 3.
600 3221 762 3286 Item
803 3222 1017 3285 senior
1064 3219 1376 3305 magister
1420 3216 1502 3282 de
1541 3221 1815 3286 nacione
1859 3216 2101 3285 habeat
2142 3218 2370 3285 fiscum
2413 3238 2817 3285 communem
2861 3222 3237 3287 nacionis25

305 3346 452 3387 cum
509 3318 719 3385 tribus
775 3318 1089 3386 clausuris
1143 3317 1495 3402 munitum,
1555 3320 1775 3408 sicque
1830 3320 1976 3408 ipse
2034 3342 2230 3384 unam
2286 3317 2533 3385 clavem
2594 3327 2844 3386 tantum
2898 3318 3156 3405 habeat,

306 3418 651 3488 iudiciales
691 3441 847 3485 vero
891 3418 1051 3485 duas
1095 3441 1217 3507 pro
1259 3419 1469 3507 ipsius
1512 3417 1689 3484 fideli
1731 3421 2252 3500 conservacione.

474 3544 533 3605 4.
590 3536 755 3603 Item
795 3535 1131 3602 iudiciales
1174 3534 1481 3602 candelas
1521 3535 1818 3601 nacionis
1856 3544 1991 3601 tam
2034 3535 2285 3623 ligneas
2329 3557 2522 3623 quam
2564 3557 2785 3603 cereas
2814 3535 3156 3624 diligenter

306 3639 639 3727 respicere
681 3636 937 3720 debent,
988 3646 1081 3719 ut,
1138 3638 1194 3702 si
1246 3635 1406 3725 quid
1460 3636 1529 3700 in
1582 3636 1745 3723 ipsis
1800 3635 2242 3721 reparandum
2297 3635 2516 3718 fuerit,
2573 3634 2654 3700 de
2709 3638 2985 3722 pecunia
3039 3659 3156 3723 per

308 3740 490 3827 ipsos
532 3737 797 3802 racione
834 3735 1298 3803 intitulacionis
1339 3734 1611 3803 collecta
1650 3735 1948 3820 reparari
1992 3744 2185 3822 atque
2230 3735 2570 3800 reformari
2613 3733 2978 3821 disponant.
3170 3744 3239 3802 30

477 3862 534 3921 5.
597 3852 759 3918 Item
807 3851 1143 3918 iudiciales
1196 3874 1314 3940 pro
1372 3860 1664 3938 tempore
1706 3850 2057 3915 existentes
2103 3851 2172 3914 in
2226 3849 2390 3917 festo
2434 3851 2724 3936 corporis
2768 3850 3031 3934 Christi,
3093 3854 3158 3917 in

307 3955 531 4022 missis
573 3951 1031 4034 universitatis,
1084 3953 1154 4016 in
1192 3952 1490 4017 funerum
1534 3949 1962 4024 conductione
2003 3948 2151 4014 aliis
2191 3948 2574 4015 nacionibus
2629 3972 2702 4015 se
2756 3951 3163 4017 conformant

308 4057 379 4127 in
417 4052 822 4143 paramentis
852 4059 918 4117 et
960 4050 1494 4118 ceremonialibus
1524 4050 1667 4117 fieri
1712 4050 2075 4132 conswetis,
2119 4058 2516 4135 exponentes
2553 4059 2863 4138 quantum
2897 4073 3162 4118 necesse

309 4157 506 4221 fuerit
547 4150 986 4241 providenter.

473 4258 536 4319 6.
593 4251 760 4319 Item
801 4250 1075 4338 singulis
1116 4249 1590 4318 mutacionibus
1632 4247 1751 4315 sub
1796 4246 2123 4336 quindena
2153 4247 2536 4317 iudiciales
2516 4249 2648 4335 ipsi
2676 4249 2892 4315 facere
2915 4249 3156 4315 debent
3175 4259 3243 4315 35

310 4353 644 4419 racionem
687 4351 768 4417 de
824 4353 1151 4441 perceptis
1210 4362 1274 4417 et
1330 4350 1647 4437 expositis
1707 4349 1947 4415 seniori
2001 4350 2335 4435 magistro,
2396 4347 2572 4436 apud
2632 4369 2822 4434 quem
2864 4350 3158 4414 nacionis

310 4452 507 4518 fiscus
565 4460 667 4517 est
717 4453 1063 4540 repositus,
1120 4461 1183 4517 et
1226 4451 1309 4518 de
1369 4473 1539 4517 novo
1597 4449 1818 4515 electis
1873 4446 2306 4531 iudicialibus,
2359 4450 2428 4512 in
2485 4469 2613 4535 qua
2667 4447 2925 4534 quidem
2982 4447 3158 4514 facta

312 4554 574 4618 racione
617 4568 996 4618 consumere
1036 4560 1308 4640 possunt
1347 4572 1468 4638 pro
1513 4548 1925 4616 collacione
1906 4570 2200 4634 ipsorum
2242 4557 2372 4612 tres
2432 4567 2697 4632 grossos
2752 4548 2821 4612 in
2859 4549 3010 4614 vino
3054 4546 3159 4613 vel

313 4653 593 4717 cervisia
635 4649 718 4716 de
772 4651 1061 4739 pecunia.
1087 4658 1158 4715 ut
1201 4650 1631 4736 praemittitur
1672 4647 1936 4714 racione
1978 4645 2442 4733 intitulacionis
2484 4645 2769 4729 collecta,
2829 4646 3160 4713 residuum

312 4773 468 4819 vero
510 4752 581 4816 in
623 4753 919 4817 nacionis
958 4750 1187 4816 fiscum
1230 4748 1585 4816 confiscare
1625 4757 1945 4815 tenentur.
3176 4757 3244 4813 40

478 4872 538 4932 7.
603 4864 749 4954 [207
762 4864 814 4955 t³]
855 4868 1019 4934 Item
1063 4868 1278 4933 senior
1318 4866 1611 4933 nacionis
1645 4886 1778 4930 una
1820 4884 1967 4928 cum
2017 4863 2184 4929 fisco
2225 4860 2464 4927 habeat
2521 4860 2817 4927 similiter
2868 4862 3161 4927 nacionis

316 4968 599 5058 spolium
632 4967 704 5032 in
730 4967 909 5034 fideli
951 4967 1267 5050 custodia,
1311 4975 1376 5032 et
1414 4987 1561 5031 cum
1602 4987 1722 5052 pro
1769 4964 2068 5030 funerum
2111 4972 2226 5027 aut
2260 4962 2722 5048 magistrorum
2762 4959 2845 5025 de
2886 4960 3161 5027 nacione

318 5068 916 5136 anniversariorum
959 5067 1384 5156 expedicione
1425 5063 1977 5144 accomodaverit,
2031 5085 2148 5150 per
2188 5061 2528 5127 iudiciales
2577 5062 2794 5147 ipsum
2833 5062 3163 5147 respiciat,

318 5173 426 5261 qui
468 5180 536 5236 et
578 5171 958 5258 quantocius
1014 5178 1164 5256 post
1209 5167 1404 5232 finem
1457 5175 1638 5231 actus
1695 5172 1996 5251 repetant
2047 5172 2112 5228 et
2162 5163 2228 5226 in
2280 5161 2436 5226 dicti
2490 5161 2762 5226 senioris
2805 5159 3163 5225 custodiam

317 5278 583 5360 ponant.
3179 5270 3246 5325 45
