4038 6358
813 563 935 630 376
1771 554 1875 607 Die
1912 553 2354 621 philosophialis
2385 553 2642 608 Facula&

1133 746 1190 810 3.
1231 757 1328 806 ms
1371 754 1943 806 Paouorlomnus
1982 756 2057 803 m
2097 750 2395 803 snmus
2436 753 2528 801 nr
2569 750 3251 802 msrnusArxoumus.

973 875 1136 941 Item
1179 895 1305 958 quo
1346 871 1433 937 ad
1470 874 1904 960 promotiones
1946 870 2197 937 fiendas
2247 872 2510 936 inantea
2565 868 2810 957 placet,
2879 866 3054 956 quod
3103 867 3219 933 fiat
3271 866 3713 955 dispensatio

808 976 995 1042 iuxta
1036 973 1490 1062 antiquissima
1533 980 1777 1038 statuta
1819 971 2180 1054 facultatis,
2253 978 2327 1036 ut
2378 969 2627 1035 scilicet
2668 989 2864 1055 super
2901 989 3032 1034 uno
3075 966 3243 1034 libro
3287 964 3595 1055 parciali
3644 975 3711 1031 et

811 1073 1064 1141 duobus
1105 1071 1491 1140 tractatibus
1537 1072 1855 1139 duntaxat
1895 1094 2014 1159 per
2060 1069 2398 1137 consilium
2438 1068 2765 1134 facultatis
2807 1064 3237 1155 dispensetur.

724 1184 758 1241 5
974 1173 1427 1239 Parisoi-miter
1490 1172 1707 1261 placet
1722 1222 1741 1255 ,
1806 1171 1980 1259 quod
2044 1169 2350 1256 deinceps
2408 1166 2620 1234 nullus
2661 1190 2783 1255 pro

814 1272 1427 1340 vicecancellariatu
1469 1280 1783 1360 perpetuo
1827 1270 1914 1335 ad
1956 1291 2200 1335 annum
2240 1291 2353 1334 seu
2399 1290 2622 1350 annos,
2664 1289 2782 1354 per

815 1397 885 1440 se
923 1370 1029 1439 vel
1085 1395 1204 1460 per
1247 1370 1476 1455 alium,
1536 1373 1733 1436 instet
1786 1367 2236 1458 quoquomodo
2256 1417 2273 1450 ,
2329 1366 2446 1434 sed
2504 1389 2661 1433 casu
2713 1389 2782 1431 se

810 1473 1116 1539 offerente
1170 1484 1438 1560 propter
1478 1471 1869 1536 exercicium
1914 1469 1994 1534 de
2038 1469 2257 1534 anima
2296 1464 2401 1533 vel
2443 1465 2621 1533 aliud
2660 1487 2780 1553 pro
2875 1470 3337 1550 Ausyestricloen
3395 1473 3538 1530 und
3610 1491 3696 1530 an
3806 1478 3814 1483 '

808 1585 1102 1661 tempore
1169 1568 1637 1660 disputandum
1701 1591 1818 1657 per
1879 1579 2012 1634 tres
2076 1590 2332 1633 menses
2409 1575 2560 1633 ante
2626 1587 2778 1631 exa·
2873 1574 2989 1632 den
3028 1572 3216 1632 Rand
3260 1570 3690 1649 qeschrieben:

731 1683 794 1740 10
811 1674 1005 1738 minis
1061 1672 1466 1759 apertionem
1523 1692 1640 1756 per
1695 1670 1991 1734 nationes
2040 1666 2391 1734 secundum
2432 1664 2779 1733 earundem
2872 1668 3244 1757 Episcopus
3327 1689 3461 1731 non
3543 1666 3691 1731 vult

810 1771 1104 1839 ordinem
1183 1770 1582 1857 impetretur.
1698 1767 1770 1833 Si
1849 1769 1993 1856 quis
2080 1776 2295 1833 autem
2384 1765 2779 1831 contrarium
2878 1767 3250 1850 admittere,
3352 1765 3468 1831 sed
3542 1764 3686 1831 vult

811 1872 1070 1955 fecerit,
1130 1891 1354 1935 carere
1407 1866 1602 1933 debet
1662 1868 2026 1956 impetratis
2088 1874 2155 1932 et
2207 1889 2249 1931 a
2301 1865 2611 1931 facultate
2662 1888 2779 1953 per
2958 1867 3119 1932 dare
3161 1867 3264 1932 cui
3306 1864 3598 1931 libuerit.

809 1970 1156 2036 triennium
1200 1970 1284 2035 sit
1338 1991 1712 2056 suspensus.
1796 1966 1903 2033 De
1960 1966 2271 2032 exercitio
2321 1975 2539 2032 tamen
2580 1974 2780 2031 meta-

812 2070 1105 2158 phisicae
1145 2067 1422 2133 facultas
1466 2065 1830 2154 provideat,
1868 2075 1941 2131 ut
1992 2067 2062 2131 in
2104 2056 2274 2132 anno
2315 2066 2511 2132 semel
2552 2063 2780 2133 saltem

735 2180 797 2236 15
812 2193 854 2235 a
896 2168 1219 2257 principio
1260 2188 1463 2253 usque
1506 2165 1592 2232 ad
1634 2166 1829 2232 finem
1873 2165 2261 2253 disputetur.

977 2283 1151 2365 Quia
1194 2292 1410 2349 autem
1452 2281 1694 2348 multae
1737 2280 2202 2397 displicenciae
2244 2289 2309 2346 et
2348 2278 2494 2346 lites
2537 2304 2621 2348 ex
2665 2282 3126 2371 promovendis
3167 2280 3562 2348 baccalariis
3611 2291 3676 2346 et

807 2383 1145 2470 magistris
1203 2392 1384 2449 ortae
1441 2393 1591 2448 sunt
1642 2392 1706 2448 et
1764 2382 1922 2447 oriri
1975 2390 2245 2470 possent
2287 2381 2356 2447 in
2411 2381 2730 2468 futurum,
2795 2383 3085 2450 volentes
3129 2381 3276 2448 illas
3321 2381 3671 2470 aequitatis

811 2481 1194 2597 compendio
1219 2504 1659 2570 compensare,
1702 2481 1949 2546 idcirco
1992 2481 2225 2568 placet,
2268 2478 2442 2569 quod
2473 2480 2811 2568 quilibet‚'
2792 2506 2862 2549 m
2891 2484 3040 2571 ipsa
3066 2481 3375 2548 facultate
3416 2503 3670 2569 promo·

811 2581 1061 2646 vendus
1103 2583 1172 2647 in
1214 2580 1657 2647 baccalarium
1700 2579 1802 2645 vel
1846 2582 2265 2667 magistrum,
2317 2582 2386 2645 in
2429 2582 2688 2648 natione
2733 2606 2853 2649 sua
2896 2590 3335 2670 promotorem
3377 2580 3670 2667 recipere

728 2690 797 2747 20
816 2679 1038 2764 debet,
1080 2681 1208 2746 nisi
1252 2679 1486 2766 aliquis
1529 2678 1796 2745 alterius
1840 2681 2122 2746 nationis
2166 2690 2336 2745 esset
2379 2679 2574 2746 alicui
2612 2683 3074 2770 magistrorum
3117 2679 3496 2768 specialiter
3533 2678 3669 2745 sine

811 2779 1041 2846 fraude
1079 2790 1144 2846 et
1187 2776 1332 2846 dolo
1370 2780 1772 2863 commissus,

986 2893 1306 2982 Quodque
1377 2894 1648 2983 quilibet
1723 2893 2205 2983 promovendus
2267 2894 2336 2959 in
2400 2894 2650 2961 artibus
2712 2895 2780 2961 in
3449 2982 3460 2985 j

817 2993 1258 3061 baccalarium
1299 3017 1526 3077 unum,
1571 2993 2048 3081 promovendus
2093 3015 2250 3059 vero
2287 2993 2356 3058 in
2395 2995 2783 3081 magistrum
2874 2999 3332 3078 Ausqestrichen
3405 2998 3536 3057 und
3591 3017 3668 3057 an

819 3095 979 3161 duos
1009 3093 1317 3160 florenos
1363 3095 1507 3159 auri
1565 3093 1647 3159 de
1691 3093 1871 3160 Reno
1921 3093 2033 3159 det
2074 3115 2193 3182 pro
2238 3091 2582 3178 facultate,
2651 3095 2779 3159 nisi
2872 3102 2987 3160 den
3044 3100 3233 3173 Rand
3266 3096 3669 3175 qesckrieben:

732 3206 799 3263 25
820 3193 1293 3284 promovendos
1335 3193 1701 3260 huiusmodi
1762 3203 2119 3282 paupertas
2158 3192 2465 3259 notabilis
2509 3217 2775 3262 excusa·
2873 3197 3022 3262 Non
3092 3194 3339 3284 placuit
3419 3193 3667 3260 domino

814 3306 941 3379 ret,
1001 3315 1125 3383 quo
1170 3316 1328 3360 casu
1366 3292 1707 3381 privilegio
1748 3295 2158 3381 paupertatis
2210 3296 2440 3361 merito
2489 3293 2779 3380 gaudent
3092 3295 3420 3383 episcopo·

814 3404 1010 3482 atque
1050 3392 1439 3461 relevantur.
1521 3393 1656 3460 Sed
1703 3415 1829 3482 quo
1875 3391 1960 3459 ad
1993 3403 2429 3480 promotorem

979 3548 1098 3608 Die
1128 3547 1544 3627 Anknic'pfunq
1582 3567 1696 3607 ans
1724 3548 2028 3625 Polymde
2052 3548 2131 3608 ist
2159 3550 2496 3628 hev-yestellt
2528 3548 2718 3608 durch
2748 3547 2844 3609 die
2886 3551 3112 3611 Worte:
3156 3543 3463 3635 quodque
3497 3543 3670 3633 quili-

814 3644 927 3710 bet
987 3643 1463 3733 promovendus
1519 3646 1588 3709 in
1639 3643 2079 3709 baccalarium
2132 3643 2239 3709 vel
2281 3645 2667 3731 magistrum
2833 3645 2998 3711 liber
3042 3667 3185 3711 esse
3221 3643 3420 3710 debet
3464 3643 3669 3710 dando

732 3754 802 3812 30
821 3767 938 3811 suo
973 3745 1329 3832 promotori
1370 3742 1570 3810 nichil
1611 3743 1717 3809 vel
1759 3754 2028 3828 tantum,
2076 3753 2387 3832 quantum
2424 3765 2545 3831 pro
2568 3742 2815 3810 honore
2843 3766 2962 3810 suo
2991 3743 3319 3810 videbitur
3348 3743 3673 3834 expedire.

818 3843 927 3910 De
968 3845 1262 3931 pecuniis
1304 3867 1461 3910 vero
1509 3845 1603 3910 sic
1644 3865 1766 3931 pro
1809 3842 2119 3908 facultate
2158 3844 2592 3930 praesentatis
2632 3842 2931 3929 magistri
2976 3841 3060 3907 de
3098 3843 3371 3911 consilio
3411 3844 3670 3910 faculta-

821 3943 906 4009 tis
946 3941 1109 4009 duas
1152 3954 1215 4009 et
1255 3943 1487 4032 reliqui
1533 3945 1830 4031 magistri
1871 3943 2147 4009 terciam
2204 3952 2460 4031 partem
2501 3940 2589 4008 ad
2632 3940 3149 4009 distribuendum
3191 3945 3361 4009 inter
3405 3967 3477 4010 se
3521 3944 3671 4009 reci-

818 4045 1000 4130 pient
1050 4052 1116 4109 et
1176 4042 1509 4110 habebunt
1573 4042 1822 4131 absque
1892 4042 2269 4110 differencia
2325 4043 2678 4108 nationum.
2776 4040 3079 4123 Quorum
3146 4042 3557 4110 collectorem
3614 4053 3673 4110 et

821 4141 1172 4210 divisorem
1214 4141 1534 4209 decanum
1575 4165 1696 4230 pro
1735 4152 2029 4229 tempore
2077 4143 2465 4208 existentem
2509 4139 2918 4228 deputamus.

734 4317 802 4375 35
1601 4315 1659 4375 4.
1708 4326 1803 4374 nn
1846 4324 2363 4376 DISPUTATIONE
2409 4321 2806 4377 oquAmA.

984 4441 1074 4507 Et
1133 4441 1437 4531 quoniam
1479 4441 1832 4530 disputatio
1873 4439 2240 4523 ordinaria,
2300 4463 2466 4528 quae
2520 4442 2591 4506 in
2630 4439 2756 4507 hac
2795 4440 3102 4509 facultate
3146 4443 3337 4510 solita
3380 4451 3482 4510 est
3521 4442 3671 4527 fieri,

819 4542 1094 4628 gloriam
1116 4564 1247 4607 non
1277 4540 1599 4607 modicam
1626 4542 2030 4627 fructumque
2071 4540 2362 4624 multum,
2406 4539 2753 4607 dummodo
2800 4563 2919 4628 per
2959 4544 3306 4629 magistros
3337 4542 3673 4630 diligenter

819 4642 1076 4707 visitari
1105 4642 1459 4725 consuevit,
1500 4641 1779 4725 induxit,
1820 4639 2095 4729 ideoque
2127 4640 2358 4728 placet,
2403 4640 2576 4728 quod
2617 4639 2887 4729 quilibet
2912 4643 3223 4728 magister
3250 4641 3445 4708 huius
3484 4642 3672 4708 facul-

822 4741 976 4806 tatis
1026 4749 1177 4806 ante
1217 4740 1570 4828 byennium
1616 4740 2004 4828 completum
2050 4750 2198 4828 post
2238 4740 2376 4806 eius
2407 4740 2880 4826 promotionem
2922 4741 3194 4828 singulis
3230 4741 3673 4830 disputationi-

739 4850 808 4906 40
824 4840 947 4906 bus
995 4839 1344 4906 ordinariis
1362 4890 1380 4924 ,
1441 4850 1589 4927 post
1630 4839 1986 4927 byennium
2028 4861 2186 4906 vero
2240 4838 2510 4905 alternis
2563 4838 3109 4928 disputationibus
3151 4840 3556 4925 huiusmodi,
3616 4849 3675 4905 et

825 4948 975 5028 post
1015 4939 1401 5006 decennium
1450 4939 1647 5006 semel
1683 4941 1752 5006 in
1795 4939 2082 5028 quolibet
2124 4961 2378 5023 mense,
2440 4940 2569 5005 nisi
2622 4938 2946 5024 valitud0,
3009 4939 3351 5006 infirmitas
3393 4949 3509 5006 aut
3550 4939 3672 5006 alia

818 5041 991 5106 iusta
1050 5047 1116 5105 et
1173 5038 1581 5105 rationabilis
1650 5059 1850 5105 causa
1911 5062 2060 5105 eum
2123 5049 2420 5124 excuset,
2485 5040 2914 5128 personaliter
2972 5043 3285 5106 interesse
3350 5039 3545 5106 debet
3609 5048 3668 5105 et

825 5160 1121 5225 arguere,
1163 5140 1220 5205 si
1262 5149 1517 5227 tempus
1560 5150 1625 5205 et
1665 5139 1876 5206 locum
1915 5139 2160 5204 habere
2202 5139 2457 5226 poterit.
2523 5139 2596 5205 Si
2640 5141 2786 5228 quis
2830 5149 3042 5207 autem
3082 5140 3152 5205 in
3193 5139 3456 5207 casibus
3488 5161 3668 5228 prae·

826 5238 1044 5304 missis
1086 5236 1455 5306 huiusmodi
1494 5240 1865 5306 ordinariae
1907 5238 2333 5327 disputationi
2373 5261 2506 5308 non
2531 5240 2895 5322 interesset,
2934 5240 3184 5305 tociens
3216 5240 3519 5327 quociens
3550 5239 3667 5306 hoc
