4038 6358
763 626 880 692 104
1703 626 1816 678 Des
1851 626 2121 677 Iohannes
2156 628 2313 679 Fabri
2348 630 2415 680 de
2451 628 2682 680 werden

758 816 823 873 et
862 805 1206 890 custodiat,
1251 830 1332 873 ac
1373 808 1714 875 victoriam
1757 810 1970 877 eidem
2011 819 2239 877 contra
2278 809 2488 878 dictos
2531 811 2747 878 hostes
2792 834 2947 880 suos
2992 813 3337 881 conoedat
3348 862 3377 895 ,
3436 828 3743 899 paoem

756 906 1036 995 denique
1085 916 1150 973 et
1200 907 1737 996 tranquillitatem
1789 909 2125 999 largiatur.
2228 909 2639 978 Oblationem
2694 922 2972 1000 protunc
3024 914 3277 979 faciant
3370 920 3465 976 et
3544 905 3745 975 inde

757 1029 886 1074 non
923 1006 1235 1073 recedant
1273 1008 1400 1074 nisi
1447 1011 1648 1075 missa
1687 1008 2057 1081 huiusmodi
2100 1009 2301 1079 finita.
2392 1008 2528 1077 Sub
2572 1032 2783 1099 poena
2822 1014 3013 1079 unius
3053 1012 3297 1081 floreni
3362 1019 3537 1075 etc.

815 1180 912 1245 22.
973 1192 1364 1243 muni-mu
1404 1194 1544 1244 reo
1593 1194 1790 1245 mssa
1831 1194 2357 1245 mvn-smnus
2402 1195 2494 1243 os
2534 1195 2781 1245 novun
2824 1198 3199 1250 ancn’su
3240 1194 3671 1247 enm‘rmt

701 1284 735 1339 5
1923 1294 2413 1346 nscm'rmns.

924 1408 1196 1475 Mandat
1247 1408 1546 1476 omnibus
1599 1419 1664 1476 et
1713 1410 1984 1499 singulis
2040 1422 2159 1480 etc.
2174 1460 2193 1495 ,
2262 1420 2583 1501 quatenus
2652 1434 2801 1479 cras
2854 1412 3019 1479 hora
3071 1436 3148 1481 .n.
3208 1414 3277 1480 in
3352 1410 3729 1479 ecclesia

761 1510 968 1576 sancti
1012 1508 1107 1577 .N.
1148 1510 1538 1575 conveniant
1591 1520 1658 1577 et
1717 1512 1958 1577 missae
2024 1513 2469 1577 universitatis
2532 1510 2776 1579 ibidem
2842 1511 2929 1579 ad
2996 1512 3257 1580 laudem
3328 1524 3427 1579 et
3484 1508 3569 1601 [1
3582 1514 3631 1577 3
3652 1506 3719 1599 ⁸]

760 1610 1068 1677 honorem
1109 1610 1604 1696 cunctipotentis
1647 1608 1752 1677 dei
1795 1610 2432 1701 gloriosissimaque
2472 1612 2749 1699 virginis
2792 1613 3023 1679 matris
3052 1612 3305 1679 Mariae
3344 1611 3467 1679 ob
3514 1612 3721 1677 novi

760 1710 1076 1798 principis
1117 1708 1308 1777 huius
1349 1718 1564 1776 terrae
1605 1719 1671 1776 et
1711 1712 1918 1799 patris
1960 1709 2345 1799 gaudiosam
2388 1713 2903 1799 procreationem
2947 1711 3355 1779 sollemniter
3398 1710 3711 1779 docan-

683 1820 748 1877 10
764 1810 1004 1876 tandae
1057 1820 1123 1876 et
1173 1810 1457 1889 sermoni
1507 1808 1669 1875 inibi
1723 1808 1937 1877 fiendo
1987 1811 2291 1897 decenter
2332 1811 2654 1878 habituati
2694 1812 3024 1894 intersint,
3080 1810 3535 1879 oblationem
3590 1811 3711 1876 fa-

765 1912 939 1977 ciant
977 1920 1042 1976 et
1077 1910 1232 1977 inde
1271 1932 1404 1975 non
1442 1908 1752 1976 recedant
1789 1910 1918 1975 nisi
1959 1910 2085 1977 hiis
2108 1912 2325 1977 finitis
2386 1908 2525 1979 Sub
2551 1933 2765 1999 poena
2782 1920 3059 2000 quatuor
3086 1934 3515 1999 grossorum
3552 1920 3703 1976 etc.

880 2083 976 2147 23.
1046 2096 1434 2145 munaum
1473 2094 1570 2143 m:
1614 2093 1998 2145 sn'ronmus
2040 2094 2271 2145 FAGEM
2312 2096 2726 2145 mnnnsnu
2768 2094 3301 2147 nnrzm'rmus
3341 2096 3543 2147 NON

1930 2195 2438 2245 ΟΕΓΕΝΒΕΝΒῙΒ

929 2308 1204 2375 Mandat
1250 2309 1548 2377 omnibus
1607 2320 1674 2375 et
1714 2310 1984 2398 singulis
2027 2312 2467 2377 universitatis
2510 2310 2797 2378 eiusdem
2840 2314 3221 2401 suppositis,
3284 2322 3683 2403 quatenus

688 2422 749 2479 15
767 2412 890 2479 hoc
933 2434 1078 2478 sero
1119 2410 1474 2499 diebusque
1515 2420 1582 2477 et
1619 2411 1917 2478 noctibus
1963 2411 2411 2500 sequentibus,
2465 2411 2616 2478 dum
2670 2420 2919 2479 sutores
2960 2414 3147 2479 iuxta
3188 2414 3385 2479 ritum
3440 2436 3679 2479 suum

763 2512 940 2578 faces
999 2510 1331 2594 ardentes,
1385 2533 1547 2599 quas
1599 2512 1813 2577 lumen
1867 2511 2180 2579 Hallense
2228 2513 2547 2595 vocitant,
2602 2534 2719 2598 per
2772 2514 2953 2578 vicos
3008 2522 3075 2577 et
3124 2511 3381 2600 plateas
3432 2512 3677 2579 huius

766 2610 993 2701 oppidi
1036 2610 1510 2694 circumferent,
1553 2613 1622 2676 in
1663 2614 1795 2677 suis
1838 2610 2349 2678 habitationibus
2392 2620 2457 2677 et
2498 2612 2753 2678 stantiis
2798 2634 2941 2677 sese
2989 2614 3363 2679 contineant
3406 2614 3671 2701 ipsos-

766 2736 890 2803 que
927 2715 997 2777 in
1039 2714 1176 2779 suis
1219 2714 1544 2779 consuetis
1587 2710 2155 2794 sollemnitatibus,
2198 2712 2337 2777 sive
2378 2712 2557 2777 faces
2598 2710 3109 2779 circumferendo
3150 2714 3289 2779 sive
3336 2712 3669 2781 choreas

767 2812 1094 2895 ducendo,
1157 2834 1568 2900 nequaquam
1637 2810 2029 2901 impediant,
2097 2810 2478 2899 perturbent
2532 2812 2669 2877 sive
2724 2814 2953 2899 quovis
3004 2811 3197 2879 modo
3252 2812 3661 2894 molestent,

685 2924 990 2981 zoverum
1053 2914 1269 3000 potius
1327 2934 1439 2977 eos
1491 2913 1674 2999 ipsos
1728 2910 2171 2977 huiuscemodi
2224 2934 2374 2977 suos
2414 2913 2577 2977 ritus
2616 2910 2889 2999 pacifice
2930 2921 2994 2977 et
3035 2913 3249 3000 quiete
3289 2933 3657 3000 peragere

768 3015 1168 3104 permittant.
1251 3011 1389 3077 Sub
1431 3033 1645 3099 poena
1684 3012 1872 3078 unius
1915 3034 2285 3099 sexagenas
2322 3033 2533 3077 novae
2576 3021 2695 3077 etc.

889 3188 991 3249 24.
1051 3196 1440 3248 mnu-nu
1482 3196 1810 3246 rsupous
1853 3195 2276 3246 DnnA'rloms
2320 3197 2789 3247 cmumuu
2832 3197 3487 3250 mms'rnmnosmr

1971 3295 2432 3346 minumum.

933 3412 1208 3480 Mandat
1247 3420 1363 3478 etc.
1376 3461 1397 3495 ,
1454 3419 1773 3501 quatenus
1813 3411 2071 3478 nullum
2098 3415 2391 3500 ipsorum
2430 3412 2555 3479 hoc
2594 3433 2893 3500 vespere,
2946 3411 3103 3480 dum
3148 3413 3465 3480 candelae
3514 3413 3640 3480 do·

684 3519 1086 3584 25minorum
1146 3511 1738 3600 magistrandorum
1804 3513 1874 3578 in
1932 3511 2181 3578 artibus
2244 3514 2431 3578 iuxta
2492 3513 2823 3598 antiquam
2879 3519 2944 3576 et
2986 3510 3379 3579 laudabilem
3438 3509 3636 3602 [13ὓ]

767 3617 955 3682 huius
1001 3613 1442 3680 universitatis
1485 3611 2010 3679 consuetudinem
2053 3611 2447 3680 sollemniter
2487 3610 3019 3679 circumferentur
3032 3659 3051 3694 ,
3108 3613 3178 3676 in
3218 3611 3479 3700 plateis,
3528 3614 3634 3678 vi-

768 3717 883 3799 cis,
927 3713 1216 3800 collegiis
1258 3721 1371 3778 aut
1409 3711 1625 3778 bursis
1670 3710 1984 3778 clamores
2029 3711 2377 3780 horribiles
2420 3711 2754 3792 suscitare,
2798 3733 2985 3777 arma
3025 3709 3277 3778 deferre
3320 3735 3435 3778 seu
3480 3713 3629 3779 alia

771 3834 1192 3904 quaecunque
1233 3810 1514 3896 illicita,
1573 3821 1847 3901 propter
1914 3835 2081 3898 quae
2140 3813 2533 3879 universitas
2590 3808 2921 3875 antedicta
2970 3812 3318 3900 inquietari
3370 3822 3629 3900 posset,

774 3935 1080 3981 exercere
1123 3920 1514 4001 praesumat.
1603 3911 1740 3977 Sub
1783 3933 1995 3999 poena
2032 3912 2229 3976 trium
2266 3911 2688 3993 florenorum,
2728 3910 3140 3976 universitati
3182 3921 3301 3978 etc.

688 4091 757 4149 30
867 4087 965 4150 25.
1031 4097 1421 4148 MAN'DA'I'UM
1460 4097 1598 4146 PRO
1643 4095 1977 4146 SALLAmo
2023 4095 2577 4163 CONVENTORUM,
2619 4094 3037 4146 maxumus
3077 4097 3169 4146 ΕΤ
3213 4096 3511 4146 Ptmc'rls

1983 4195 2389 4245 SOLVENDIS.

935 4311 1210 4378 Mandat
1240 4309 1538 4376 omnibus
1581 4321 1646 4376 et
1687 4311 1958 4398 singulis
1997 4311 2392 4394 bur-salibus,
2435 4310 2917 4399 paedagogium
2957 4312 3081 4378 hoc
3120 4311 3621 4379 immorantibus

775 4437 854 4480 ac
895 4413 983 4480 ad
1022 4415 1168 4478 iura
1207 4407 1567 4478 bursalium
1608 4411 1770 4476 inibi
1811 4413 2067 4477 ratione
2104 4411 2383 4478 stantiae
2424 4412 2729 4496 astrictis,
2770 4421 3085 4501 quatenus
3112 4411 3619 4480 conventoribus

773 4514 1062 4581 eiusdem
1100 4536 1218 4601 pro
1262 4509 1526 4576 sallario
1541 4560 1560 4594 ,
1599 4509 1950 4596 lignalibus
1991 4522 2057 4576 et
2098 4513 2355 4599 punctis
2382 4513 2401 4554 ¹
2446 4511 2619 4576 infra
2659 4510 2967 4595 triduum,
3011 4534 3053 4577 a
3094 4511 3265 4578 datis
3308 4533 3619 4600 praesen-

689 4625 756 4682 35
771 4614 945 4680 tibus
1004 4609 1506 4701 computandum
1523 4611 1578 4693 ²,
1642 4610 1904 4676 realiter
1963 4620 2030 4676 et
2092 4633 2240 4676 cum
2302 4609 2533 4676 effectu
2594 4610 3028 4696 satisfaciant,
3086 4612 3205 4678 sub
3260 4634 3474 4700 poena
3531 4635 3617 4677 π.

772 4735 1180 4802 grossorum,
1219 4709 1756 4776 irremissibiliter
1798 4707 2392 4797 persolvendorum.
2474 4709 2605 4791 Qui
2646 4731 2803 4776 vero
2818 4761 2838 4794 ,
2895 4710 3265 4778 huiusmodi
3302 4712 3617 4778 mandato

771 4836 902 4880 non
953 4810 1274 4901 parendo,
1330 4811 1496 4897 ipsis
1549 4811 1722 4876 infra
1776 4810 2253 4897 praescriptum
2302 4809 2645 4875 terminum
2700 4811 3075 4876 satisfacere
3125 4811 3302 4878 haud
3343 4834 3615 4878 curave-

773 4923 953 4996 runt,
1007 4913 1309 4999 proxima
1361 4910 1467 4976 die
1515 4934 1591 4975 ‚n-
1644 4931 1866 4976 coram
1923 4919 2439 4999 praememorato
2499 4908 2763 4975 domino
2835 4921 3087 4976 rectore
3134 4911 3205 4975 in
3258 4910 3401 4977 loco
3458 4933 3617 4978 suae

776 5012 1004 5081 solitae
1045 5010 1437 5077 residentiae
1477 5011 1762 5100 legitime
1803 5018 2253 5100 compareant,
2295 5031 2575 5097 poenam
2615 5009 2983 5076 huiusmodi
3029 5010 3448 5098 persoluturi,
3502 5021 3617 5079 aut

913 5253 934 5301 1
969 5253 1180 5386 Ῑὸωηοεια
1209 5244 1358 5385 sint}q
1366 5243 1732 5317 Strafgelder‚
1767 5246 1843 5300 da
1874 5243 1964 5298 die
1995 5242 2314 5298 strafbaren
2346 5241 2503 5298 Fiille
2534 5241 2711 5299 durch
2746 5241 2965 5298 Punkte
3001 5243 3205 5299 notiert
3240 5243 3481 5300 wurden.

911 5335 942 5386 2
1031 5345 1130 5401 erg
1199 5347 1271 5384 zu
1357 5347 1435 5385 ro.
1479 5334 1558 5386 17.
2710 5362 2715 5371 ·
