4038 6358
369 1743 452 1808 A.
534 1740 697 1807 Dm
751 1723 1319 1811 FfiRs'rmcHE
1363 1738 2308 1855 STmsrUNGSURKUNDE
2363 1742 2552 1809 Um)
2607 1714 2765 1809 nm
2808 1724 3216 1811 Ffissrm-

734 1860 977 1927 cmm
1036 1860 1227 1927 UND
1282 1858 2008 1929 fflsonosmofflm
2069 1858 2859 1927 REFORMATIONEN.

376 2232 420 2283 1.
490 2233 637 2283 DER
690 2230 888 2282 LAND
907 2258 928 2271 -
986 2233 1131 2285 mm
1194 2230 1689 2284 MARKGRAFEN
1750 2232 2140 2283 FROEDRICH
2194 2231 2340 2283 UND
2399 2232 2744 2285 WILHELM
2796 2231 3217 2285 STIFTUNGS-

1261 2332 1601 2385 URKUNDE
1648 2334 1793 2386 ΗΕΒ
1841 2323 2327 2385 ΠΝῙῩΕΒὸῙΤᾸΤ

1462 2466 1588 2501 vom
1621 2457 1668 2503 2.
1705 2451 1999 2501 December
2039 2447 2211 2498 1⁴09.¹
3264 2451 3299 2506 5

552 2614 810 2665 INCIPIT
855 2616 1233 2666 ORDmAclo
1278 2618 1367 2664 ET
1412 2615 1765 2664 FUNDACIO
1812 2615 2048 2663 STUDII
2087 2612 2484 2662 LIPGZENSIS
2527 2615 2665 2663 PER
2707 2614 3038 2676 QUATUOR

1391 2715 1733 2764 NAOIONES
1774 2713 2199 2762 PERPETUAS.

540 2829 618 2894 In
658 2832 918 2896 nomine
978 2829 1223 2898 domini
1263 2831 1490 2898 Amen.
1576 2830 1685 2896 Ad
1728 2829 2041 2896 honorem
2100 2831 2558 2917 omnipotentis
2617 2829 2725 2897 dei
2763 2830 3217 2921 gloriosaeque

372 2929 652 3015 virginis
677 2928 927 2996 Mariae
957 2954 1036 2996 ac
1060 2933 1258 2997 totius
1298 2931 1596 2997 coelestis
1629 2931 1866 3014 curiae,
1907 2953 2161 2996 necnon
2197 2929 2286 2996 ad
2311 2930 2655 2996 utilitatem
2692 2940 2958 2997 sanctae
2988 2934 3216 2998 matris

366 3028 710 3111 ecclesiae,
754 3040 946 3118 atque
988 3052 1108 3118 pro
1137 3029 1343 3096 salute
1383 3032 1742 3095 animarum
1784 3039 2155 3097 nostrarum
2195 3040 2261 3096 et
2300 3033 2783 3118 progenitorum
2823 3040 3213 3114 nostrorum,
3235 3042 3300 3096 10

372 3127 781 3195 subditorum
822 3150 1075 3215 quoque
1116 3142 1484 3196 nostrorum
1510 3139 1575 3196 et
1602 3130 2212 3196 circumvicinarum
2238 3139 2564 3198 terrarum
2596 3139 2660 3197 et
2692 3131 3008 3218 gencium,
3051 3153 3217 3217 quae

371 3227 600 3315 procul
624 3237 793 3311 sunt,
829 3229 917 3294 ob
954 3230 1315 3317 profectum
1356 3230 1493 3296 Nos
1516 3230 1979 3296 Fridericus
2012 3232 2229 3296 senior
2248 3229 3056 3314 etWilhelmuffifratres
3071 3253 3215 3318 ger—

368 3329 568 3411 mani,
612 3327 938 3394 dominica
966 3329 1227 3396 favente
1257 3328 1596 3395 clementia
1619 3330 1975 3416 Turingiae
2013 3329 2388 3417 lantgravii,
2428 3330 2834 3396 marchiones
2855 3329 3216 3397 Misnenses

370 3428 763 3514 comitesque
789 3427 1115 3495 Saxoniae
1154 3429 1469 3517 pallatini,
1512 3452 1634 3517 pro
1671 3429 1847 3495 felici
1890 3432 2286 3496 incremento
2328 3431 2767 3495 universitatis
2810 3429 3007 3495 studii
3037 3429 3215 3517 Lyp-

371 3529 643 3610 czensis,
686 3527 1066 3614 privilegiiS‚
1105 3529 1360 3593 statutis
1401 3538 1467 3594 et
1506 3530 1748 3615 graciis
1792 3529 1964 3594 sedis
2007 3529 2404 3617 apostolicae
2442 3529 2838 3620 privilegiati
2877 3539 2941 3594 et
2983 3528 3210 3595 confir·
3234 3540 3296 3594 15

348 3628 549 3710 mati,
596 3629 763 3692 sicut
801 3628 870 3692 in
906 3626 1111 3693 literis
1155 3627 1529 3716 apostolicis
1574 3627 1850 3717 desuper
1891 3628 2063 3694 datis
2108 3638 2174 3694 et
2208 3630 2532 3695 concessis
2553 3629 2807 3718 plenius
2831 3629 3213 3713 continetur,

373 3725 779 3813 praehabitis
813 3748 1006 3813 super
1032 3725 1156 3792 hoc
1186 3738 1441 3793 matura
1463 3727 1939 3794 deliberacione
1968 3739 2033 3793 et
2062 3727 2327 3794 consilio
2357 3730 2830 3817 episcoporum,
2859 3726 3215 3811 doctorum,

376 3828 833 3913 magistrorum
878 3839 942 3893 et
981 3827 1449 3916 praelatorum,
1512 3827 1858 3894 accedente
1908 3825 2361 3894 nichilominus
2406 3850 2724 3895 consensu
2776 3837 2841 3893 et
2884 3828 3215 3894 voluntate

376 3925 853 3992 honorabilium
894 3930 1352 4017 magistrorum
1363 3977 1382 4010 ,
1433 3928 1500 3993 in
1542 3927 1878 4014 praedicta
1918 3936 2146 3993 nostra
2187 3929 2608 3993 universitate
2645 3950 2939 4016 pronunc
2980 3930 3214 3994 consti·

372 4035 657 4091 tutorum
700 4037 765 4091 et
808 4025 1216 4112 degencium,
1258 4025 1586 4109 volumus,
1645 4030 1983 4092 statuimus
2024 4036 2088 4092 et
2133 4026 2534 4111 ordinamus,
2579 4025 2754 4115 quod
2795 4037 3106 4115 perpetue
3147 4031 3300 4094 in20

376 4126 524 4211 ipsa
577 4125 1001 4190 universitate
1054 4127 1183 4191 sint
1233 4134 1508 4212 quatuor
1574 4127 1913 4209 naciones,
1981 4124 2286 4192 videlicet
2341 4127 2764 4193 Misnensium
2777 4178 2797 4211 ,
2861 4128 3215 4213 Saxonum,

372 4221 779 4291 Bavarorum
823 4233 886 4290 et
924 4223 1338 4291 Polonorum.

1339 4410 1434 4456 DE
1476 4409 1819 4458 PABITATE
1864 4410 2247 4460 NACIONUM.

546 4525 710 4591 Item
755 4521 1201 4591 ordinavimus
1255 4533 1319 4590 et
1361 4524 1765 4609 ordinamus,
1820 4525 1993 4611 quod
2049 4524 2426 4614 praedictae
2467 4534 2744 4611 quatuor
2797 4526 3102 4590 naciones
3145 4527 3214 4591 in

379 4625 663 4691 consiliis
705 4625 1146 4691 universitatis
1187 4634 1252 4690 et
1293 4624 1699 4691 examinibus
1753 4623 2080 4691 facultatis
2136 4627 2382 4691 arcium
2435 4626 2506 4689 in
2550 4624 2989 4690 emolumentis
3044 4635 3208 4691 cete·
3226 4635 3293 4692 25

378 4726 595 4813 risque
637 4722 1192 4812 dispositionibus,
1235 4724 1307 4789 in
1352 4723 1528 4792 dicta
1566 4726 1988 4791 universitate
2028 4725 2345 4792 habendis
2389 4735 2454 4791 et
2475 4724 2810 4809 faciendis,
2853 4743 2972 4812 per
2996 4727 3212 4791 omnia

380 4825 508 4891 sint
549 4823 873 4913 aequales.

512 5063 534 5114 1
576 5058 701 5114 Das
735 5057 986 5131 Original
1032 5058 1108 5112 ist
1141 5055 1295 5111 nicht
1325 5055 1599 5126 erhalten,
1648 5058 1885 5114 sondern
1934 5075 2042 5114 nur
2088 5059 2212 5114 eine
2256 5056 2640 5130 gleichzeitige
2672 5055 2965 5114 Abschrift
3010 5057 3068 5113 in
3116 5059 3215 5113 der

381 5141 639 5197 Mau-ikel
672 5140 764 5198 A'.
823 5143 951 5214 Vgl.
990 5140 1266 5199 Urkundl.
1297 5139 1529 5205 Quellen
1565 5140 1621 5196 S.
1657 5148 1755 5199 556
1790 5161 1843 5199 u.
1882 5149 1979 5200 540
2013 5142 2092 5215 fg.
2161 5143 2272 5198 Die
2309 5137 2760 5199 Ueberschriften
2802 5141 2901 5195 der
2932 5141 3212 5198 einzelnen

377 5225 775 5298 Paagraphen
809 5225 1008 5282 riihren
1043 5224 1188 5280 wohl
1212 5243 1321 5281 von
1343 5226 1467 5283 dem
1501 5225 1615 5298 her,
1646 5226 1745 5282 der
1765 5228 1866 5282 das
1885 5228 2200 5284 Document
2229 5226 2285 5280 in
2310 5225 2401 5281 die
2417 5225 2681 5281 Matrikel
2713 5225 2952 5298 eintrug,
2985 5225 3213 5283 schwer-

376 5310 484 5367 licb
519 5309 758 5367 standan
790 5310 872 5368 sie
907 5310 985 5366 im
1019 5309 1285 5383 Original.

2801 5402 2878 5466 1.,
