4038 6358
1404 558 1506 609 Die
1541 558 1780 611 Sinnacen
1816 573 1923 609 von
1966 558 2115 610 1565.
3068 563 3190 626 215

492 736 715 819 Quam
758 741 1033 828 quisque
1071 762 1157 805 ex
1184 740 1450 829 collegis
1488 740 1955 807 habitationem
1998 736 2604 829 possiden[1l]dam
2633 739 2918 826 elegerit,
2967 765 3188 831 quam-

279 832 423 900 diu
477 859 628 903 eam
671 838 935 921 tenebit,
990 839 1298 925 quicquid
1354 842 1423 905 in
1480 864 1559 906 ea
1612 861 1865 926 cunque
1903 840 2028 907 hac
2068 841 2427 905 coniunctis
2472 840 2556 904 ad
2596 840 2765 905 hanc
2810 843 3187 927 pertinenti-

278 931 439 1000 bus
488 936 914 1003 reficiendum
957 940 1123 1004 forte
1167 942 1307 1023 erit,
1349 941 1420 1006 id
1461 951 1531 1005 ut
1575 942 1911 1023 sarciatur,
1958 940 2256 1006 dominus
2298 938 2719 1004 habitationis
2761 939 3009 1006 videbit
3054 943 3187 1005 suis

281 1035 649 1101 sumtibus
693 1047 757 1102 et
798 1039 855 1103 si
897 1038 1072 1125 quod
1116 1038 1512 1126 negligentia
1552 1041 1759 1128 ipsius
1802 1039 2111 1105 damnum
2157 1038 2381 1103 datum
2427 1040 2509 1103 sit
2555 1037 2845 1124 collegio,
2888 1038 2959 1105 id
2987 1039 3186 1105 domi-

280 1154 441 1198 nus
488 1134 917 1204 habitationis
958 1137 1131 1204 illius
1171 1139 1557 1226 praestabit.
3241 1150 3272 1203 5

486 1234 888 1303 Infumibula
912 1241 1272 1325 ⁴quotannis
1316 1241 1585 1327 purgari
1640 1249 1703 1303 et
1758 1246 1929 1304 tecta
1989 1237 2457 1324 pergulamque
2511 1237 2958 1303 communibus
3010 1238 3189 1302 refici

289 1334 655 1400 sumtibus
699 1336 1006 1425 deinceps
1048 1336 1312 1425 placuit.

553 1506 612 1567 5.
655 1519 751 1567 m:
792 1519 1173 1569 FRUCTUUM
1214 1520 1545 1570 conns-en
1584 1520 2127 1570 nmramunoms
2167 1519 2473 1567 mmmm
2515 1520 2606 1567 ΕΤ
2649 1520 2961 1569 Ass'rrvA.

484 1633 724 1699 Visum
765 1645 864 1699 est
904 1635 1192 1723 collegio,
1236 1637 1423 1702 initia
1466 1638 1891 1718 semestrium,
1937 1637 2102 1700 sicut
2145 1634 2228 1700 ab
2258 1635 2543 1721 antiquo,
2575 1634 2907 1721 designari
2951 1637 3179 1704 diebus

295 1729 500 1798 Galli
548 1743 615 1798 et
657 1732 947 1821 Georgii,
990 1745 1062 1799 ut
1099 1737 1193 1801 ita
1232 1738 1430 1802 totius
1475 1736 1627 1801 anni
1669 1734 2100 1800 emolumenta
2142 1735 2212 1800 in
2254 1733 2415 1799 duas
2461 1729 2838 1800 dividantur
2881 1747 3120 1823 partes.
3199 1746 3264 1802 10

484 1831 601 1897 Ad
642 1831 1084 1899 hibernum
1125 1847 1339 1901 autem
1378 1843 1705 1917 semestre,
1751 1836 1933 1898 cuius
1975 1833 2062 1898 ab
2101 1836 2246 1920 ipso
2291 1830 2465 1897 Galli
2508 1833 2614 1898 die
2656 1836 2913 1899 initium
2954 1835 3187 1900 ducen-

298 1929 479 1996 dum
523 1942 644 2014 est,
698 1933 1023 1998 referatur
1076 1936 1373 2021 pecunia,
1429 1955 1595 2019 quae
1652 1933 1738 1999 ad
1792 1954 2031 2020 corpus
2087 1933 2447 2020 percipitur
2503 1955 2543 1996 a
2583 1932 3187 1999 Weissenfeldensi-

250 2055 265 2064 ·
295 2029 462 2111 bus,
517 2030 986 2118 TergensibuS,
1038 2033 1553 2100 Mituedensibus
1593 2043 1657 2098 et
1697 2032 1907 2098 tribus
1958 2034 2152 2119 pagis
2191 2032 2670 2115 universitatis3
2730 2033 2966 2098 deinde
3021 2055 3188 2121 quae

298 2128 447 2194 isto
510 2135 809 2198 semestri
866 2132 1234 2220 penduntur
1288 2156 1371 2199 ex
1426 2132 1850 2199 contubernio
1904 2130 2235 2197 Saxonico
2291 2141 2357 2196 et
2414 2131 2681 2218 reliquis
2741 2133 3186 2198 communibus

302 2226 874 2316 habitationibus3
932 2243 1069 2298 tum
1109 2236 1304 2298 etiam
1348 2255 1429 2297 ex
1466 2232 1677 2298 tribus
1721 2232 2214 2297 anniversariis:
2268 2230 2315 2294 I.
2362 2229 2649 2295 Com-adi
2693 2226 2803 2317 Ni[
2813 2227 3181 2320 121semani,
3207 2241 3266 2296 15

307 2326 615 2393 doctoris
662 2330 1043 2415 medicinae,
1097 2331 1202 2398 die
1253 2333 1493 2398 Lucae.
1548 2333 1626 2397 H.
1686 2331 1775 2395 Μ.
1818 2331 2150 2417 Henningi
2205 2329 2465 2393 circiter
2509 2328 2833 2395 Calendas
2875 2331 3184 2395 Ianuarii.

306 2426 434 2492 111.
478 2427 796 2494 Eiusdem
854 2430 959 2496 die
1012 2433 1122 2520 qui
1176 2432 1538 2519 palmarum
1585 2432 1844 2496 nomine
1887 2428 2147 2498 dicitur.
2233 2427 2419 2492 Haec
2471 2430 2748 2514 pecunia
2806 2432 3014 2494 omnis
3067 2453 3185 2516 per

305 2524 602 2604 hiemem
643 2538 742 2593 est
792 2529 1158 2616 colligenda
1196 2541 1260 2596 et
1304 2531 1385 2596 de
1425 2530 1549 2596 hac
1588 2531 1875 2595 rationes
1917 2526 2293 2593 reddendae
2351 2528 2524 2591 intra
2577 2528 2857 2613 primum
2899 2550 3184 2593 mensem

312 2629 661 2692 semestris
705 2631 1032 2715 sequentis
1074 2631 1327 2695 aestivi.

488 2725 598 2791 Ad
645 2738 958 2794 semestre
1001 2731 1398 2794 aestivum
1442 2729 1768 2814 pertineat
1809 2727 2104 2814 pecunia,
2162 2746 2330 2812 quae
2385 2723 2471 2788 ad
2516 2747 2752 2811 corpus
2809 2733 3271 2793 numeratur20

312 2847 357 2887 a
403 2823 1104 2893 Weissenfeldensibus
1147 2840 1228 2912 et,
1286 2838 1357 2893 ut
1395 2838 1730 2910 vocarunt,
1784 2825 1866 2892 de
1909 2826 2226 2912 precariis
2270 2823 2527 2888 circiter
2570 2824 2742 2889 diem
2783 2825 3185 2911 Walpurgis.

314 2924 584 2990 Deinde
627 2949 794 3012 quae
835 2926 916 2991 de
953 2927 1374 2993 contubernio
1402 2925 1732 2992 Saxonico
1777 2934 1841 2990 et
1878 2924 2145 3012 reliquis
2184 2922 2697 2989 habitationibus
2739 2925 3187 2989 communibus

314 3024 451 3088 isto
492 3027 789 3089 semestri
830 3025 1218 3112 penduntur.
1302 3026 1471 3091 Tum
1513 3028 1709 3091 etiam
1747 3025 1829 3090 de
1871 3043 1988 3089 sex
2032 3024 2530 3088 anniversariis:
2594 3023 2646 3087 Ι.
2688 3023 2952 3088 Ioannis
2995 3024 3186 3111 Lyri-

318 3120 476 3205 ken,
521 3121 809 3190 doctoris
850 3123 1229 3212 theologiae,
1272 3125 1599 3192 dominica
1625 3125 1921 3193 Cantate.
1967 3123 2053 3189 II.
2097 3121 2404 3187 Andreae
2433 3121 2768 3207 Rudigeri,
2814 3121 2980 3189 doct.
3009 3124 3185 3189 theo-

317 3219 556 3307 logiae,
601 3223 707 3288 die
747 3223 1084 3290 Bonifacii.
1125 3225 1240 3290 ΙΠ.
1286 3225 1619 3295 Wilhelmi
1664 3224 2033 3306 Altenhofii,
2077 3223 2244 3289 doct.
2288 3220 2670 3303 medicinae,
2716 3222 2820 3286 die
2842 3222 2996 3287 Viti.
3039 3223 3183 3289 IIII.
3204 3231 3270 3315 25

318 3318 657 3386 Helmoldi
703 3323 1145 3406 Gledenstedt,
1199 3324 1368 3390 doct.
1420 3324 1800 3407 medicinae,
1855 3323 1961 3389 die
2001 3323 2313 3387 Iohannis
2364 3319 2704 3407 baptistae.
2749 3321 2829 3386 V.
2872 3322 3182 3387 Iohannis

316 3417 611 3486 Homelii
650 3424 948 3509 magistri
989 3433 1110 3488 etc.
1156 3424 1381 3489 eodem
1430 3424 1554 3489 die.
1600 3421 1729 3512 [13]
1774 3423 1885 3489 VI.
1927 3423 2316 3508 Hieronymi
2360 3420 2843 3504 Ochsenfurdii,
2902 3420 3182 3506 theolog.

320 3516 629 3602 doctoris,
671 3520 777 3585 die
819 3524 1234 3588 assumtionis
1277 3523 1550 3589 Mariae.

488 3617 677 3683 Haec
719 3623 995 3707 pecunia
1036 3643 1156 3708 per
1199 3631 1511 3686 aestatem
1551 3629 1649 3686 est
1684 3620 2052 3706 colligenda
2092 3630 2159 3685 et
2201 3619 2282 3684 de
2327 3619 2452 3684 hac
2489 3619 2775 3684 rationes
2817 3618 3187 3685 reddendae

320 3739 363 3780 a
407 3721 782 3804 praeposito
826 3720 1000 3785 intra
1040 3722 1322 3806 primum
1360 3743 1668 3803 mensem,
1713 3741 1838 3807 quo
1879 3719 2115 3784 abierit
2153 3720 2557 3804 magistratu.
3200 3729 3271 3785 30

492 3815 823 3896 Quantum
849 3821 1044 3884 etiam
1070 3821 1383 3905 pecuniae
1405 3841 1445 3883 a
1467 3821 1839 3906 praeposito
1864 3821 1948 3883 sit
1984 3817 2365 3882 mittendum
2406 3818 2753 3903 quaestori,
2795 3838 2880 3881 ex
2905 3817 3186 3904 quodam

321 3915 640 4001 rescripto
682 3915 1104 3983 illustrissimi
1131 3920 1449 4006 principis
1477 3917 1766 4004 Georgii,
1809 3917 1992 4015 ducis
2018 3917 2347 3982 Saxoniae
2376 3925 2517 3997 etc„
2561 3922 2626 3980 et
2666 3916 2950 4003 antiquis
2990 3920 3187 3982 ratio-

322 4012 521 4078 nibus
562 4027 859 4102 apparet.

487 4113 596 4179 De
638 4118 1093 4187 cerevisiariae
1150 4118 1465 4204 pecuniae
1517 4115 1973 4181 distributione
2017 4115 2268 4179 aestiva
2312 4135 2391 4178 ac
2433 4113 2708 4179 hiberna
2750 4114 3014 4201 placuit,
3055 4116 3177 4180 ini·

322 4213 486 4277 tium
530 4213 720 4278 huius
759 4215 845 4281 ab
890 4218 1138 4282 aestivo
1190 4217 1485 4283 semestri
1538 4216 1702 4297 fieri,
1755 4218 1850 4280 ita
1898 4224 1974 4279 ut
2026 4215 2170 4300 ipso
2232 4212 2502 4299 Georgii
2565 4213 2670 4279 die
2724 4212 3055 4300 quadrans
3101 4214 3270 4281 de35

321 4334 494 4377 anno
538 4313 756 4380 futuro
801 4325 863 4378 et
907 4317 1194 4381 semissis
1258 4339 1371 4381 seu
1425 4314 1694 4383 dimidia
1756 4337 1912 4400 pars
1969 4312 2075 4377 die
2119 4312 2427 4378 Iohannis
2487 4313 2833 4399 baptistae,
2891 4312 3178 4378 dodrans

324 4432 502 4493 vero,
561 4410 632 4476 id
678 4424 777 4479 est
816 4423 951 4480 tres
1004 4415 1424 4501 quadrantes,
1481 4414 1590 4479 die
1642 4412 1817 4478 Galli
1871 4422 1937 4477 et
1996 4413 2307 4477 universa
2367 4412 2642 4498 pecunia
2697 4413 2824 4476 ista
2879 4412 3185 4478 Calendis

320 4510 612 4577 Ianuarii
654 4511 983 4580 debeatur.

447 4681 507 4742 6.
548 4694 646 4743 DE
688 4696 1127 4747 HAEREDIBUS
1171 4698 1527 4747 DEFUNCTI
1564 4697 1702 4745 VEL
1741 4696 1904 4745 ALIO
1945 4696 2146 4747 MODO
2187 4693 2628 4744 DEOEDENTIS
2671 4692 3054 4741 COLLEGAE.

487 4809 764 4875 Praeter
790 4811 921 4876 XV
945 4813 1245 4897 florenoS,
1287 4837 1327 4878 a
1352 4836 1526 4879 novo
1558 4813 1806 4898 collega
1843 4812 2016 4875 intra
2057 4832 2342 4877 mensem
2384 4810 2778 4875 antecessori
2807 4807 2911 4872 vel
2953 4808 3175 4874 haere·
3195 4820 3264 4876 40

327 4905 519 4973 dibus
562 4910 703 4974 eius
746 4911 1200 4995 numerandoS,
1232 4914 1445 4978 visum
1488 4922 1587 4977 est
1626 4906 1893 4978 concedi
1938 4932 2192 4997 quoque
2232 4908 2462 4977 iisdem
2495 4910 2711 4974 omnia
2757 4908 3187 4974 emolumenta

327 5008 465 5072 eius
509 5012 862 5093 semestris,
919 5034 1046 5098 quo
1088 5022 1459 5077 antecessor
1501 5011 1808 5094 decessit,
1861 5021 1936 5075 ut
1993 5010 2310 5096 sequitur:
2390 5008 2438 5073 Ι.
2483 5009 2823 5094 pecuniam
2867 5011 3182 5095 corporis.

328 5103 455 5194 [14]
495 5108 577 5173 II.
632 5111 1008 5195 pensionem
1059 5110 1481 5176 habitationis
1538 5113 1844 5198 propriae
1898 5119 1964 5173 et
2019 5117 2232 5172 ratam
2283 5106 2363 5171 de
2418 5107 2681 5194 reliquis
2737 5107 3183 5173 communibus

325 5216 599 5292 partem.
653 5208 768 5275 III.
830 5216 1041 5272 ratam
1082 5222 1338 5297 partem
1383 5210 1465 5275 de
1508 5210 1972 5275 anniversariis
2029 5229 2229 5293 supra
2285 5206 2609 5271 indicatis.
2666 5207 2815 5271 IIII.
2868 5209 3182 5293 pecuniae
