4038 6358
856 633 980 699 446
1854 627 1956 680 Die
1987 628 2423 694 philosophicum
2456 627 2712 682 rsenltst.

854 811 1133 878 decanus
1187 812 1383 877 faciet
1467 811 1804 899 generales
1859 811 2364 878 convocaciones
2418 814 2875 899 magistrorum
2943 820 3079 877 tam
3134 812 3203 877 in
3263 833 3463 899 quam
3511 823 3680 880 extra

857 911 1198 978 consilium
1253 911 1600 978 facultatis.
1615 913 1636 954 ¹

924 1084 980 1146 3.
1020 1095 1338 1145 DRCANUS
1379 1096 1471 1143 m·
1512 1094 2190 1146 VIOEOANCELLARIUS
2233 1094 2379 1143 NON
2416 1094 2697 1145 DEBENT
2740 1094 3262 1145 Pnouovmmos
3309 1095 3621 1144 TEMPORE

1234 1193 1561 1243 unximus
1602 1196 1695 1243 DE
1738 1195 2043 1244 MATERIA
2086 1193 2515 1243 ASSIGNANDA
2556 1194 2936 1244 CEBOIORES
2980 1193 3328 1244 REDDERE.

772 1321 807 1380 5
1022 1311 1329 1377 Decanus
1387 1333 1506 1398 pro
1559 1320 1850 1399 tempore
1905 1309 2188 1375 existens
2246 1309 2366 1375 sub
2425 1332 2638 1397 poena
2691 1311 2961 1399 periurii
3020 1310 3265 1376 nullum
3320 1333 3674 1398 promoven-

856 1412 1008 1477 dum
1054 1434 1172 1499 per
1226 1432 1295 1475 se
1335 1409 1441 1476 vel
1495 1410 1689 1475 alium
1735 1409 1815 1475 de
1859 1409 2346 1497 quaestionibus
2390 1432 2504 1475 seu
2545 1410 3076 1497 responsionibus
3120 1409 3247 1476 sibi
3287 1410 3673 1495 assignandis

858 1510 1218 1576 certificare
1261 1508 1468 1574 debet.
1524 1508 1710 1574 Idem
1748 1508 2131 1596 intelligitur
2176 1508 2258 1574 de
2299 1509 2832 1584 vicecancellario
2874 1509 2994 1577 sub
3036 1509 3265 1575 eadem
3307 1532 3533 1599 poena.

1090 1686 1150 1745 4.
1192 1690 1649 1744 Puouovmtm
1687 1692 2036 1753 wlturna
2077 1692 2373 1742 mscnml
2414 1693 2696 1743 DEBENT
2736 1691 3065 1744 TEMPORE
3104 1692 3456 1744 numm.

1019 1808 1517 1875 Baccalariandi
1584 1818 1874 1895 tempore
1938 1809 2258 1873 examinis
2332 1805 2604 1877 inscribi
2668 1810 2907 1877 debent
2968 1810 3324 1876 secundum
3390 1808 3672 1892 ordinem,

777 1919 843 1977 10
859 1932 1048 1999 quem
1091 1908 1332 1975 habent
1382 1911 1452 1973 in
1502 1907 1848 1973 matricula
1899 1908 2363 1993 universitatis,
2423 1909 2854 1996 magistrandi
2908 1931 3066 1977 vero
3125 1910 3481 1975 secundum
3527 1908 3675 1974 ordi·

854 2033 1001 2077 nem
1058 2009 1239 2093 senii,
1292 2029 1484 2097 quem
1531 2006 1776 2073 habent
1825 2008 1894 2072 in
1945 2008 2354 2094 promotione
2410 2008 2906 2075 baccalariatus.
2991 2010 3084 2075 Et
3138 2010 3422 2075 decanus
3463 2030 3678 2096 nequa·

857 2129 1052 2198 quam
1113 2110 1291 2175 circa
1363 2106 1731 2174 huiusmodi
1803 2108 2293 2195 inscriptionem
2354 2108 2575 2175 dolum
2641 2119 2706 2175 et
2764 2109 3061 2175 fraudem
3125 2111 3515 2193 committat,
3573 2106 3682 2174 sub

859 2232 1070 2296 poena
1106 2230 1225 2296 per
1268 2207 1643 2274 facultatem
1685 2205 2012 2290 dictanda,
2055 2209 2114 2273 si
2157 2210 2548 2274 contrarium
2592 2219 2923 2296 repertum
2962 2209 3178 2276 fuerit.

850 2383 911 2443 5.
963 2394 1280 2444 nncms
1321 2394 1412 2442 nr
1459 2391 2137 2441 woncmcnnnanms
2177 2393 2495 2441 namu
2547 2392 2958 2443 mscnnznu·
3003 2393 3331 2443 Tmons
3374 2392 3685 2442 nimum

774 2485 836 2542 15
1039 2473 1044 2480 ’
1514 2492 1648 2540 vm.
1696 2492 2185 2558 mmmmm,
2225 2493 2364 2542 NISI
2401 2493 2604 2542 rmus
2642 2494 3039 2543 mnsvnm'r.

1015 2610 1180 2676 Item
1220 2609 1502 2676 decanus
1544 2605 1650 2672 vel
1688 2607 2259 2673 vicecancellarius
2307 2607 2552 2674 nullum
2605 2609 2964 2675 inscribere
3014 2608 3257 2676 debent
3312 2631 3684 2698 promoven·

855 2709 1011 2776 dum
1051 2720 1120 2775 et
1157 2706 1658 2775 examinandum
1702 2729 1823 2795 pro
1863 2707 2078 2794 gradu
2119 2707 2357 2795 aliquo,
2400 2709 2529 2774 nisi
2571 2711 2757 2796 prius
2797 2708 2928 2775 tale
2964 2710 3197 2775 fecerit
3235 2711 3683 2776 iuramentum:

857 2804 982 2896 [8b]
1018 2809 1204 2894 „Ego
1228 2809 1327 2874 .N.
1348 2809 1512 2890 iuro,
1554 2808 1729 2895 quod
1770 2830 1892 2873 nec
1923 2809 2180 2874 actione
2206 2829 2327 2872 nec
2349 2807 2612 2894 ultione,
2653 2830 2774 2873 nec
2812 2831 2933 2896 per
2973 2831 3076 2875 me
3112 2831 3236 2875 nec
3272 2831 3396 2897 per
3440 2808 3685 2890 alium“,

856 2919 930 2974 ut
981 2908 1258 2975 habetur
1312 2908 1382 2972 in
1435 2908 1756 2994 principio
1794 2907 2000 2972 ·huius
2057 2906 2210 2974 libri
2267 2916 2656 2973 statutorum
2710 2913 2787 2989 (s.
2830 2913 2921 2988 u.)
2975 2918 3040 2974 et
3091 2909 3265 2974 infra
3318 2911 3389 2974 in
3443 2910 3685 2974 statutis

770 3016 841 3074 20
857 3006 1391 3074 concernentibus
1435 3006 1929 3093 promovendos.
2011 3006 2101 3073 Et
2154 3009 2635 3074 examinatores
2685 3029 2816 3074 non
2872 3007 3113 3075 debent
3167 3007 3323 3096 eligi
3374 3010 3505 3074 nisi
3556 3017 3688 3096 post

855 3107 1354 3195 inscripcionem
1399 3104 2006 3195 promovendorum.

978 3281 1034 3344 6.
1075 3293 1171 3341 DE
1214 3291 1547 3342 SCEDULIS
1588 3290 2013 3340 mPONENDIS
2058 3291 2386 3341 TEMPORE
2428 3292 2843 3342 ELECTIONIS
2885 3293 3443 3343 EXAMmA'romm
3484 3293 3577 3341 m*

1715 3389 2146 3439 ASTANTIBUS
2188 3391 2404 3441 PRmo
2445 3391 2840 3441 ELIGENDIS·

1022 3509 1296 3592 Placuit,
1340 3468 1514 3597 quod
1555 3515 1703 3571 ante
1745 3505 2121 3573 electionem
2165 3509 2684 3573 examinatorum
2726 3507 3046 3594 eligantur
3087 3516 3363 3596 quatuor
3404 3509 3690 3595 magistri

774 3620 976 3699 2sper
1015 3619 1278 3692 sortem,
1322 3607 1567 3673 decano
1611 3615 1917 3690 astantes,
1973 3609 2070 3672 sic
2122 3606 2298 3695 quod
2345 3608 2592 3695 primus
2636 3629 2754 3696 per
2797 3618 3038 3673 sortem
3076 3607 3319 3674 electus
3362 3629 3514 3673 cum
3556 3606 3689 3672 aliis

857 3710 1064 3777 tribus
1109 3709 1190 3774 de
1233 3708 1380 3774 aliis
1423 3705 1804 3772 nacionibus
1859 3708 2158 3793 proxime
2215 3707 2631 3794 sequentibus
2686 3717 2902 3773 astant
2943 3707 3203 3773 domino
3254 3707 3505 3773 decano
3544 3718 3689 3772 tem·

855 3831 1020 3898 pore
1057 3807 1501 3895 imposicionis
1545 3805 1970 3891 scedularum,
2023 3807 2148 3873 isto
2191 3816 2410 3873 tamen
2448 3807 2713 3874 excluso
2755 3807 3088 3893 magistro,
3144 3807 3217 3870 in
3268 3828 3399 3895 qua
3438 3808 3690 3872 natione

857 3909 1267 3974 examinator
1309 3907 1462 3993 eligi
1503 3904 1723 3988 debet,
1777 3915 1851 3972 ut
1890 3904 2188 3990 videant,
2244 3906 2416 3995 quod
2455 3906 2634 3973 nulla
2675 3908 2857 3971 fraus
2896 3908 2965 3970 in
3005 3907 3433 3994 imposicione
3474 3905 3687 3971 scedu-

855 4009 1064 4074 larum
1129 4006 1584 4074 committatur.
1665 4006 1756 4072 Et
1818 4006 2131 4092 magister
2188 4006 2536 4071 extrahens
2600 4005 2682 4071 de
2744 4008 2939 4071 mitra
3002 4005 3169 4072 duas
3235 4004 3538 4071 scedulas
3596 4004 3692 4070 vel

777 4118 845 4175 30
865 4108 1083 4196 plures
1126 4109 1401 4172 scienter
1444 4104 1550 4170 vel
1604 4107 1811 4170 eciam
1851 4105 2226 4192 improvise,
2286 4107 2370 4170 sit
2407 4105 2670 4172 inabilis
2717 4104 2803 4171 ad
2860 4107 3370 4172 examinatorem
3410 4127 3535 4192 pro
3574 4106 3693 4169 ista

856 4209 1021 4291 vice,
1073 4209 1168 4273 ita
1219 4215 1437 4271 tamen
1488 4203 1664 4295 quod
1718 4213 1900 4269 actus
1954 4203 2064 4270 ille
2115 4207 2408 4294 inceptus
2450 4227 2596 4271 cum
2638 4204 2767 4271 alio
2813 4203 2918 4270 vel
2979 4204 3125 4271 aliis
3177 4205 3447 4272 ulterius
3504 4205 3691 4272 conti-

859 4315 1109 4373 nuetur.

1569 4426 1627 4487 7.
1671 4438 1765 4485 ns
1808 4436 2007 4487 mono
2052 4436 2388 4486 Euenum
2429 4436 2986 4486 ammonas.

1022 4554 1306 4638 Placuit,
1360 4553 1532 4641 quod
1590 4556 2069 4620 examinatores
2125 4576 2245 4642 per
2288 4562 2527 4619 sortem
2568 4553 2911 4640 eligantur,
2996 4553 3086 4619 Et
3134 4552 3366 4620 modus
3422 4554 3511 4619 sit
3561 4556 3691 4635 iste,

775 4655 1036 4746 35quod
1101 4664 1425 4743 ponantur
1483 4663 1582 4719 tot
1637 4654 1939 4721 scedulae
1992 4654 2277 4741 undique
2336 4652 2576 4718 similes
2639 4653 2726 4718 ad
2789 4676 2987 4719 unam
3038 4656 3363 4742 integram
3419 4655 3690 4736 minam,

859 4765 1017 4844 quot
1070 4765 1222 4821 sunt
1267 4755 1566 4841 magistri
1621 4765 1999 4841 praesentes
2052 4764 2119 4820 et
2176 4763 2648 4839 acturegentes,
2706 4775 2979 4841 quarum
3019 4776 3151 4819 una
3188 4754 3475 4819 continet
3522 4746 3689 4817 ‘exa-

859 4846 1185 4938 minator'3
1229 4865 1296 4920 et
1337 4856 1697 4943 quicunque
1724 4858 2185 4941 magistrorum
2223 4875 2342 4940 per
2375 4862 2616 4946 sortem
2645 4874 2788 4917 eam
2827 4855 3164 4941 repererit,
3204 4855 3330 4920 erit
3370 4853 3689 4918 examina·

857 4964 961 5021 tor
999 4955 1129 5022 ista
1165 4953 1333 5038 vice,
1378 4962 1444 5020 et
1484 4975 1601 5020 suo
1644 4955 1836 5022 modo
1884 4955 1954 5020 in
1997 4952 2146 5019 aliis
2198 4952 2407 5019 tribus
2445 4952 2818 5019 nationibus
2862 4955 3278 5040 practicetur.
3357 4950 3491 5033 Qui
3547 4972 3689 5039 qua·

1034 5226 1057 5277 1
1098 5219 1209 5276 Am
1243 5218 1465 5275 Randet
1532 5221 1622 5274 De
1654 5237 1734 5289 eo,
1782 5219 1881 5272 sobe·
1919 5220 2175 5274 wamma
2206 5217 2600 5285 fior-idom
2632 5225 2689 5272 et
2720 5219 3150 5288 convocationes,
3190 5219 3357 5273 aliter
3389 5218 3690 5272 ordenasam

861 5311 972 5376 θείς
1018 5305 1246 5376 ideoque
1274 5312 1532 5360 statutum
1565 5311 1643 5360 est
1671 5305 1862 5375 quoad
1889 5304 2023 5357 haec
2058 5302 2326 5357 sublatum
2358 5318 2504 5356 mmo
2542 5306 2689 5373 1522,
2716 5303 2817 5358 aab
2849 5306 3119 5360 ἀωαηαὴι
3148 5303 3379 5359 Ioannis
3416 5301 3592 5358 Mea.
