4038 6358
1385 637 1487 690 Die
1521 636 1882 688 Befformation
1917 647 2043 688 vom
2074 636 2246 688 Jahre
2286 634 2429 689 1⁴26.
3228 638 3305 699 15

527 825 630 914 giis
661 819 1135 906 collegiatarum
1185 837 1424 884 vacare
1477 818 1824 904 contigerit
1837 865 1856 902 ,
1911 817 2088 903 quod
2128 817 2455 904 collegiati
2468 867 2487 901 ,
2542 817 2727 882 iuxta
2784 837 2905 881 sua
2946 825 3188 883 stamta
3226 816 3313 881 ad

526 923 852 990 electionem
877 919 1266 1000 evenientes,
1307 937 1439 981 non
1465 926 1730 982 utantur
1771 917 1998 981 favore
2030 918 2309 1003 privato,
2354 915 2471 982 sed
2492 915 2741 982 oculum
2765 916 3311 984 consideracionis

524 1024 596 1090 sd
630 1043 724 1088 eos
761 1019 1083 1106 dirigant,
1135 1019 1248 1105 qui
1291 1017 1552 1102 ingenio
1593 1015 1918 1104 praeclari
1971 1027 2037 1081 et
2080 1019 2573 1084 conversatione
2610 1015 2983 1082 tractabiles
3028 1017 3311 1082 existant

521 1134 682 1210 atque
717 1118 1004 1185 moribus
1045 1118 1287 1184 sanctis
1332 1117 1579 1202 pariter
1621 1124 1688 1180 et
1728 1114 2061 1182 laboribus
2086 1117 2231 1205 plus
2275 1117 2423 1183 aliis
2464 1116 2705 1182 fuerint
2742 1117 3055 1202 insigniti.
3139 1115 3309 1182 Nam

517 1245 618 1311 per
647 1219 856 1286 talium
899 1217 1370 1305 promotionem
1411 1215 1616 1282 abiles
1669 1213 1975 1281 abiliores
2033 1227 2098 1282 et
2138 1217 2411 1284 studiosi
2468 1215 2889 1282 studiosiores
2928 1215 3304 1298 redduntur,
3359 1225 3391 1278 5

513 1343 728 1387 necnon
769 1319 980 1385 honor
1034 1327 1098 1381 et
1151 1317 1614 1382 incrementum
1667 1316 2110 1381 universitatis
2154 1365 2171 1380 .
2230 1365 2246 1379 .
2308 1365 2321 1379 .
2372 1318 2391 1358 ¹
2450 1325 2515 1381 et
2570 1337 2833 1380 numero
2889 1335 3311 1402 personarum

515 1419 926 1506 multipliciter
967 1415 1387 1482 dinoscuntur
1426 1416 1788 1502 procurari.

654 1520 806 1585 Item
847 1515 1142 1582 volumus
1179 1523 1246 1580 et
1283 1514 1668 1580 mandamus
1679 1561 1698 1598 ,
1741 1512 1916 1598 quod
1953 1523 2239 1580 rectores
2281 1513 2623 1580 bursarum
2666 1535 2811 1580 cum
2862 1515 2993 1580 suis
3038 1513 3311 1596 conbur-

505 1617 724 1684 salibus
793 1619 862 1682 in
927 1636 1151 1682 mensa
1221 1625 1288 1680 et
1353 1612 1500 1678 aliis
1567 1613 1700 1678 suis
1763 1612 2361 1678 conversationibus
2422 1612 2629 1679 latina
2694 1614 2873 1700 ligua
2912 1615 2939 1656 ²
3022 1623 3302 1679 utantur.

507 1719 606 1784 Sic
640 1719 798 1783 enim
839 1717 1172 1802 magistris
1213 1735 1368 1780 usus
1413 1711 1670 1802 proficit
1710 1721 1775 1776 et
1815 1710 2099 1777 scolares
2138 1711 2291 1778 inde
2330 1712 2557 1780 melius
2598 1715 3017 1780 instruuntur.
3332 1723 3396 1780 10

649 1817 886 1882 Verum
927 1837 1074 1880 cum
1111 1815 1396 1880 humana
1436 1821 1670 1878 natura
1721 1833 1928 1875 novas
1975 1833 2231 1898 semper
2282 1811 2679 1900 deproperat
2728 1813 2921 1878 edere
2972 1813 3215 1880 formas
3252 1825 3315 1880 et

503 1939 707 2006 parum
749 1923 920 1982 esset
961 1923 1204 1980 statuta
1247 1911 1557 1996 condere,
1609 1912 1736 1978 nisi
1780 1913 2149 1976 executioni
2198 1909 2455 1978 debitae
2508 1911 3076 1980 demandarentur:
3136 1913 3311 1980 ideo-

501 2037 640 2100 que,
695 2024 766 2080 ut
802 2028 936 2080 tam
977 2015 1140 2080 haec
1178 2035 1374 2102 quam
1417 2012 1548 2078 alia
1587 2011 2031 2078 universitatis
2072 2021 2311 2078 statuta
2366 2011 2691 2080 salubrius
2748 2012 3171 2080 observentur
3226 2021 3308 2097 et,

505 2117 554 2178 si
591 2113 740 2200 quid
778 2111 1182 2200 negligenter
1201 2115 1245 2195 ³,
1287 2111 1508 2178 debita
1563 2110 2125 2178 animadversione
2174 2113 2634 2200 corriperetur:
2678 2111 2824 2178 ideo
2872 2114 3209 2178 statuimus
3253 2123 3317 2178 et

497 2212 886 2295 ordinamus,
946 2211 1120 2298 quod
1173 2211 1478 2298 deinceps
1533 2209 1804 2297 singulis
1869 2213 2059 2280 annis
2114 2211 2397 2278 secunda
2448 2211 2555 2278 die
2606 2214 2847 2280 mensis
2898 2213 3187 2278 Ianuarii
3238 2214 3307 2278 in
3329 2221 3391 2276 15

501 2313 991 2400 congregatione
1017 2309 1326 2398 generali,
1369 2321 1639 2398 propter
1677 2311 1802 2378 hoc
1835 2334 1952 2399 per
1978 2323 2297 2378 rectorem
2324 2311 2643 2398 facienda,
2686 2334 2803 2399 per
2840 2315 3135 2378 nationes
3160 2333 3313 2397 qua-

489 2419 628 2477 tuor
663 2413 966 2498 magistri
1005 2419 1116 2476 aut
1157 2410 1456 2476 doctores
1469 2459 1486 2492 ,
1539 2409 1838 2476 videlicet
1893 2432 2012 2499 per
2064 2414 2404 2476 nacionem
2442 2411 2865 2478 Misnensium
2910 2411 2993 2476 de
3043 2407 3314 2497 collegio

493 2512 714 2576 maiori
755 2533 952 2594 unus,
1017 2532 1136 2598 per
1178 2511 1504 2576 nationem
1548 2509 1880 2574 Saxonum
1925 2509 2006 2575 de
2048 2507 2321 2596 collegio
2361 2511 2599 2576 minori
2642 2516 2791 2594 2us,
2833 2533 2951 2599 per
2990 2511 3315 2576 nationem

489 2609 884 2677 Bavarorum
935 2609 1018 2674 de
1059 2609 1332 2696 collegio
1389 2609 1618 2676 beatae
1673 2611 1946 2695 virginis
1985 2611 2227 2676 tercius
2281 2619 2345 2675 et
2382 2633 2504 2697 per
2554 2612 2877 2676 nationem
2920 2609 3309 2677 Polonorum

492 2721 748 2795 quartus
805 2709 886 2774 de
925 2708 1230 2775 facultate
1288 2711 1662 2774 iul-istarum
1717 2719 2097 2774 executores
2140 2707 2493 2796 eligantur,
2552 2711 2664 2796 qui
2714 2712 2853 2776 sine
2903 2710 3307 2777 recusatione
3322 2717 3391 2774 20

495 2809 602 2873 sub
644 2831 862 2897 poena
903 2808 1126 2874 decem
1179 2809 1246 2872 fl.
1289 2809 1568 2874 officium
1621 2809 2031 2873 execucionis
2090 2807 2459 2875 huiusmodi
2512 2812 2843 2898 suscipere
2890 2809 3153 2893 debent,
3206 2811 3315 2895 qui

492 2899 694 2972 statim
739 2917 1082 2996 postquam
1135 2906 1322 2973 electi
1385 2919 1532 2972 sunt
1587 2907 1876 2992 quintum
1939 2908 2573 2996 superintendentem
2628 2907 2709 2974 de
2750 2909 3055 2975 facultate
3100 2907 3317 2996 aliqua

490 3007 724 3094 eligere
767 3017 1086 3074 tenentur.
1167 3007 1284 3072 Hii
1338 3029 1559 3072 omnes
1616 3005 1959 3094 diligenter
2017 3006 2101 3072 ad
2154 3007 2673 3074 observationem
2725 3010 3009 3076 omnium
3050 3017 3313 3074 statuto-

491 3131 624 3173 rum
665 3107 1002 3173 intendere
1043 3105 1310 3189 debent,
1367 3127 1444 3170 ac
1484 3105 1598 3172 ubi
1633 3105 1952 3172 desectum
1979 3108 2358 3196 reperirent,
2401 3107 2723 3174 adiutorio
2765 3107 3007 3175 domini
3044 3110 3315 3174 rectoris

485 3206 924 3294 delinquentes
967 3207 1214 3294 punire.
1301 3206 1372 3271 Si
1417 3208 1558 3293 quis
1603 3216 1814 3273 autem
1855 3206 1982 3271 illis
2017 3228 2089 3273 se
2127 3210 2543 3295 pertinaciter
2576 3218 2953 3297 opponeret,
2996 3206 3187 3273 debet
3228 3207 3313 3274 ab
3332 3215 3397 3273 25

483 3310 898 3373 universitate
941 3306 1218 3373 excludi.
1302 3304 1392 3370 Et
1431 3316 1504 3371 ut
1549 3306 1744 3371 iidem
1787 3317 2169 3373 executores
2210 3309 2339 3373 sint
2368 3310 2609 3375 sorcius
2654 3307 2739 3374 ad
2772 3306 3139 3375 huiusmodi
3181 3306 3315 3374 offi-

479 3408 648 3473 cium
685 3407 966 3474 fideliter
1009 3404 1454 3492 exequendum
1509 3407 1760 3470 astricti
1773 3456 1790 3489 ,
1843 3406 2112 3494 quilibet
2168 3430 2387 3474 eorum
2432 3410 2651 3475 statim
2692 3419 2841 3497 post
2880 3408 3017 3473 eius
3058 3406 3315 3473 electio-

477 3528 622 3573 nem
665 3509 736 3572 in
776 3506 1078 3573 manibus
1119 3506 1364 3571 domini
1419 3506 1690 3570 rectoris
1741 3507 2167 3572 iuramentum
2221 3518 2559 3594 praestare
2613 3508 2805 3575 debet
2846 3505 2966 3573 sub
3008 3506 3133 3572 hac
3172 3528 3315 3572 ver-

471 3608 708 3674 borum
749 3610 994 3673 forma:
1051 3604 1237 3693 „Ego
1281 3604 1362 3671 N.
1404 3606 1544 3671 iuro
1559 3653 1578 3687 ,
1643 3604 1816 3691 quod
1857 3604 2053 3670 velim
2106 3606 2387 3672 officium
2440 3608 2635 3673 michi
2682 3608 3037 3675 iniunctum
3082 3609 3317 3695 exequi

467 3728 594 3795 pro
639 3730 857 3795 posse,
901 3706 1120 3793 nilque
1157 3708 1226 3771 in
1267 3704 1392 3771 hoc
1435 3706 1726 3769 omittere
1763 3703 1868 3769 vel
1911 3726 2110 3790 agere
2144 3704 2299 3789 odii,
2337 3707 2651 3789 rancoris,
2695 3706 2917 3794 precii,
2960 3706 3121 3795 spei,
3166 3730 3313 3795 gra-
3331 3718 3400 3775 ³0

467 3810 618 3872 eiae
657 3808 1040 3894 timorisque
1083 3826 1302 3872 causa.
1388 3804 1499 3869 Sic
1551 3824 1654 3867 me
1693 3804 1852 3869 deus
1905 3804 2169 3869 adiuvet
2208 3814 2273 3869 et
2324 3808 2532 3871 sancti
2575 3808 2775 3871 eius.“
2856 3806 2933 3872 Si
2972 3808 3117 3892 quis
3158 3828 3315 3875 vero

465 3926 702 3971 eorum
741 3906 912 3971 infra
950 3928 1188 3971 annum
1228 3903 1640 3993 praedictum
1679 3904 2010 3969 recederet
2052 3914 2164 3969 aut
2204 3904 2564 3990 decederet,
2607 3906 2892 3973 habeant
2930 3905 3042 3971 alii
3086 3928 3313 3973 execu-

463 4016 650 4071 tores
709 4014 1094 4095 potestatem
1147 4007 1216 4069 in
1267 4003 1477 4069 locum
1529 4004 1670 4069 eius
1725 4002 1922 4068 alium
1975 4004 2263 4069 eiusdem
2314 4004 2643 4073 facultatis
2694 4028 2811 4073 seu
2868 4004 3127 4094 collegii
3176 4030 3313 4072 sur-

465 4104 776 4192 rogandi.

639 4204 956 4272 Volumus
997 4204 1278 4291 insuper,
1321 4200 1496 4287 quod
1533 4200 1742 4265 nullus
1783 4201 2034 4287 doctor,
2075 4207 2387 4292 magister
2418 4217 2529 4272 aut
2570 4206 2861 4291 scolaris,
2906 4208 2975 4273 in
3008 4208 3314 4275 clericatu
3329 4216 3397 4275 3⁵

471 4308 785 4389 existens,
827 4304 1102 4371 barbam
1145 4304 1392 4369 nutrire
1435 4310 1829 4389 praesumat,
1869 4325 2012 4369 cum
2060 4306 2265 4371 eciam
2306 4328 2347 4371 a
2388 4307 2527 4371 iure
2570 4308 2892 4373 communi
2931 4307 3055 4373 hoc
3096 4310 3189 4373 eis
3232 4308 3318 4374 sit

474 4402 913 4469 interdictum.
999 4402 1200 4469 Secus
1244 4414 1459 4469 autem
1499 4402 1746 4467 faciens
1789 4426 1910 4490 pro
1955 4404 2247 4489 qualibet
2287 4405 2670 4490 ebdomada,
2714 4428 2843 4493 qua
2870 4405 3048 4472 illam
3092 4406 3316 4491 defert,

475 4506 716 4571 rectori
771 4510 794 4570 l
841 4503 910 4569 fl.
947 4524 1284 4569 renensem
1323 4502 1578 4567 solvere
1619 4512 1943 4587 teneatur,
1997 4526 2119 4592 per
2158 4528 2276 4572 nos
2291 4555 2310 4590 ,
2352 4506 2709 4572 Iohannem
2751 4508 3162 4595 episcopum,
3206 4514 3317 4572 aut

477 4612 772 4671 nostrum
809 4602 1150 4669 officialem
1191 4622 1404 4689 poena
1445 4604 1760 4669 canonica
1799 4602 2255 4672 nichilominus
2298 4606 2681 4695 puniendus.

639 4704 978 4770 Postremo
1019 4722 1165 4766 cum
1209 4700 1593 4767 obediencia
1635 4704 1722 4767 sit
1761 4704 1968 4768 virtus
2007 4707 2177 4771 inter
2219 4706 2380 4773 alias
2421 4708 2693 4773 virtutes
2734 4704 2914 4789 talis,
2956 4702 3133 4793 quod
3174 4704 3398 4771 sinen)

483 4828 558 4871 ea
593 4805 984 4871 universitas
1025 4801 1374 4869 subsistere
1413 4824 1546 4869 non
1585 4812 1800 4888 potest
1815 4851 1834 4886 ,
1875 4802 2122 4870 idcirco
2169 4806 2530 4892 statuimus,
2572 4806 2746 4894 quod
2788 4804 3071 4872 scolares
3110 4806 3314 4893 magi·

485 4908 651 4989 stris,
691 4905 990 4991 magistri
1031 4902 1316 4969 iuniores
1359 4900 1720 4967 senioribus
1763 4912 1828 4967 et
1867 4906 2152 4971 seniores
2191 4905 2585 4991 doctoribus,
2625 4905 3050 4992 doctoresque
3076 4908 3315 4973 rectori

487 5004 762 5071 debitam
817 5002 1262 5069 obedienciam
1315 5024 1460 5069 cum
1514 5024 1671 5067 vera
1723 5002 2085 5069 humilitate
2140 5005 2491 5072 exhibeant
2542 5008 2609 5071 in
2668 5006 2937 5073 cunctis.
3035 5004 3109 5073 Si
3170 5010 3313 5095 quis

487 5116 696 5171 autem
733 5105 1132 5171 contrarium
1167 5125 1250 5169 ex
1278 5126 1654 5191 quacunque
1687 5124 1884 5169 causa
1919 5114 2307 5193 attemptare
2343 5109 2869 5195 praesumpserit,
2910 5106 3059 5173 talis
3102 5111 3311 5195 primo

621 5329 642 5379 1
681 5318 1044 5381 Unleserlich.
1113 5326 1142 5375 2
1179 5318 1438 5377 Dieselbc
1472 5318 1639 5375 Hand
1675 5318 1854 5393 pflegt
1885 5326 2041 5377 sonst
2078 5322 2247 5391 ayma
2276 5336 2349 5377 zu
2380 5321 2681 5379 schreiben.
2750 5328 2781 5376 3
2812 5324 3209 5395 affligentur!
