4038 6358
1960 519 1977 552 Χ

872 630 989 694 160
1494 629 1606 679 Der
1640 628 1802 681 Liber
1836 631 2083 681 nacionis
2115 627 2442 682 Bavarornm
2479 646 2602 682 vom
2638 628 2806 682 Jahn-e
2849 625 2996 682 1425.

857 832 1053 891 mum,
1101 808 1219 874 sub
1265 832 1497 896 poena,
1557 812 1614 875 si
1652 810 1809 896 quid
1851 812 2024 877 ultra
2068 811 2565 900 expenderetur,
2608 822 2682 877 ut
2722 812 3049 878 solverent
3089 810 3201 894 hii,
3260 809 3497 898 quibus
3543 832 3734 875 com-

856 911 1080 975 missio
1122 908 1539 974 candelarum
1581 933 1702 997 pro
1747 920 2040 997 tempore
2084 922 2256 976 esset
2297 913 2657 977 commissa.

1027 1014 1117 1074 12.
1183 1009 1373 1074 Anno
1419 1009 1663 1075 domini
1705 1008 1810 1073 Μ0
1851 1009 2492 1097 quadringentesimo
2549 1011 3089 1097 quinquagesimo
3129 1009 3334 1074 tercio
3377 1006 3613 1096 (1453)
3661 1010 3734 1073 in

854 1109 1049 1197 plena
1109 1113 1621 1195 congregacione
1681 1112 2140 1196 magistrorum
2203 1110 2284 1177 de
2343 1112 2616 1176 nacione
2672 1110 3081 1174 Bavarorum
3137 1107 3518 1173 conclusum
3577 1108 3736 1190 fnit,

770 1219 803 1274 5
856 1208 1030 1273 nullo
1076 1207 1577 1290 contradicente,
1631 1219 1702 1274 ut
1750 1211 2012 1274 inantea
2065 1208 2437 1295 diligentior
2491 1209 2607 1274 fiat
2658 1208 2950 1274 collectio
3005 1209 3175 1273 inter
3218 1208 3562 1295 supposita
3611 1228 3733 1271 na-

855 1309 1059 1372 cionis
1102 1329 1225 1392 pro
1271 1305 1559 1371 candelis
1602 1319 1666 1373 et
1708 1310 1901 1374 etiam
1957 1330 2079 1395 pro
2138 1308 2284 1373 aliis
2339 1308 2720 1390 tractandis,
2764 1306 3171 1374 commodum
3216 1308 3514 1372 nacionis
3567 1327 3733 1371 con-

854 1405 1296 1472 cernentibus:
1358 1408 1572 1472 statim
1630 1418 1780 1494 post
1832 1407 2539 1473 recommendacionem
2588 1408 2740 1472 novi
2781 1408 3053 1471 rectoris
3105 1406 3278 1471 infra
3319 1406 3733 1493 quindenam

857 1508 983 1572 duo
1041 1505 1399 1590 iudiciales,
1458 1518 1735 1593 protunc
1788 1505 2120 1571 collecturi
2165 1509 2509 1595 pecuniam
2567 1506 2650 1571 ad
2707 1505 3015 1571 candelas
3072 1504 3426 1571 secundum
3466 1527 3730 1570 morcm

858 1608 1169 1673 hactenus
1224 1604 1658 1689 observatum,
1714 1608 2049 1694 requirant
2105 1607 2428 1670 seniorem
2477 1608 2760 1671 nationis
2819 1605 2906 1671 ad
2964 1603 3454 1670 convocandum
3507 1606 3727 1690 magi-

775 1717 1048 1789 nostros,
1104 1714 1175 1770 ut
1222 1727 1423 1791 supra
1466 1704 1706 1769 dietum
1754 1715 1870 1786 est,
1928 1703 2049 1768 sub
2089 1728 2300 1792 poena
2341 1708 2531 1770 unius
2572 1705 2771 1769 medii
2818 1701 3065 1770 floreni.
3141 1703 3317 1768 Acta
3358 1714 3511 1769 sunt
3553 1704 3730 1768 haec

855 1806 1182 1873 dominica
1225 1803 1329 1869 die
1372 1811 1634 1869 sanctae
1677 1802 2180 1891 individuaeque
2203 1804 2547 1870 Trinitatis
2591 1810 2738 1883 (den
2772 1811 2869 1871 27.
2894 1808 3059 1883 Mai)
3102 1813 3273 1869 anno
3315 1827 3443 1889 quo
3486 1826 3722 1891 supra.

1025 1910 1116 1972 13.
1174 1903 1368 1970 Anno
1413 1902 1657 1968 domini
1697 1901 1804 1965 Μ0
1846 1901 2484 1990 quadringentesimo
2531 1905 3067 1992 quinquagesimo
3111 1904 3316 1968 tercio
3356 1902 3465 1968 die
3503 1905 3727 1968 tercia

853 2002 1243 2070 Novembris
1287 2008 1474 2081 (1453
1513 2008 1628 2064 den
1670 2008 1725 2069 3.
1766 2005 2117 2078 November)
2166 2004 2235 2065 in
2287 2001 2482 2090 plena
2538 2004 3052 2089 congregacione
3110 2003 3580 2088 magistrorum
3642 2002 3726 2067 de

853 2104 1128 2169 nacione
1148 2101 1559 2167 Bavarorum
1602 2101 1864 2187 placuit,
1909 2099 2086 2165 nullo
2131 2101 2632 2185 contradicente,
2678 2101 2849 2189 quod
2887 2104 3151 2168 inantea
3193 2102 3371 2168 circa
3412 2101 3726 2168 solemni-

774 2214 835 2270 15
854 2211 1054 2268 tatem
1106 2201 1477 2265 festivitatis
1530 2201 1821 2287 corporis
1866 2199 2112 2266 Christi
2164 2201 2513 2286 portitores
2569 2200 3008 2285 candelarum,
3057 2224 3140 2267 ex
3159 2239 3163 2248 ·
3183 2210 3373 2292 parte
3414 2205 3722 2268 nacionis

853 2325 974 2391 pro
1017 2301 1392 2366 reverencia
1439 2300 1831 2364 sacramenti
1873 2320 2055 2363 more
2098 2299 2288 2364 solito
2341 2299 2650 2388 deputati,
2712 2303 2766 2366 si
2822 2324 2950 2388 qua
3004 2311 3386 2368 ornamenta
3441 2300 3723 2366 monilia

854 2411 969 2466 aut
1020 2398 1151 2464 alia
1200 2398 1568 2465 huiusmodi
1619 2421 1739 2486 pro
1784 2407 2016 2461 ornatu
2072 2396 2425 2463 decentiori
2481 2399 2742 2465 aliunde
2801 2401 3288 2471 comedam-int
3342 2410 3408 2465 et
3462 2400 3721 2486 aliquid

860 2523 943 2565 ex
988 2498 1089 2563 his
1130 2497 1551 2585 perdiderint,
1594 2499 1771 2562 natio
1813 2519 1945 2564 non
1985 2496 2143 2561 velit
2183 2495 2489 2563 damnum
2531 2498 2662 2564 tale
2703 2498 3184 2585 quomodolibet
3227 2501 3559 2565 resartire.

1025 2606 1120 2667 14.
1186 2594 1315 2686 [9¹³]
1360 2598 1521 2662 Item
1565 2619 1734 2661 anno
1758 2595 2001 2664 domini
2023 2595 2128 2660 M⁰
2153 2595 2419 2663 CCOO⁰
2447 2596 2769 2664 LXVIII⁰
2805 2600 2872 2663 in
2904 2600 3383 2665 convocacione
3405 2598 3713 2664 aestivali

766 2701 1030 2766 20circa
1085 2699 1320 2764 festum
1381 2695 1778 2761 ascensionis
1835 2699 2023 2773 (1468
2066 2701 2180 2757 den
2233 2701 2330 2763 26.
2373 2700 2535 2775 Mai)
2592 2698 2962 2764 conclusum
3015 2699 3136 2763 fuit
3187 2720 3305 2785 per
3355 2702 3715 2784 magistros

849 2800 1163 2880 nacionis,
1220 2795 1394 2882 quod
1437 2795 1606 2860 ultra
1651 2794 1934 2859 sedecim
1985 2792 2091 2878 gl„
2142 2795 2324 2880 prius
2367 2796 2792 2882 portitoribus
2850 2819 2967 2883 per
3024 2800 3365 2862 nacionem
3428 2798 3710 2885 deputa-

849 2908 971 2980 tos,
1011 2919 1130 2985 pro
1176 2894 1477 2960 uberiore
1518 2917 1736 2959 eorum
1780 2892 2231 2958 consolacione
2274 2904 2551 2981 quatuor
2595 2895 2679 2980 gl.
2724 2895 3138 2961 adderentur.

1022 3003 1113 3063 15.
1177 2996 1336 3060 Item
1413 3016 1582 3058 anno
1646 2993 1890 3058 domini
1960 2999 2118 3060 1474
2181 2994 2248 3057 in
2314 2996 2790 3058 convocacione
2854 2994 3154 3060 aestivali
3218 2996 3394 3060 circa
3465 2997 3710 3060 festum

854 3095 1250 3160 ascensionis
1309 3098 1394 3172 (d.
1453 3098 1544 3159 19.
1598 3096 1758 3170 Mai)
1816 3091 2190 3157 conclusum
2245 3092 2365 3156 fuit
2417 3115 2536 3179 per
2593 3095 2960 3177 nacionem,
3020 3094 3191 3183 quod
3247 3093 3419 3160 ultra
3480 3100 3564 3161 20
3627 3094 3709 3181 gl.

764 3206 831 3262 25
851 3195 1243 3261 adderentur
1281 3201 1318 3258 4
1363 3190 1449 3278 gl.
1489 3193 1639 3256 novi
1699 3200 1762 3256 et
1801 3214 1931 3256 non
1988 3191 2268 3279 amplius
2322 3192 2746 3278 portitoribus
2795 3194 3235 3280 candelarm,
3287 3218 3411 3283 pro
3468 3194 3707 3282 quibus

850 3301 930 3361 24
971 3293 1056 3379 gl.
1103 3301 1478 3379 comparent
1519 3292 1613 3355 eis
1656 3290 1908 3356 calceos
1951 3301 2064 3355 aut
2119 3289 2526 3378 collationem
2588 3293 2831 3358 faciant
2887 3304 3000 3360 aut
3049 3297 3219 3361 inter
3269 3318 3339 3360 se
3380 3295 3704 3376 dividant,

847 3394 1037 3458 sicuti
1080 3393 1243 3479 ipsis
1284 3389 1616 3477 placuerit.

1018 3497 1111 3558 16.
1170 3489 1334 3554 Item
1374 3511 1543 3554 anno
1588 3487 1835 3553 domini
1883 3495 2041 3556 1475
2096 3490 2165 3553 in
2210 3493 2689 3558 convocacione
2729 3493 3191 3579 magistrorum
3243 3494 3540 3559 nacionis
3581 3493 3702 3557 Ba·

846 3613 1156 3657 varorum
1211 3588 1582 3654 conclusum
1635 3588 1759 3652 fuit
1814 3588 2221 3653 concorditer
2274 3612 2394 3676 per
2451 3614 2672 3656 omnes
2725 3594 3100 3678 magistros,
3159 3590 3335 3657 nullo
3380 3592 3706 3657 contradi·

764 3701 834 3757 30
854 3700 1065 3772 cente,
1125 3687 1296 3775 quod
1354 3709 1607 3751 summa
1659 3686 2083 3774 portitoribus
2134 3688 2549 3754 candelarum
2606 3712 2775 3756 anno
2817 3693 3168 3778 praeterito
3211 3692 3524 3779 deputata
3576 3714 3705 3756 ma-

848 3797 1025 3872 neat,
1069 3786 1317 3853 scilicet
1354 3791 1432 3851 24
1477 3785 1562 3872 gl.
1603 3810 1754 3852 nov.

1014 3894 1108 3954 17.
1167 3887 1331 3951 Item
1395 3908 1564 3950 anno
1626 3885 1851 3951 eodem
1908 3888 2099 3953 nacio
2158 3888 2496 3976 deputavit
2556 3887 2887 3955 dominum
2949 3886 3277 3956 doctorem
3340 3889 3704 3976 Ratispona

846 4010 966 4077 pro
1008 3984 1423 4053 conficiendis
1461 3986 1648 4051 novis
1692 3984 2002 4050 candelis.

1021 4092 1113 4155 18.
1172 4086 1336 4150 Item
1398 4104 1565 4149 anno
1619 4083 1864 4149 domini
1916 4084 2260 4151 millesimo
2316 4086 2956 4173 quadringentesimo
3010 4087 3697 4177 septuagesimosexto,

759 4197 828 4254 35
847 4188 914 4252 in
974 4186 1444 4251 convocacione
1500 4184 1790 4248 nacionis
1846 4185 1915 4248 in
1971 4182 2296 4250 dominica
2346 4186 2519 4250 infra
2568 4196 2832 4251 octavas
2889 4187 3305 4268 ascensionis,
3366 4209 3539 4273 quae
3585 4187 3704 4251 fuit

851 4289 920 4351 in
963 4283 1245 4350 crastino
1289 4282 1545 4348 Urbani
1591 4288 1783 4360 (1476
1823 4288 1938 4345 den
1987 4288 2089 4349 26.
2132 4287 2299 4361 Mai)
2354 4295 2726 4371 computum
2780 4287 2996 4350 facere
3056 4283 3417 4350 debuerunt
3469 4285 3698 4351 cande-

847 4384 1017 4468 larii,
1070 4381 1318 4447 scilicet
1370 4382 1667 4466 magistri
1718 4380 2039 4446 Iohannes
2078 4382 2448 4470 Marpurgk
2502 4392 2566 4449 et
2606 4383 3034 4449 Leonhardus
3088 4382 3170 4449 de
3210 4384 3591 4470 Lawingen,
3643 4391 3703 4447 et

848 4484 1063 4550 nullus
1105 4503 1325 4547 eorum
1365 4481 1734 4567 comparuit
1779 4502 1903 4545 nec
1951 4483 2470 4550 commissionem
2524 4484 2677 4549 fecit
2726 4507 2810 4548 ex
2861 4492 3048 4571 parte
3105 4483 3475 4549 huiusmodi
3533 4505 3697 4548 com·

849 4587 1007 4672 puti.
1092 4581 1181 4645 Et
1224 4581 1380 4668 quia
1419 4589 1575 4644 tunc
1611 4580 1681 4643 in
1720 4581 1997 4665 registro
2041 4583 2327 4647 nationis
2370 4581 2641 4669 bapireo
2679 4587 2925 4671 reperti
2962 4585 3221 4649 fuerunt
3260 4584 3499 4669 signati
3541 4582 3700 4647 certi

757 4692 1114 4748 mnumero
1158 4700 1225 4758 x,
1276 4702 1318 4745 a
1356 4678 1589 4764 quibus
1623 4726 1837 4743 .....
1869 4677 1963 4760 (Ῡ)
2010 4702 2052 4744 a
2093 4680 2382 4747 candelis
2427 4700 2525 4746 xx
2564 4682 2648 4768 gl.
2701 4705 2849 4748 nov.
2899 4693 2964 4748 et
3020 4683 3101 4747 de
3155 4682 3366 4771 spolio
3419 4682 3698 4747 nationis

846 4800 997 4847 xxx
1053 4780 1139 4867 gl.
1198 4801 1344 4845 nov.
1425 4777 1516 4842 Et
1567 4776 1650 4842 de
1704 4779 1832 4843 ista
1888 4800 2140 4845 summa
2194 4780 2378 4845 totali
2435 4790 2686 4846 tantum
2741 4788 2780 4847 4
2834 4781 2919 4868 gl.
2975 4804 3122 4848 nov.
3179 4804 3298 4869 per
3348 4780 3696 4847 Iohannem

849 4882 1189 4967 Ottingam
1233 4877 1632 4966 praesentati
1670 4877 1929 4942 fuerunt
1972 4881 2239 4944 nationi.
2330 4878 2542 4967 Super
2597 4880 2722 4945 hiis
2777 4881 3137 4968 supradicti
3192 4880 3549 4946 candelarii
3593 4879 3694 4944 ha-

846 4980 1003 5046 bent
1052 4977 1449 5065 respondere
1501 4977 1769 5059 nationi,
1830 4976 1912 5041 de
1956 4977 2191 5063 quibus
2235 4978 2607 5065 providebit
2648 4982 2834 5044 nacio
2875 4989 3167 5067 tempore
3212 5004 3345 5046 suo.
3433 4980 3570 5045 Sed
3621 4999 3695 5043 ne

841 5082 909 5144 in
962 5079 1251 5144 futurum
1308 5075 1545 5142 similia
1598 5078 1995 5163 contingant,
2053 5076 2300 5164 placuit
2337 5079 2583 5144 nationi
2627 5078 3055 5163 concorditer,
3109 5079 3283 5167 quod
3326 5078 3690 5159 candelarii,

754 5189 821 5244 45
840 5180 1103 5243 inantea
1162 5175 1545 5258 ordinandi,
1602 5175 1974 5241 huiusmodi
2015 5176 2492 5263 negligenciam
2532 5188 2970 5264 praecaveant
3014 5177 3133 5243 sub
3177 5201 3386 5265 poena
3428 5189 3691 5266 protunc

835 5300 953 5367 per
996 5277 1339 5342 nacionem
1382 5274 1709 5340 dictanda.
