4038 6358
1161 563 1340 615 Visne
1389 561 1926 628 sumu-Maestum
1962 575 2073 614 von
2109 561 2455 618 uso-152².
3108 567 3228 642 m

341 781 474 844 ²5.
529 793 936 849 omme
975 799 1116 852 cun
1159 797 1562 847 emmonius
1605 797 1932 848 1111101011
1973 797 2387 852 comum
2426 797 2679 848 nmsos
2716 797 2967 849 umas
3012 800 3150 851 ruo

1407 897 1730 946 mmmm
1771 895 2225 948 mcum-Ans.
2302 971 2309 978 ι

465 1009 849 1097 Placuit,
891 1013 1065 1103 quod
1107 1013 1388 1080 decanus
1437 1036 1568 1081 una
1625 1035 1770 1079 cum
1826 1011 2170 1100 clavigeris
2226 1013 2566 1080 sollicitam
2609 1011 2917 1081 adhibeat
2958 1013 3230 1106 (11113011-

271 1111 484 1176 ciam
545 1111 794 1177 circa
837 1112 1038 1179 libros
1080 1136 1203 1201 pro
1261 1113 1566 1180 facultate
1625 1112 2136 1205 comparandos,
2181 1114 2275 1178 ita
2327 1112 2496 1202 quod
2554 1113 2707 1179 libri
2764 1111 3054 1180 utiliores
3110 1139 3231 1216 pro

273 1209 489 1276 bono
559 1209 960 1278 facultatis
1019 1221 1348 1296 emantur,
1404 1220 1469 1279 et
1531 1213 1732 1327 empti
1795 1209 2012 1277 debite
2075 1213 2514 1280 custodiantur
2556 1221 2621 1278 et
2673 1214 3097 1299 registr-entur
3145 1214 3232 1281 ad
3280 1224 3315 1282 ⁵

281 1309 582 1376 librum
665 1313 1042 1400 papireum
1090 1313 1416 1378 facultatis
1472 1308 1536 1399 [4
1547 1309 1600 1400 ¹²]
1653 1311 1722 1376 in
1789 1311 2062 1399 speciali
2117 1313 2452 1400 quinterno
2504 1333 2651 1378 cum
2710 1311 3233 1390 distinctionibus

285 1409 690 1476 librorum
749 1433 880 1498 pro
933 1411 1144 1498 gradu
1185 1420 1250 1478 et
1288 1411 1373 1477 ad
1430 1410 1609 1476 aliud
1660 1413 2012 1499 registrum
2069 1433 2569 1499 pergameneum
2623 1433 2745 1500 pro
2798 1410 3072 1478 libraria
3124 1412 3232 1480 (10-

299 1518 714 1598 putatum,
768 1533 858 1583 110
893 1533 1014 1600 per
1053 1509 1603 1583 inadvertenoiam
1643 1519 1708 1577 01
1746 1510 2220 1598 negligenciam
2258 1510 2459 1598 aliqui
2498 1509 2653 1578 libri
2692 1508 3069 1598 perdantur.

401 1680 524 1744 26.
577 1691 706 1742 DE
759 1693 1310 1744 0011300101οπ
1351 1693 1712 1742 mesonma
1751 1695 1985 1744 nx‘rm
2026 1695 2404 1746 mmmm
2443 1693 2872 1744 FACULTATIS
2912 1693 3004 1743 m·
3046 1696 3142 1744 m:

1494 1791 1716 1842 cmsn
1755 1793 2148 1844 mmmm.
3246 1785 3311 1846 10

501 1907 823 1974 Placuit
857 1909 1190 1996 magistris
1244 1909 1324 1975 de
1382 1907 1649 1975 consilio
1701 1907 2057 1994 facultatis,
2117 1908 2289 2004 quod
2347 1908 2745 2009 peramplius
2799 1909 3012 1977 nullus
3067 1908 3235 1976 liber

317 2007 714 2074 facultatis
762 2007 958 2075 alicui
997 2028 1117 2097 pro
1142 2032 1264 2076 usu
1308 2007 1575 2097 proprio
1621 2017 1812 2075 03110
1853 2007 2191 2076 librariam
2229 2007 2466 2075 debeat
2508 2007 2924 2094 commodari,
2967 2009 3235 2076 lecturis

321 2103 738 2176 dumtaxat
781 2117 844 2174 01
879 2107 1276 2182 textualibus
1341 2107 1621 2195 demptis
1637 2157 1658 2191 ‚
1717 2131 1882 2196 quas
1934 2107 2217 2176 10010100
2270 2116 2337 2177 et
2392 2107 2709 2179 textualia
2764 2107 3049 2179 decanus
3104 2131 3227 2198 pro

327 2215 676 2294 tempore
729 2209 1016 2274 existens
1057 2209 1419 2294 magistris,
1459 2217 1728 2296 recepta
1768 2206 1854 2274 ab
1897 2208 1991 2275 eis
2050 2209 2235 2296 prius
2286 2209 2741 2295 recognicione
2756 2259 2777 2294 ,
2836 2207 3234 2277 commodari

383 2307 632 2374 eterit.
3253 2315 3317 2374 1⁵

329 2327 378 2399 P
521 2405 726 2474 Item
783 2405 865 2472 de
914 2405 1185 2474 libraria
1237 2405 1550 2472 librorum
1602 2403 1930 2475 facultatis
1986 2405 2215 2472 eadem
2270 2405 2547 2476 facultas
2602 2417 2855 2475 tenetur
2903 2407 3238 2499 magistris

345 2503 636 2594 collegii
707 2507 974 2571 maioris
1031 2506 1317 2594 quolibet
1375 2504 1588 2572 medio
1644 2526 1814 2570 anno
1869 2503 2034 2571 duas
2096 2527 2458 2597 sexagenas
2513 2508 2811 2594 antiquas
2853 2507 2924 2573 in
2974 2515 3237 2573 moneta

350 2605 678 2670 currenti
711 2628 835 2695 pro
868 2628 1064 2672 censu
1095 2603 1364 2690 solvere,
1403 2605 1659 2672 interim
1705 2601 1878 2692 quod
1918 2603 2199 2670 facultas
2242 2627 2430 2671 usum
2472 2605 2645 2672 illius
2686 2605 2813 2672 loci
2847 2607 2917 2673 in
2959 2605 3235 2694 collegio

351 2705 614 2772 maiori
661 2703 988 2772 habuerit

1265 2869 1383 2936 ῙῙῙ.
1445 2887 1926 2938 cAPI'runtm
1967 2887 2362 2936 murman.
3248 2879 3319 2938 w

367 3018 728 3089 Statuta
765 3023 1358 3089 concernencia
1397 3019 1859 3108 magistros
1901 3019 2287 3088 volentes
2329 3022 2630 3088 assumi
2665 3021 2762 3089 ad
2805 3021 3235 3092 consilium

518 3120 1028 3208 facultatis,
1089 3145 1296 3212 quae
1351 3131 1432 3189 et
1486 3119 1656 3207 legi
1711 3115 2011 3287 debgnt
2061 3127 2431 3209 tempore
2488 3123 3113 3211 assumpcionis

1581 3241 1842 3287 eorun
1920 3243 2053 3289 em.

513 3394 570 3455 l·
617 3406 872 3468 QUALIS
911 3408 1146 3460 DEBET
1192 3408 1376 3474 ESSE,
1418 3406 1537 3468 QUI
1575 3405 1787 3455 PETIT
1827 3403 2076 3454 Assum
2117 3404 2212 3453 AD
2255 3402 2628 3453 consmrtm
2666 3403 3115 3455 FACULTATIS.

555 3521 852 3605 Placuit,
895 3522 1072 3617 quod
1124 3524 1338 3591 nullus
1391 3522 1852 3609 magistrorum
1905 3521 2171 3585 inantea
2224 3517 2310 3585 ad
2365 3520 2702 3585 consilium
2752 3518 3084 3593 facultatis
3123 3519 3235 3586 ad-
3252 3528 3320 3587 2⁵

387 3621 712 3707 mittatur,
751 3622 878 3687 nisi
920 3623 989 3688 in
1034 3622 1438 3689 consciencia
1480 3644 1599 3687 sua
1640 3620 1836 3704 dicat,
1882 3618 2057 3709 quod
2096 3621 2280 3685 iuxta
2319 3626 2561 3685 statuta
2600 3618 2887 3687 eiusdem
2910 3616 3239 3685 facultatis

396 3720 823 3808 compleverit
866 3729 933 3787 et
973 3730 1269 3789 octavum
1334 3723 1432 3786 sui
1473 3720 1836 3809 magisterii
1886 3742 2125 3786 annum
2181 3720 2395 3803 (iuxta
2446 3720 2867 3786 novissimam
2918 3718 3237 3811 principis

393 3818 762 3889 fundatoris
805 3820 1314 3889 ordinacionem¹
1357 3821 1680 3906 attigerit,
1729 3843 1848 3908 per
1892 3829 2144 3887 tantum
2186 3819 2495 3907 temporis
2542 3818 2837 3908 spacium
2879 3820 2948 3884 in
2985 3818 3241 3884 univer-

403 3924 587 3989 sitate
615 3917 962 4008 manendo,
995 3930 1060 3986 et
1099 3943 1241 3986 sese
1278 3922 1347 3986 in
1386 3919 1640 3986 actibus
1681 3919 2045 3987 scolasticis
2087 3919 2378 4007 legendo,
2422 3918 2835 4007 disputanda,
2877 3916 3242 3985 exercendo

402 4042 514 4087 seu
563 4021 953 4088 resumendo
1009 4042 1127 4109 per
1181 4020 1551 4087 huiusmodi
1609 4029 1867 4107 tempus
1937 4018 2310 4106 septennale
2376 4016 2721 4107 diligenter
2784 4018 3242 4085 exercitaverit
3255 4024 3325 4085 30

403 4119 522 4197 (ita
545 4120 721 4209 quod
747 4120 1188 4187 verisimiliter
1230 4120 1312 4187 de
1355 4142 1432 4187 eo
1475 4127 1945 4207 praesumatur,
1990 4117 2162 4207 quod
2206 4117 2581 4185 scolasticus
2624 4116 3041 4205 moribusque
3070 4139 3241 4182 com-

408 4218 787 4287 mendabilis
831 4222 1114 4305 existat),
1158 4228 1224 4287 et
1267 4219 1598 4287 biennium
1643 4241 1826 4285 suum
1867 4218 1976 4284 hic
2017 4217 2124 4283 vel
2168 4217 2325 4288 alibi
2367 4217 2806 4306 compleverit,
2846 4218 2915 4283 in
2960 4216 3237 4309 quadra-

409 4318 587 4405 ginta
636 4320 832 4385 etiam
888 4319 1448 4409 disputacionibus
1506 4318 1856 4388 ordinariis
1916 4315 2234 4405 arguebat
2288 4316 2393 4382 vel
2452 4319 2695 4383 tociens
2754 4318 2941 4383 iuxta
2999 4323 3245 4382 statuta

415 4439 716 4507 praesens
757 4419 952 4485 fuerit
993 4429 1058 4485 et
1095 4418 1307 4486 locum
1347 4418 1664 4506 arguendi
1706 4439 1836 4484 non
1872 4416 2176 4483 habuerit
2189 4466 2209 4501 ,
2250 4427 2315 4483 et
2360 4440 2505 4483 cum
2544 4416 2820 4484 tabardo
2857 4438 2973 4483 seu
3013 4415 3243 4481 habitu

415 4518 768 4610 magistrali
819 4518 914 4585 ibi
955 4521 1407 4607 comparuerit,
1461 4517 1759 4585 adminus
1814 4538 1932 4605 per
1991 4516 2222 4583 horam
2234 4566 2253 4600 ,
2310 4519 2528 4604 eciamx
2561 4518 2617 4581 si
2657 4516 2869 4583 locum
2916 4513 3235 4602 arguendi
3254 4524 3322 4581 35

418 4614 646 4686 habere
681 4641 813 4685 non
851 4620 1150 4706 potuerit,
1192 4617 1435 4685 ibidem
1475 4614 1814 4699 manendo,
1875 4622 1940 4680 et
1983 4614 2156 4703 quod
2191 4618 2260 4682 in
2319 4616 2551 4704 primis
2593 4615 2848 4683 duobus
2906 4616 3094 4682 annis
3140 4615 3242 4682 sui

420 4720 768 4805 magisterii
809 4720 1011 4785 octies
1055 4716 1572 4784 extraordinarie
1613 4714 1978 4806 disputavit
2034 4716 2122 4791 (si
2162 4715 2307 4800 quis
2350 4722 2565 4782 autem
2606 4713 2674 4780 in
2716 4716 2947 4804 primis
2987 4713 3241 4780 duobus

425 4820 592 4884 annis
625 4840 667 4884 a
693 4827 986 4906 tempore
1013 4818 1193 4883 inicii
1235 4819 1338 4883 sui
1378 4815 1740 4903 magisterii
1783 4815 1983 4880 octies
2028 4813 2364 4902 disputare
2405 4812 2785 4901 neglexerit,
2823 4814 2974 4883 talis
3014 4812 3241 4903 triplet

423 4914 774 4985 huiusmodi
815 4914 1326 5006 disputaciones)
1375 4912 1437 5003 [5
1457 4912 1509 5002 ²]
1576 4911 1968 5002 disputando
2032 4910 2375 4998 diligenter
2434 4912 2786 4979 secundum
2840 4911 3234 4980 laudabilem

429 5018 739 5107 antiquam
773 5014 1319 5099 consuetudinem,
1353 5013 1656 5081 videlieet
1685 5010 2003 5101 capiendo
2047 5011 2210 5078 duas
2249 5014 2658 5101 quaestiones
2702 5021 2767 5079 et
2804 5008 2934 5079 (1110
2980 5010 3234 5101 zophis·
3253 5020 3321 5079 40

577 5255 602 5306 1
637 5248 766 5321 Vgl.
801 5247 945 5305 oben
979 5246 1038 5305 S.
1062 5251 1143 5319 24,
1175 5250 1256 5303 27.
1323 5244 1478 5304 Aber
1508 5244 1713 5304 welche
1749 5245 2042 5304 ordinacio
2076 5244 2152 5302 ist
2184 5260 2257 5300 011
2286 5242 2483 5301 beiden
2516 5242 2725 5301 Stellen
2758 5244 3050 5319 gemeint‘?
