4038 6358
1330 571 1431 622 Die
1465 569 1703 622 Statum
1742 584 1849 619 von
1890 567 2252 621 1497—1537.
3096 565 3221 632 239

358 756 674 844 perforet
724 753 831 821 vel
888 753 1211 834 destruat,
1273 775 1481 841 neque
1536 754 1753 838 ignem
1808 750 1913 816 vel
1980 750 2193 815 focum
2254 751 2323 815 in
2377 748 2649 816 comodo
2705 772 2836 815 non
2887 743 3229 814 stubellato

374 857 603 921 faciat
642 854 746 918 vel
790 855 1021 940 erigat,
1064 850 1184 917 sub
1227 874 1437 939 poena
1482 849 1735 916 dimidii
1774 850 2002 916 floreni
2042 861 2154 913 aut
2192 850 2444 932 maiori,
2488 848 2694 915 eidem
2733 870 2852 935 per
2892 845 3234 932 collegium

362 952 743 1021 dictanda.¹

552 1061 609 1121 5.
666 1052 829 1117 Item
872 1050 1085 1116 nullus
1127 1058 1417 1136 tempore
1459 1050 1779 1115 serotinae
1837 1047 2302 1135 disputationis
2344 1056 2795 1135 opponentem,
2835 1047 3227 1134 responden-

359 1161 538 1235 tem,
599 1161 973 1237 arguentem
1033 1160 1145 1214 aut
1210 1170 1651 1236 quemcunque
1714 1147 1911 1213 alium
1974 1158 2250 1234 protunc
2309 1156 2717 1233 praesentem
2776 1155 2841 1211 et
2886 1149 3220 1233 potissime
3270 1160 3304 1212 5

364 1259 836 1318 conventorem
880 1248 1277 1336 strepitibus,
1344 1247 1836 1335 pulsationibus,
1902 1246 2293 1312 clamoribus
2356 1257 2470 1311 aut
2530 1245 3012 1333 quibuscunque
3074 1246 3219 1312 aliis

366 1350 692 1416 molestiis
735 1349 839 1414 vel
882 1345 1335 1414 vexationibus
1377 1347 1690 1435 impediat
1728 1369 1841 1412 seu
1882 1344 2235 1433 perturbet,
2291 1343 2410 1410 sub
2454 1367 2664 1432 poena
2711 1348 2990 1435 quinque
3041 1369 3220 1433 gros-

370 1471 601 1516 sorum
642 1447 1176 1513 irremissibiliter
1221 1447 1812 1534 persolvendorum.

552 1552 610 1614 6.
648 1547 814 1613 Item
859 1545 1128 1634 quilibet
1167 1567 1417 1611 moram
1433 1609 1439 1628 ‚
1458 1545 1704 1611 habens
1744 1546 1812 1610 in
1854 1545 1978 1611 hoc
2021 1543 2291 1629 collegio
2335 1553 2447 1609 aut
2492 1554 2680 1610 extra
2719 1545 2942 1611 volens
2979 1547 3222 1614 intrare

382 1648 738 1712 serotinam
788 1646 1285 1733 disputationem
1331 1643 1523 1710 debet
1563 1667 1706 1710 esse
1746 1644 2089 1728 obligatus,
2142 1657 2217 1708 ut
2275 1646 2650 1710 conventori
2701 1644 2805 1709 vel
2865 1645 3306 1712 collectori-10

376 1746 509 1811 bus
550 1745 633 1811 ad
675 1745 798 1811 hoc
841 1744 1164 1832 deputatis
1216 1767 1452 1811 nomen
1515 1766 1701 1810 suum
1755 1743 1821 1808 in
1877 1743 2138 1828 scriptis
2192 1740 2440 1824 tradat,
2498 1743 2619 1808 sub
2671 1767 2884 1831 poena
2939 1746 3221 1833 quinque

377 1867 783 1931 grossorum.

552 1950 610 2009 7.
669 1943 833 2007 Item
889 1940 1101 2007 nullus
1159 1952 1308 2007 ante
1363 1941 1465 2007 vel
1530 1951 1678 2029 post
1733 1940 2236 2028 disputationem
2282 1935 2450 2027 [15¹³]
2498 1941 2843 2006 serotinam
2907 1944 2977 2008 in
3034 1943 3224 2010 stuba

380 2043 862 2108 communitatis
905 2040 1221 2106 clamores
1266 2040 1606 2107 horribiles
1653 2050 1766 2106 aut
1810 2039 2034 2128 pulsus
2077 2037 2368 2104 insolitos
2412 2040 2612 2104 faciat
2651 2040 2754 2105 vel
2806 2040 3086 2129 aliquem
3136 2042 3222 2108 ad

380 2141 595 2207 soleas
639 2141 862 2225 ducat,
917 2163 1037 2206 nec
1079 2140 1241 2205 inibi
1287 2161 1701 2228 quoscunque
1753 2139 1941 2204 ludos
1991 2161 2121 2204 non
2164 2138 2581 2205 scholasticos
2625 2152 2956 2225 exerceat,
3013 2164 3220 2229 neque
3245 2154 3305 2209 15

379 2264 567 2306 arma
606 2263 722 2305 seu
761 2239 998 2318 lutinas
1024 2240 1129 2305 vel
1172 2261 1587 2327 quaecunque
1614 2238 1745 2304 alia
1780 2237 2116 2303 musicalia
2154 2240 2580 2304 instrumenta
2619 2251 2731 2305 aut
2775 2241 2969 2306 etiam
3006 2243 3222 2307 nivem

380 2339 647 2406 hiemali
690 2349 998 2426 tempore,
1040 2338 1205 2404 alios
1243 2361 1387 2403 cum
1426 2337 1878 2404 iamdictarum
1917 2360 2132 2403 rerum
2175 2336 2383 2402 abusu
2425 2338 2492 2404 in
2535 2339 2746 2406 studio
2789 2339 3220 2427 impediendo,

379 2439 471 2504 ad
524 2437 796 2504 eandem
860 2438 1117 2504 stubam
1176 2440 1481 2525 importet
1523 2437 1628 2503 vel
1681 2458 2095 2526 quoscunque
2155 2435 2317 2502 alios
2376 2459 2681 2502 excessus
2738 2437 2979 2504 ibidem
3036 2462 3217 2505 exer·

381 2560 530 2603 cere
597 2545 997 2625 praesumat,
1073 2535 1193 2602 sub
1259 2559 1470 2624 poena
1532 2536 1753 2603 decem
1826 2557 2202 2623 grossorum
2267 2535 2795 2602 irremissibiliter
2852 2538 3219 2624 persolven-

382 2637 633 2703 dorum.
3233 2649 3302 2705 20

547 2738 604 2801 8.
662 2736 826 2801 Item
869 2735 1079 2801 nullus
1122 2737 1637 2823 conspirationes
1678 2745 1791 2801 aut
1832 2734 2282 2801 conventicula
2321 2735 2537 2818 fatiat,
2581 2758 2664 2802 ex
2708 2737 2943 2824 quibus
2985 2741 3053 2803 in
3093 2738 3219 2804 col—

379 2834 551 2920 legio
581 2834 966 2918 discordiae,
996 2835 1450 2918 dissensiones,
1489 2836 1891 2917 offensiones,
1934 2834 2208 2900 insultus
2253 2845 2365 2898 aut
2402 2856 2837 2920 quaecumque
2881 2835 3011 2902 alia
3051 2841 3236 2925 periss

382 2934 527 2999 cula
570 2935 829 3001 evenire
868 2936 1148 3022 possint,
1194 2935 1313 3000 sub
1355 2957 1566 3023 poena
1608 2934 1807 3000 medii
1848 2933 2108 3018 floreni3
2163 2955 2283 2998 nec
2324 2932 2521 2998 alium
2560 2934 2983 3021 corporaliter
3024 2938 3218 3004 offen-

381 3032 514 3117 dat,
559 3032 678 3099 sub
725 3057 935 3121 poena
975 3036 1225 3119 maiori,
1270 3034 1395 3106 sibi
1436 3058 1555 3122 per
1598 3034 1935 3119 collegium
1976 3032 2300 3100 dictanda.

546 3156 603 3219 9.
669 3152 832 3217 Item
884 3150 1096 3218 nullus
1154 3149 1235 3216 de
1298 3151 1403 3217 die
1465 3162 1578 3218 aut
1632 3159 1820 3217 nocte
1875 3150 2178 3237 proiiciat
2240 3151 2554 3216 stramina
2611 3150 2714 3217 vel
2772 3151 3074 3239 pulveres
3136 3153 3217 3222 de
3235 3165 3301 3223 25

378 3251 681 3317 fenestris
727 3253 881 3334 suis,
940 3250 1056 3319 sed
1098 3274 1177 3316 ea
1213 3250 1318 3316 vel
1361 3274 1470 3317 eos
1516 3251 1815 3338 deportet
1865 3259 1978 3315 aut
2028 3250 2362 3337 deportari
2411 3251 2599 3316 fatiat
2653 3250 2740 3316 ad
2781 3251 2990 3319 locum
3014 3255 3026 3263 ’
3046 3256 3221 3322 circa

382 3352 805 3439 posteriorem
849 3351 1208 3438 coquinam,
1257 3374 1377 3438 pro
1421 3348 1788 3415 huiusmodi
1826 3348 2022 3414 rebus
2063 3346 2626 3437 repo[16⁸]nendis
2655 3350 3053 3438 deputatum,
3097 3356 3216 3421 sub

379 3472 594 3538 poena
637 3450 860 3516 decem
903 3465 981 3535 93.
1032 3449 1564 3515 irremissibiliter
1603 3449 2197 3537 persolvendorum.

552 3574 644 3634 10.
692 3567 853 3632 Item
896 3566 1168 3655 quilibet
1207 3566 1594 3650 studentum,
1641 3566 1723 3631 de
1765 3588 1935 3631 novo
1979 3586 2287 3652 praesens
2334 3561 2677 3649 collegium
2719 3567 2933 3633 animo
2975 3568 3216 3637 ibidem

379 3666 596 3733 standi
639 3674 703 3731 et
739 3667 883 3731 iura
925 3665 1278 3731 bursalium
1320 3665 1589 3731 fatiendi
1631 3663 2023 3746 subintrans,
2065 3673 2355 3750 tempore
2398 3665 2496 3727 sui
2537 3666 2833 3730 introitus
2875 3688 2996 3753 pro
3035 3680 3213 3734 uten-
3233 3681 3302 3738 30

380 3765 611 3831 silibus
654 3768 967 3852 coquinae
1009 3765 1364 3831 bursalium
1406 3774 1469 3830 et
1509 3764 1848 3829 structuris
1892 3762 2178 3828 eiusdem
2215 3764 2587 3828 conventori
2629 3787 2828 3829 unum
2864 3781 2942 3851 95.
2978 3790 3216 3836 novum

379 3864 753 3953 persolvere
807 3863 1017 3930 debet.
1099 3864 1306 3946 Quem
1361 3863 1534 3929 idem
1589 3871 1935 3928 conventor
1994 3862 2367 3949 praeposito
2421 3860 2676 3948 collegii
2741 3886 2862 3951 pro
2930 3876 3219 3955 tempore

380 3964 685 4030 existenti
730 3962 1195 4031 reservandum
1240 3973 1303 4029 et
1344 3964 1414 4028 in
1445 3962 1656 4028 dictos
1685 3984 1839 4027 usus
1879 3959 2372 4048 expendendum
2416 3971 2834 4047 praesentare
2876 3965 3215 4052 tenebitur,

378 4072 573 4150 prout
612 4064 679 4128 in
724 4061 1007 4147 quodam
1048 4062 1349 4128 concluso
1389 4061 1645 4148 collegii
1687 4061 1880 4127 latius
1928 4062 2286 4125 continetur
2324 4069 2390 4125 et
2432 4070 2531 4125 est
2571 4083 2970 4148 expressum.

550 4187 642 4247 11.
700 4177 894 4244 Ultra
947 4179 1164 4245 omnia
1215 4179 1623 4267 praescripta
1678 4177 2018 4265 collegium
2070 4174 2267 4242 habet
2321 4175 2667 4244 arbitraris
2721 4182 2952 4268 punire
2991 4194 3296 4251 omnes35

378 4288 445 4345 et
489 4276 780 4364 singulos
827 4300 1132 4345 excessus
1174 4279 1245 4344 in
1287 4278 1554 4365 collegio
1596 4286 2027 4366 perpetratos,
2085 4273 2167 4341 dc
2210 4276 2444 4364 quibus
2500 4278 2567 4343 in
2619 4282 3043 4368 praescriptis
3087 4294 3214 4349 sta·

378 4379 533 4445 tutis
575 4401 707 4444 non
751 4387 853 4443 est
891 4388 1170 4463 cautum,
1213 4377 1560 4444 secundum
1601 4377 2023 4466 quantitatem
2066 4385 2128 4440 et
2170 4374 2546 4464 qualitatem
2584 4378 2895 4466 ipsorum.

549 4500 642 4562 12.
686 4494 965 4581 Insuper
993 4493 1216 4561 salvae
1239 4516 1575 4560 remanere
1604 4494 1841 4559 debent
1876 4514 2098 4559 omnes
2142 4493 2446 4580 antiquae
2487 4496 2980 4565 consuetudines
3022 4509 3215 4586 atque

377 4592 737 4660 bursalium
776 4594 940 4678 iura,
1003 4595 1072 4658 in
1131 4593 1277 4660 aliis
1334 4592 1549 4659 bursis
1604 4603 1670 4659 et
1725 4591 2016 4677 collegiis
2074 4591 2157 4658 ab
2213 4594 2477 4680 antiquo
2539 4616 2794 4682 semper
2847 4596 3212 4683 observata,

377 4696 711 4781 signanter
754 4692 990 4783 quo[16
1002 4690 1146 4780 b]ad
1188 4715 1432 4780 poenas
1477 4691 1840 4773 solvendas,
1894 4689 2198 4765 videlicet
2248 4691 2421 4780 quod
2460 4715 2591 4759 non
2632 4715 2962 4781 opponens
3006 4697 3300 4768 solvat40

378 4792 541 4859 duos
595 4816 878 4880 grossos,
934 4814 1067 4858 non
1119 4792 1520 4880 respondens
1563 4814 1760 4857 unum
1808 4811 2127 4876 grossum,
2181 4813 2312 4856 non
2370 4814 2649 4879 arguens
2691 4804 2826 4860 tres
2867 4794 3032 4882 den„
3085 4823 3214 4867 non

378 4893 725 4960 latinizans
770 4915 966 4960 unum
1008 4891 1286 4976 obolum,
1337 4901 1401 4958 et
1442 4890 1706 4959 bursam
1755 4912 1888 4955 non
1938 4911 2184 4977 ponens
2237 4892 2376 4956 sive
2424 4893 2492 4957 in
2542 4892 2666 4959 hoc
2712 4894 2984 4983 collegio
3039 4922 3213 4966 men-

381 5164 570 5316 mkfl
610 5158 723 5215 Am
759 5158 980 5214 Raude:
1037 5158 1189 5213 Idam
1230 5159 1298 5214 de
1339 5157 1761 5229 apportantibus
1802 5156 2005 5225 iqnitoa
2045 5158 2307 5213 carbones
2352 5155 2414 5213 in
2457 5156 2708 5215 manebam
2742 5178 2856 5231 pro
2891 5166 3213 5236 vapor-aria}

529 5242 727 5312 ίαιᾱῑε,
768 5246 912 5298 1511.
