4038 6358
914 534 1037 601 314
1904 539 2005 591 Die
2045 541 2482 608 philosophische
2517 544 2773 598 raculae.

915 723 1064 780 ante
1101 715 1333 782 festum
1378 722 1587 785 sancti
1632 719 1953 810 Gregorii,
1996 747 2161 812 quae
2202 726 2325 791 fuit
2365 725 2503 793 dies
2549 731 2756 794 sancti
2799 728 3092 796 Thomas
3135 727 3219 796 de
3256 729 3538 819 Aquino
3592 724 3805 815 (1412

911 820 1025 877 den
1061 821 1115 881 7.
1156 816 1391 907 Mein),
1435 820 1558 886 sub
1602 822 1920 890 decanatu
1960 824 2050 890 M.
2092 825 2450 891 Hei-manni
2495 826 2911 915 Schipmann.

1077 1123 1132 1184 9.
1187 1118 1385 1184 Item¹
1439 1121 1809 1190 conclusum
1853 1126 1979 1192 fuit
2038 1128 2312 1195 sabbato
2368 1139 2518 1194 ante
2559 1130 2791 1194 festum
2836 1128 3047 1194 sancti
3085 1128 3374 1194 Mathiae
3413 1132 3638 1206 (1412
3681 1133 3802 1190 den

911 1221 1007 1283 20.
1035 1221 1366 1302 Febr-aar),
1406 1221 1582 1287 nullo
1612 1224 2112 1310 contradicente,
2153 1227 2324 1316 quod
2365 1228 2577 1295 nullus
2608 1227 3085 1316 promovendus
3126 1229 3195 1292 in
3233 1228 3491 1293 artibus
3528 1226 3799 1313 absque

827 1323 860 1377 5
915 1315 1183 1401 speciali
1238 1318 1732 1407 dispensacione
1787 1324 2114 1390 facultatis
2158 1338 2347 1393 extra
2400 1327 2573 1392 diem
2625 1328 2852 1392 ieiunii
2901 1329 2969 1392 in
3024 1351 3137 1393 suo
3191 1327 3470 1414 prandio
3525 1325 3794 1392 habere

911 1412 1145 1481 debeat
1206 1416 1396 1504 plura
1457 1441 1649 1506 quam
1710 1433 1985 1508 quatuor
2047 1424 2151 1490 vel
2215 1426 2301 1491 ad
2364 1427 2720 1492 maximum
2784 1428 3066 1514 quinque
3128 1426 3412 1510 fercula,
3473 1425 3792 1513 demptis

911 1535 1121 1596 caseo,
1162 1514 1473 1582 fructibus
1520 1529 1583 1584 et
1624 1522 1915 1606 pastillis,
1962 1523 2081 1588 sub
2126 1548 2336 1612 poena
2375 1527 2563 1591 unius
2604 1549 2816 1592 novae
2855 1527 3275 1613 sexagenae.²

1078 1621 1173 1683 10.
1217 1615 1400 1699 Item,
1452 1617 1621 1704 quod
1663 1620 1874 1686 nullus
1921 1624 2400 1708 promovendus
2452 1626 2522 1689 in
2578 1625 2824 1690 artibus
2877 1627 2947 1689 in
3007 1649 3120 1691 suo
3176 1624 3458 1712 prandio
3517 1623 3784 1688 habere

910 1710 1143 1777 debeat
1186 1716 1407 1781 vinum
1451 1717 1754 1804 gallicum
1798 1721 2120 1804 rivolium,
2165 1725 2522 1789 romaniam
2565 1724 2669 1790 vel
2713 1723 3122 1790 malivasiam
3163 1734 3276 1789 aut
3316 1723 3568 1789 similia
3617 1724 3782 1788 vina

833 1819 896 1875 10
914 1814 1232 1898 preciosa,
1286 1817 1413 1881 nisi
1456 1817 1622 1884 forte
1663 1819 1938 1886 voluerit
1981 1821 2139 1886 dare
2181 1825 2249 1887 in
2304 1823 2627 1911 principio
2669 1847 2932 1890 mensae
2976 1846 3096 1911 pro
3137 1824 3493 1888 intinctura
3540 1832 3668 1887 aut
3709 1823 3778 1886 in

907 1910 1036 1976 fine
1088 1914 1263 1979 circa
1315 1915 1607 1983 ultimum
1658 1920 1969 1986 ferculum
2009 1922 2112 1986 vel
2173 1933 2324 2009 post
2376 1926 2642 2008 gratias,
2705 1924 2823 1990 sub
2879 1945 3091 2011 poena
3137 1923 3329 1987 unius
3381 1943 3772 2008 sexagenas

908 2029 1117 2076 novae
1165 2014 1459 2081 facultati
1503 2019 2035 2086 irremissibiliter
2080 2020 2445 2088 solvendae.

1930 2331 2030 2394 23.
2089 2345 2247 2394 Vom
2287 2343 2709 2396 Jahre1417.

1074 2446 1194 2538 [Bl.
1237 2451 1385 2542 52¹³]
1424 2455 1614 2522 Anno
1658 2456 1901 2523 domini
1937 2457 2275 2548 MQCCC⁰
2315 2458 2510 2523 XVII
2552 2458 2717 2522 feria
2756 2456 2980 2544 quinta
3023 2464 3172 2520 ante
3213 2453 3525 2540 Dyonisii
3573 2457 3770 2530 (1417

829 2556 888 2611 15
909 2554 1022 2611 den
1062 2556 1115 2616 7.
1163 2555 1441 2627 October)
1485 2556 1554 2619 in
1596 2555 1915 2623 decanatu
1958 2559 2258 2645 magistri
2300 2555 2666 2623 Borchardi
2703 2556 2992 2637 Plotzcn,
3039 2554 3216 2618 facta
3257 2552 3454 2640 plena
3493 2575 3769 2639 congre-

905 2650 1166 2733 gatione
1209 2654 1665 2739 magistrorum
1712 2656 1793 2721 de
1851 2657 2117 2723 consilio
2169 2657 2515 2740 facultatis,
2574 2665 2818 2721 statuta
2872 2654 3295 2740 infrascripta
3348 2654 3766 2735 unanimiter,

904 2746 1079 2813 nullo
1122 2751 1624 2838 contradicente,
1668 2765 1817 2821 sunt
1859 2756 2179 2822 conclusa.

1082 2856 1131 2914 1.
1174 2849 1486 2934 Primum,
1550 2853 1722 2939 quod
1780 2857 2261 2921 examinatores
2320 2877 2536 2921 coram
2596 2851 2905 2919 facultate
2958 2849 3219 2939 publice
3274 2858 3339 2915 et
3392 2850 3551 2915 viva
3607 2872 3763 2915 voce

909 2949 1285 3034 promittent
1328 2952 1395 3016 in
1440 2955 1850 3019 conscientiis
1897 2973 2137 3034 eorum,
2182 2954 2357 3042 quod
2396 2953 2601 3019 solum
2648 2953 2879 3039 dignos
2925 2951 3267 3016 admittere
3307 2949 3507 3014 velint
3551 2961 3617 3014 et
3658 2972 3761 3014 eos

819 3044 1146 3129 2olocare‚
1200 3071 1332 3114 non
1384 3059 1599 3117 tamen
1659 3055 1874 3118 statim
1929 3053 2045 3119 sed
2100 3063 2247 3142 post
2299 3052 2593 3141 quartale
2644 3054 2834 3116 unius
2889 3051 3062 3116 anni.
3143 3049 3231 3114 Et
3288 3047 3434 3114 illos
3486 3048 3758 3114 facultas

905 3155 1167 3233 reputat
1209 3147 1461 3236 dignos,
1513 3154 1621 3238 qui
1676 3154 1900 3241 pulcre
1953 3151 2322 3239 intelligunt
2374 3153 2441 3218 in
2495 3153 2942 3239 grammatica,
2999 3150 3067 3215 in
3118 3149 3346 3237 parvis
3401 3147 3758 3238 loycalibus

907 3254 972 3310 et
1010 3249 1214 3313 veteri
1259 3261 1420 3335 arte,
1465 3262 1529 3316 et
1575 3264 2013 3342 competenter
2054 3258 2121 3318 in
2163 3252 2307 3317 aliis
2350 3248 2552 3316 libris.

1071 3352 1161 3413 2..
1187 3347 1385 3432 Item,
1451 3352 1622 3439 quod
1686 3352 1891 3417 solum
1957 3352 2083 3418 duo
2145 3351 2304 3416 fiant
2365 3352 2670 3415 examina
2731 3348 3382 3415 baccalariandorum
3444 3350 3511 3414 in
3573 3369 3754 3429 anne,

907 3467 1107 3510 unum
1154 3448 1331 3513 circa
1369 3449 1602 3515 festum
1643 3451 1982 3517 Michaelis
2027 3461 2092 3517 et
2134 3449 2312 3516 aliud
2350 3451 2419 3514 in
2459 3452 2697 3515 ieiunio
2740 3447 3142 3537 temporibus
3187 3450 3530 3514 consuetis.

826 3552 890 3608 25
1088 3549 1143 3611 3.
1188 3546 1352 3611 Item
1394 3548 1608 3613 nullus
1656 3550 1848 3616 debet
1891 3551 1976 3616 ad
2032 3573 2304 3616 examen
2361 3547 2837 3614 baccalariatus
2889 3549 2958 3613 in
3005 3547 3255 3614 artibus
3309 3546 3582 3632 admitti,
3638 3546 3754 3611 nisi

910 3643 1091 3730 prius
1150 3646 1328 3711 stetit
1379 3649 1449 3712 in
1501 3651 1842 3714 exerciciis
1896 3653 1964 3714 in
2019 3649 2191 3714 hunc
2246 3648 2539 3713 modum:
2599 3648 2795 3714 semel
2851 3648 2918 3712 in
2975 3648 3201 3735 parvis
3254 3647 3620 3734 loycalibus
3671 3643 3747 3709 ad

907 3745 1140 3826 minus,
1192 3746 1390 3811 semel
1441 3748 1509 3813 in
1554 3744 1926 3836 sophistria,
1980 3749 2084 3815 bis
2126 3751 2191 3814 in
2234 3748 2440 3812 veteri
2487 3758 2645 3829 arte,
2704 3747 2899 3812 semel
2954 3748 3023 3812 in
3063 3769 3237 3812 nova
3292 3745 3506 3834 loyca,
3563 3743 3744 3811 semel

906 3842 972 3907 in‘
1029 3842 1427 3930 phisicorum
1485 3858 1549 3910 et
1604 3847 1802 3913 semel
1861 3850 1930 3913 in
1986 3848 2066 3914 de
2122 3850 2370 3930 anima3
2433 3857 2497 3912 et
2540 3868 2659 3933 pro
2714 3858 3007 3934 tempore
3057 3869 3189 3912 non
3241 3844 3515 3911 habebit
3572 3844 3746 3933 plura

911 3943 1236 4009 exercicia
1278 3967 1473 4033 quam
1518 3945 1662 4029 duo,
1708 3958 1986 4035 excepta
2032 3947 2401 4036 sophistria,
2448 3946 2674 4031 quam3
2717 3968 2838 4033 pro
2877 3946 3081 4011 tercio
3120 3944 3364 4011 habere
3406 3956 3635 4033 potest.

825 4048 893 4105 30
1080 4049 1132 4106 4.
1178 4043 1339 4108 Item
1378 4043 1591 4109 nullus
1636 4045 1828 4111 debet
1880 4048 2248 4133 promoveri
2306 4044 2390 4110 ad
2450 4043 2723 4131 gradum
2763 4044 3261 4127 baccalariatus,
3315 4046 3426 4132 qui
3467 4047 3645 4132 prius
3683 4044 3742 4108 in

908 4137 1039 4204 alia
1083 4144 1506 4209 universitate
1561 4167 1690 4210 non
1732 4146 1935 4229 stetit,
1982 4147 2108 4210 nisi
2162 4144 2248 4210 ad
2303 4147 2514 4210 minus
2573 4145 2640 4209 in
2696 4145 2823 4209 ista
2865 4143 3287 4209 universitate
3348 4146 3525 4210 stetit
3575 4142 3742 4233 quasi

908 4237 991 4303 ad
1053 4239 1325 4306 alterum
1384 4242 1667 4308 medium
1724 4268 1994 4329 annum3
2058 4254 2122 4311 et
2173 4245 2298 4310 hoc
2341 4234 2573 4331 ‘quasi’
2630 4266 2762 4308 non
2810 4242 3124 4309 diminuet
3180 4244 3329 4332 plus
3392 4266 3586 4333 quam
3638 4264 3740 4309 sex

907 4340 1326 4425 septimanas.

1075 4444 1135 4503 5.
1194 4439 1358 4506 Item
1413 4442 1842 4529 magistrandi
1901 4443 2145 4508 nullum
2205 4442 2449 4529 eligant
2504 4444 2570 4506 in
2631 4440 3292 4507 recommendatorem
3351 4465 3574 4509 eorum
3628 4441 3736 4507 nisi

831 4545 898 4602 35
918 4547 1253 4623 rectorem,
1296 4542 1351 4606 si
1389 4541 1582 4606 fuerit
1625 4542 1705 4607 de
1747 4543 2082 4626 facultate3
2127 4543 2185 4607 si
2224 4564 2379 4607 vero
2422 4564 2550 4607 non
2591 4541 2784 4606 fuerit
2826 4539 2908 4606 de
2948 4541 3276 4624 facultate,
3315 4551 3473 4607 tunc
3516 4542 3737 4629 eligant

911 4635 1228 4705 decanum
1270 4639 1596 4707 facultatis
1643 4628 1949 4707 eiusdem.

1073 4744 1128 4805 6.
1181 4739 1345 4805 Item
1404 4739 1675 4829 quilibet
1730 4742 2060 4827 magister,
2115 4740 2223 4805 hic
2276 4741 2344 4805 in
2387 4739 2806 4804 universitate
2862 4749 3216 4826 promotus,
3274 4739 3634 4830 disputabit
3677 4738 3733 4802 in

1064 4976 1087 5027 1
1128 4973 1256 5028 Von
1287 4971 1574 5028 derselben
1606 4971 1791 5041 Hand,
1824 4973 1915 5029 die
1947 4972 2052 5027 das
2084 4969 2547 5043 Voraufgehende
2583 4969 2632 5040 (1
2657 5001 2684 5008 -
2708 4969 2762 5040 8)
2794 4968 3154 5040 geschrieben
3189 4969 3301 5027 hat.

1059 5061 1090 5113 2
1124 5055 1331 5111 Hierzu
1364 5054 1440 5110 ist
1474 5060 1661 5126 spater
1697 5074 1787 5111 am
1821 5056 2015 5111 Rande
2050 5055 2325 5110 bemerkt:
2360 5056 2459 5108 ubi
2493 5056 2761 5122 habemus,
2799 5061 2860 5107 ut
2893 5053 3026 5108 haec
3059 5056 3199 5110 dare
3223 5056 3507 5126 possim
3543 5055 3684 5112 1520!

1062 5145 1092 5195 3
1131 5158 1291 5210 quam
1342 5140 1505 5196 stand
1554 5139 1942 5212 geschrieben3
1991 5139 2168 5195 durch
2214 5137 2583 5195 Ausradieren
2634 5138 2730 5192 des
2774 5136 3202 5210 iiberliegenden
3251 5139 3631 5207 Querstriches
3669 5137 3730 5192 ist

905 5223 1112 5280 daraus
1141 5228 1296 5294 quod
1322 5222 1595 5298 gemacht.
