4038 6358
1235 614 1413 667 Vierte
1458 614 1999 676 statutenredaction,
2046 628 2156 667 von
2194 614 2540 688 1499—1522.
3185 612 3305 675 475

526 830 621 895 9.
690 847 1222 897 nsrsnmns
1266 850 1338 897 m
1380 850 1674 899 Aarmus
1714 848 1995 899 lumn-
2037 848 2324 900 mam
2369 846 2730 895 mmmm«
2771 846 3192 910 Lsc‘rloimu,

622 947 921 997 'roi-Am
964 948 1394 998 Exsncmuu
1435 952 1571 999 vm,
1614 948 2144 999 ansronsionnn
2186 947 2618 996 oannmuffl
2661 930 3138 995 ruzetnsmssu.¹

1675 1069 1796 1132 νει.
1828 1068 1977 1125 xm,
2017 1068 2094 1118 ιο.

604 1181 727 1247 Ne
768 1180 947 1247 fraus
992 1192 1055 1247 et
1096 1179 1282 1247 dolus
1325 1183 1501 1247 circa
1543 1180 1936 1249 auditionem
1985 1180 2332 1251 lectionum
2385 1190 2449 1245 et
2509 1182 2964 1265 exercitiorum
3018 1178 3308 1266 aliosque

384 1288 637 1345 actus
690 1278 1136 1368 completionis
1180 1281 1572 1369 principales
1616 1304 1737 1369 pro
1782 1280 1994 1367 gradu
2035 1282 2395 1367 magisterii
2432 1281 2501 1343 in
2542 1280 2793 1345 artibus
2835 1300 2954 1366 per
2986 1278 3303 1365 complen-
3358 1288 3391 1341 5

384 1386 517 1443 tes
574 1381 1056 1463 committatur,
1114 1378 1375 1467 placuit,
1433 1380 1605 1466 quod
1646 1380 1859 1447 nullus
1904 1380 2201 1446 decetero
2243 1378 2442 1461 debet,
2479 1377 2734 1443 admitti
2793 1378 2877 1443 ad
2919 1386 3311 1465 temptamen

382 1476 525 1543 vel
584 1501 879 1545 examen
921 1478 1529 1567 magistrandorum,
1568 1482 1696 1547 nisi
1736 1490 2029 1568 tempore
2077 1479 2590 1566 dispensacionis
2635 1477 2813 1545 dicat
2853 1478 2924 1541 in
2967 1478 3291 1542 conscien-

392 1579 533 1643 cia
626 1601 783 1663 sua,
844 1578 1017 1668 quod
1083 1577 1327 1644 nullam
1384 1581 1705 1665 integram
1768 1580 2033 1645 totalem
2096 1579 2468 1661 lectionem,
2530 1578 2855 1663 integrum
2919 1578 3308 1641 exercicium

396 1677 752 1763 neglexit
794 1677 1041 1761 audire,
1084 1688 1147 1744 et
1186 1677 1362 1767 quod
1402 1680 1666 1763 tociens,
1720 1680 2028 1767 quociens
2071 1678 2383 1759 debuerit,
2437 1676 2764 1743 ordinarie
2825 1686 2889 1741 et
2949 1675 3309 1741 exn-sordi-

400 1778 644 1843 narie
686 1778 1021 1863 magistris
1060 1776 1487 1865 responderit,
1547 1779 1677 1843 nisi
1720 1779 2017 1866 specifice
2061 1800 2254 1866 super
2296 1777 2420 1842 hoc
2462 1799 2679 1841 secum
2729 1778 2923 1840 fuerit
2971 1774 3303 1861 dispensa·
3333 1786 3392 1839 10

406 1885 617 1959 tum,
665 1885 732 1941 et
770 1877 946 1963 quod
984 1876 1335 1963 quemlibet
1377 1878 1779 1963 magistrum,
1824 1901 1865 1944 a
1909 1902 2035 1969 quo
2077 1879 2416 1944 lectionem
2457 1876 2562 1942 vel
2604 1876 2993 1942 exercicium
3037 1873 3306 1957 audivit,

411 1986 831 2043 contentum
868 1978 1040 2041 fecit.

657 2148 750 2209 10.
804 2160 901 2208 DE
941 2160 1143 2210 MODO
1190 2160 1537 2210 SOLVENDI
1576 2162 1855 2211 PASTUM
1896 2162 2034 2211 PRO
2075 2158 2536 2211 LECTIONIBUS
2574 2160 2666 2209 ΕΤ
2705 2158 3116 2209 EXEBCICIIS·

1654 2280 1776 2344 vgl.
1812 2280 1961 2343 XIII,
2003 2282 2110 2332 11⁸.

628 2391 919 2475 Quilibet
959 2392 1443 2479 magistrandus
1484 2396 1553 2460 in
1610 2394 1857 2461 artibus
1915 2394 2110 2461 debet
2161 2392 2581 2459 effectualiter
2641 2415 2760 2481 pro
2814 2392 3198 2459 lectionibus
3243 2401 3307 2458 et
3330 2402 3394 2458 15

428 2494 804 2559 exerciciis
864 2516 983 2581 pro
1039 2493 1251 2580 gradu
1305 2496 1665 2581 magisterii
1722 2520 1843 2584 per
1886 2519 2031 2564 eum
2077 2493 2313 2560 auditis
2370 2494 2560 2559 iuxta
2621 2502 2860 2557 statuta
2918 2492 3310 2559 satisfecisse

434 2614 681 2658 coram
722 2592 1131 2659 taxatoribus
1178 2594 1285 2658 et²
1343 2593 1587 2661 decano
1645 2594 1970 2659 facultatis
2030 2595 2297 2677 arcium,
2357 2591 2477 2659 sub
2531 2615 2742 2679 poena
2797 2615 2925 2658 non
2982 2600 3310 2679 computa-

435 2692 687 2756 cionis.
732 2690 805 2757 Si
846 2701 1061 2758 tamen
1104 2692 1336 2781 aliquis
1378 2717 1617 2777 eorum,
1656 2696 1823 2760 iusto
1867 2703 1930 2758 et
1970 2692 2288 2779 legittimo
2324 2691 2784 2781 impedimento
2823 2692 3307 2775 interveniente,

438 2790 533 2857 de
587 2813 713 2877 quo
757 2801 1054 2857 constare
1095 2794 1351 2879 poterit,
1392 2792 1581 2860 modo
1626 2796 1983 2881 praemisso
2041 2803 2108 2857 et
2164 2804 2313 2858 ante
2361 2792 2555 2857 finem
2615 2801 2874 2856 actuum
2932 2790 3304 2879 completio-

436 2892 557 2955 nis
602 2913 733 2956 non
786 2892 1188 2972 satisfecerit,
1246 2892 1575 2958 tollerabit
1625 2894 1919 2976 facultas,
1976 2891 2150 2979 quod
2200 2891 2415 2962 adhuc
2457 2890 2576 2957 sub
2618 2893 2742 2957 isto
2787 2891 3126 2973 decanatu,
3186 2891 3306 2958 sub
3325 2901 3393 2958 20

442 3012 590 3077 quo
646 2990 1013 3056 huiusmodi
1068 3001 1251 3056 actus
1306 2988 1617 3075 audierit,
1670 3015 1874 3080 usque
1931 2992 2015 3057 ad
2072 3001 2441 3079 computum
2495 2990 2783 3056 eiusdem
2838 2989 3068 3055 decani
3125 2992 3308 3056 satis-

442 3090 677 3155 facere
721 3091 981 3177 poterit.
1060 3088 1150 3154 Et
1188 3113 1522 3159 successor
1568 3092 1841 3158 alicuius
1888 3089 2121 3157 decani
2163 3112 2571 3182 nequaquam
2615 3089 2895 3177 aliquem
2946 3089 3032 3157 ad
3073 3089 3309 3156 librum

448 3189 914 3277 completionis
958 3197 1022 3253 et
1064 3190 1520 3277 complentium
1561 3191 1888 3258 facultatis
1931 3189 2266 3273 inscribat,
2324 3191 2434 3277 qui
2480 3189 2597 3255 sub
2643 3189 2855 3255 officio
2897 3191 2996 3254 sui
3039 3191 3307 3278 praede-

448 3290 737 3356 cessoris
782 3298 1006 3355 contra
1065 3298 1305 3355 statuta
1361 3290 1687 3356 facultatis
1744 3291 2120 3357 satisfacere
2169 3311 2298 3355 non
2343 3291 2622 3372 curavit,
2683 3287 2803 3355 sub
2865 3288 3083 3355 debito
3137 3292 3307 3356 iura·

448 3391 659 3456 menti
702 3391 1003 3476 praestiti
1040 3399 1329 3477 tempore
1374 3390 1706 3456 electionis
1752 3413 1907 3456 suae
1946 3391 2015 3456 in
2059 3389 2396 3455 decanum.
3324 3399 3392 3457 25

1108 3579 1203 3640 11.
1244 3590 1338 3638 nn
1380 3590 1966 3640 RESPonslolmms
2008 3588 2670 3638 MAGISTRANDORUM.

1646 3710 1765 3774 Vgl.
1805 3711 1954 3770 xm,
1996 3710 2116 3760 152.

623 3820 853 3888 Nullus
909 3821 1290 3888 admittatur
1346 3822 1432 3888 ad
1488 3833 1883 3910 temptamen
1925 3821 2032 3888 vel
2079 3844 2355 3888 examen
2408 3844 2528 3910 pro
2580 3819 2792 3908 gradu
2831 3824 3198 3908 magisterii
3239 3825 3308 3890 in

458 3920 736 4004 artibus,
788 3923 914 3986 nisi
958 3920 1257 3988 adminus
1303 3933 1532 4010 quater
1574 3922 1659 3988 ad
1704 3933 1924 4010 partes
1968 3920 2365 4009 principales
2411 3932 2476 3986 et
2529 3922 2631 3987 bis
2689 3920 2775 3986 ad
2832 3931 3054 4009 partes
3095 3925 3306 3988 minus

454 4020 854 4108 principales
918 4019 1245 4088 ordinarie
1307 4033 1371 4088 et
1432 4021 1699 4088 totidem
1765 4021 2284 4088 extraordinarie
2337 4023 2698 4107 magistris,
2765 4045 2808 4088 a
2865 4021 3098 4110 quibus
3151 4022 3303 4088 talis
3323 4032 3392 4088 30

458 4121 795 4208 responsio
838 4120 966 4185 sibi
1022 4123 1359 4208 assignata
1407 4121 1601 4186 fuerit
1612 4171 1629 4203 ,
1682 4120 2050 4209 respondit,
2103 4121 2199 4185 ita
2256 4121 2432 4210 quod
2488 4143 2528 4186 a
2581 4122 2905 4209 principio
2960 4127 3164 4209 usque
3221 4122 3308 4187 ad

453 4220 651 4286 finem
693 4219 1163 4308 disputacionis
1204 4220 1299 4286 ibi
1337 4222 1713 4310 permansit,
1758 4222 1897 4285 sine
1941 4243 2144 4286 causa
2186 4220 2571 4286 racionabili
2612 4243 2740 4286 non
2787 4219 3170 4288 recedendo.

623 4409 717 4471 12.
758 4420 853 4468 na·
894 4421 1182 4470 nunno
1224 4420 1795 4470 msrn'rA-monuu
1839 4420 2359 4487 Memnonen,
2405 4421 2655 4488 Qumus
2699 4421 3169 4471 mmsramm

1442 4521 1819 4568 muamus
1862 4521 2337 4570 mmm-mssa.

1572 4639 1693 4703 νει.
1729 4639 1871 4701 xm,
1908 4639 1972 4691 16
2008 4655 2062 4691 u.
2104 4638 2182 4690 ιτ.
3324 4648 3391 4705 35

586 4751 815 4818 Nullus
838 4752 1319 4840 magistrandus
1338 4753 1715 4820 admittatur
1736 4752 1821 4818 ad
1844 4761 2242 4840 temptamen
2274 4775 2387 4818 seu
2413 4775 2687 4818 examen
2713 4749 2818 4841 [25
2835 4751 2886 4842 ⁸]
2917 4755 3300 4840 magistran-

452 4851 702 4935 dorum,
754 4853 883 4918 nisi
921 4856 990 4918 in
1036 4856 1444 4920 consciencia
1498 4877 1617 4918 sua
1658 4854 1863 4937 dic'at,
1920 4852 2097 4941 quod
2138 4853 2407 4939 triginta
2446 4853 3001 4940 disputacionibus
3045 4854 3302 4920 ordina·

626 5123 649 5173 1
690 5118 801 5174 Am
836 5119 1055 5177 Raude:
1114 5121 1247 5176 Non
1289 5121 1503 5190 hyanta-
1540 5126 1775 5190 proptor
1818 5119 2128 5190 per-iuriam
2169 5119 2510 5174 commissum
2550 5119 2620 5192 (5)
2653 5121 2966 5191 aliquorum
3007 5122 3301 5178 soniam.

454 5201 586 5258 Und
620 5219 729 5256 von
764 5203 997 5258 anderer
1032 5203 1227 5258 Hand:
1293 5206 1529 5258 Dec-reto
1551 5203 1856 5274 facultatis
1888 5205 2246 5258 iuramentum
2280 5211 2358 5258 est
2389 5205 2658 5258 sublatum
2700 5211 2840 5260 1520.

618 5290 648 5341 2
684 5285 812 5342 Von
844 5285 965 5344 hier
998 5303 1073 5342 an
1107 5287 1323 5346 scheint
1355 5288 1477 5344 eine
1510 5287 1706 5344 zweite
1738 5287 1907 5342 Hand
1942 5287 2300 5357 einzutretcn,
2333 5286 2442 5362 vgl.
2479 5292 2622 5349 oben
2655 5306 2726 5344 zu
2759 5289 2918 5361 XIII,
2958 5293 3036 5346 11.
