4038 6358
1126 617 1297 675 Acbte
1334 609 1860 691 Statntenfedaetion,
1897 641 2017 675 vom
2055 617 2219 677 'Jahre
2256 623 2399 677 1558.
3063 621 3183 688 527

515 803 770 870 Eadem
811 806 1028 870 omnia
1081 805 1163 870 de
1219 806 1602 893 petitoribus
1651 808 2008 893 magisterii
2067 806 2517 889 servabuntur,
2573 817 2820 872 tantum
2862 807 2943 870 iis
2987 816 3190 870 muta-

333 906 453 987 tis,
497 927 666 991 quae
707 908 944 971 mutari
985 928 1090 971 res
1134 915 1338 990 coget,
1379 906 1686 970 nimirum
1721 908 1972 971 ratione
2011 907 2329 971 examinis
2371 914 2435 971 et
2472 907 2903 992 inquisitionis
2946 907 3011 969 in
3049 928 3191 970 cur-

336 1026 491 1068 sum
534 1004 867 1069 doetrinae
922 1015 987 1068 et
1044 1004 1144 1069 his
1199 1004 1549 1086 similibus3
1608 1027 1756 1069 nam
1813 1005 1893 1070 de
1944 1008 2456 1071 renunctiatione
2495 1027 2812 1069 novorum
2852 1006 3192 1090 magistro-

335 1125 488 1166 rum
536 1125 737 1188 supra
779 1102 1022 1167 dietum
1065 1114 1181 1169 est.

519 1218 590 1283 Si
636 1220 746 1304 qui
787 1219 952 1285 forte
991 1222 1057 1284 in
1099 1218 1229 1284 alia
1268 1218 1603 1284 academia
1649 1221 1785 1284 eius
1826 1222 2139 1306 temporis
2185 1244 2443 1286 cursum
2471 1221 2821 1285 confecisse
2859 1241 2927 1283 se
2957 1217 3190 1299 dicent,
3244 1227 3276 1281 5

340 1339 476 1402 quo
536 1317 642 1381 hic
697 1318 1046 1383 secundum
1108 1328 1348 1383 statuta
1404 1321 1654 1382 versari
1702 1315 1829 1405 [26]
1885 1318 2287 1401 debuissent,
2346 1330 2407 1384 et
2464 1319 2738 1408 coluisse
2794 1317 2905 1382 illa
2962 1317 3197 1399 studia,

342 1415 585 1503 quibus
638 1427 711 1481 ut
764 1417 950 1482 detur
1006 1439 1208 1505 opera
1269 1417 1767 1503 praescribitur,
1831 1420 1879 1481 ii
1939 1417 2197 1503 publico
2255 1429 2367 1482 aut
2425 1430 2596 1484 certe
2651 1441 2902 1499 eorum,
2963 1416 3196 1502 quibus

339 1516 881 1602 praeceptoribus
909 1518 1011 1581 usi
1043 1525 1208 1599 sunt,
1251 1517 1636 1598 testimonio,
1679 1516 1800 1581 hoc
1841 1518 1934 1580 ita
1975 1540 2044 1581 se
2073 1517 2332 1598 habere,
2378 1517 2640 1603 planum
2683 1518 2897 1581 facere
2942 1515 3194 1579 debent.

345 1613 546 1693 Quod
590 1617 646 1679 si
687 1616 988 1699 fecerint,
1047 1618 1269 1703 petitio
1315 1618 1607 1702 ipsorum
1648 1615 2025 1681 admittetur
2069 1618 2317 1702 pariter
2357 1628 2428 1681 ut
2474 1616 2766 1681 aliorum.

460 1815 554 1862 DE
596 1815 959 1879 EXTERNIS,
1006 1815 1125 1875 QUI
1165 1816 1354 1863 ALIBI
1393 1813 1717 1863 HONORES
1764 1815 2273 1864 SCHOLASTICOS
2318 1816 2703 1864 CONSEGUTI
2744 1816 2993 1881 FUERE,
3035 1817 3105 1864 IN
3229 1809 3291 1863 10

1133 1911 1560 1962 NOSTRORUM
1602 1914 1942 1962 NUMERUM
1972 1915 2435 1967 BEFERENDlS.

1593 2032 1810 2096 Caput
1847 2033 1967 2083 XV.

526 2143 656 2225 Qui
696 2146 766 2209 in
809 2147 940 2211 alia
988 2147 1324 2212 academia
1378 2147 1747 2211 bacularius
1799 2150 2192 2232 magisterve
2248 2149 2456 2212 factus
2515 2149 2707 2212 fuerit
2761 2160 2824 2211 et
2875 2150 2943 2211 in
2985 2170 3201 2211 nume-

350 2267 500 2309 rum
543 2253 911 2310 nostrorum
953 2257 1130 2333 petet
1183 2247 1442 2328 referri,
1499 2248 1555 2310 is
1597 2247 1842 2311 decano
1898 2246 2216 2311 indicabit
2276 2248 2649 2332 petitionem
2711 2269 2893 2311 suam
2953 2257 3016 2311 et
3076 2248 3203 2333 pri-

352 2366 530 2408 mum
600 2344 863 2431 publico
920 2348 1285 2410 testimonio
1351 2348 1826 2410 communitatis
1883 2346 2256 2411 academiae
2312 2346 2516 2428 illius,
2582 2348 2647 2409 in
2709 2369 2836 2433 qua
2890 2346 3204 2410 honorum
3231 2355 3288 2408 15

355 2441 581 2508 titulos
624 2454 1038 2509 consecutum
1082 2467 1151 2509 se
1195 2467 1336 2509 esse
1377 2445 1577 2527 dicet,
1638 2445 1761 2509 hoe
1806 2445 2069 2532 planum
2111 2447 2328 2529 faciet,
2372 2445 2605 2510 deinde
2648 2444 2948 2532 publicae
2987 2444 3203 2530 dispu-

353 2543 621 2625 tationi,
682 2545 863 2608 cuius
919 2545 1136 2630 capita
1199 2547 1341 2630 ipse
1398 2544 1478 2608 de
1537 2547 1853 2608 sententia
1913 2545 2141 2609 decani
2200 2567 2562 2631 proponere
2624 2543 2843 2626 debet,
2903 2546 3206 2630 praeerit.

355 2640 447 2705 Et
474 2644 587 2724 ita,
617 2653 956 2707 numerata
983 2645 1425 2707 communitati
1455 2645 1748 2729 pecunia,
1788 2643 1928 2707 loco
1958 2646 2378 2709 conveniente
2413 2646 2579 2709 inter
2609 2642 2973 2708 bacularios
3002 2645 3204 2729 magi·

359 2750 614 2805 strosve
658 2740 1097 2828 perscribetur
1139 2765 1372 2807 nomen
1413 2744 1643 2829 ipsius,
1686 2752 1749 2806 et
1788 2765 1951 2806 unus
1997 2765 2081 2807 ex
2122 2744 2358 2808 nostris
2403 2742 2788 2807 censebitur.

943 2941 1037 2989 DE
1076 2943 1524 2991 AUTORITATE
1567 2942 1826 2990 DECANI
1864 2943 1954 2989 ΕΤ
1996 2940 2295 2989 CONSILII
2336 2941 2631 2990 PUBLICI.
3192 2931 3286 2985 Δ20

1586 3061 1801 3124 Caput
1840 3061 1993 3111 XVI.

530 3170 786 3239 Placuit
842 3175 1162 3258 constitui,
1216 3185 1288 3239 ut
1332 3198 1553 3240 omnes
1597 3175 1914 3261 magistri,
1974 3185 2285 3262 quantum
2342 3173 2427 3239 ad
2489 3173 2848 3240 studiorum
2898 3173 3211 3237 rationem

366 3283 430 3336 et
474 3282 791 3338 tractatus
835 3277 1080 3356 attinet,
1126 3275 1399 3339 subiecti
1447 3270 1573 3360 [27]
1622 3276 1748 3337 sint
1790 3274 2017 3338 ditioni
2065 3273 2293 3339 decani
2344 3284 2407 3339 et
2450 3275 2694 3361 publici
2739 3272 3006 3354 consilii,
3059 3294 3210 3356 quo-

364 3394 512 3435 rum
557 3375 963 3437 autoritatem
1020 3375 1130 3460 qui
1183 3377 1503 3461 spreverit
1554 3382 1617 3437 et
1666 3371 1957 3458 legitima
1999 3375 2178 3438 iussa
2232 3373 2619 3460 neglexerit,
2676 3373 2756 3437 de
2800 3395 2874 3437 eo
2919 3370 3211 3435 consulta

366 3474 813 3554 communitas,
870 3472 1026 3557 quid
1079 3474 1294 3537 faeere
1339 3475 1735 3537 sustinereve
1791 3493 2039 3557 poenae
2095 3475 2353 3537 nomine
2408 3473 2670 3554 debeat,
2729 3470 3043 3536 decernet.
3123 3468 3293 3533 Et25

366 3569 627 3635 decreto
675 3574 1114 3661 unusquisque
1155 3572 1431 3658 parebit.
1507 3573 1592 3636 Ni
1635 3572 1952 3657 paruerit,
2000 3572 2320 3656 quomodo
2368 3572 2642 3638 audacia
2678 3570 2828 3635 talis
2873 3569 3210 3635 cohercea-

364 3679 493 3751 tur,
541 3668 1032 3755 deliberabitur-3
1092 3681 1183 3754 et,
1244 3672 1300 3734 si
1353 3694 1616 3735 necesse
1673 3672 1784 3751 sit,
1846 3672 2158 3735 severitas
2214 3693 2288 3735 eo
2342 3671 2679 3756 procedet,
2737 3680 2809 3734 ut
2860 3680 3211 3734 contumax

366 3770 511 3833 iure
552 3780 616 3833 et
658 3792 774 3857 spe
816 3771 1292 3835 commodorum
1340 3772 1440 3834 sui
1481 3769 1647 3833 tituli
1690 3769 1775 3833 ad
1818 3778 2059 3833 certum
2105 3779 2356 3855 tempus
2398 3772 2705 3856 privetur.
2776 3768 2907 3850 Qui
2947 3771 3015 3833 in
3059 3790 3207 3833 con·

368 3866 514 3933 silio
561 3879 773 3933 autem
816 3870 1073 3955 publico
1120 3880 1322 3951 erunt,
1379 3871 1425 3933 ii
1467 3868 1676 3933 nullas
1721 3870 2160 3933 contentiones
2207 3878 2318 3932 aut
2357 3868 2523 3951 lites,
2578 3891 2956 3958 quacunque
3011 3867 3091 3932 de
3141 3891 3213 3932 re

369 3978 569 4049 ortas,
625 3968 750 4032 alio
797 3967 1113 4050 deferent,
1170 3980 1281 4033 aut
1335 3968 1497 4032 ullas
1552 3969 1997 4032 accusationes
2041 3969 2374 4032 instituent
2428 3968 2584 4034 alibi
2637 3991 2827 4054 quam
2884 3967 2969 4032 ad
3026 3968 3299 4032 deca-30

368 4090 522 4132 num
582 4077 645 4131 et
706 4090 924 4131 coram
980 4068 1245 4134 decano.
1328 4069 1391 4132 Is
1441 4067 1738 4131 omnibus
1791 4067 2000 4131 modis
2044 4066 2346 4150 tentabit,
2402 4078 2473 4131 ut
2527 4069 3001 4132 controversiae
3047 4091 3213 4132 com-

369 4177 696 4252 ponantur
738 4178 848 4230 aut
893 4167 1294 4250 decidantur,
1337 4167 1442 4232 vel
1496 4191 1638 4231 eum
1691 4166 1864 4232 bona
1919 4167 2134 4251 gratia
2178 4165 2287 4230 vel'
2340 4167 2668 4231 sentencia
2721 4189 2837 4231 sua
2896 4177 2959 4232 et
3010 4168 3215 4231 senio·

369 4287 534 4332 rum.
619 4265 691 4330 Si
747 4276 963 4331 tamen
1004 4267 1237 4354 aliquis
1291 4277 1632 4352 gravatum
1678 4290 1744 4331 se
1790 4268 1952 4331 forte
2007 4275 2218 4352 putet,
2273 4266 2330 4329 ei
2383 4265 2659 4332 liberum
2704 4277 2840 4331 esto
2885 4265 3216 4353 appellare

368 4366 644 4430 rectoris
688 4367 1140 4450 cognitionem.

542 4515 648 4583 Ad
693 4515 922 4581 decani
967 4518 1158 4581 etiam
1201 4517 1396 4580 fidem
1441 4518 1747 4604 pertinet,
1804 4526 1876 4580 ut
1932 4514 2092 4580 nihil
2154 4527 2332 4580 curet
2389 4515 2797 4581 referendum
2856 4518 2921 4579 in
2978 4516 3217 4581 librum
3236 4527 3301 4582 35

373 4614 726 4700 publicum,
783 4617 908 4680 nisi
953 4617 1492 4681 communicatum
1537 4639 1684 4680 cum
1726 4613 2086 4680 senioribus
2141 4625 2203 4677 et
2245 4614 2329 4679 ab
2371 4615 2470 4679 his
2517 4614 2967 4701 approbatum,
3027 4627 3094 4679 ut
3138 4614 3218 4679 de

375 4716 692 4779 sententia
735 4737 955 4781 eorum
998 4725 1410 4781 monumenta
1453 4715 1716 4801 publiea
1759 4714 2204 4778 conficiantur.

777 5050 1256 5100 RECITANDA
1299 5051 1440 5116 118,
1488 5051 1628 5112 QUI
1667 5046 2129 5098 BACULARII
2171 5051 2398 5097 FIERI
2442 5018 2824 5100 ctiPIENT.

549 5184 640 5273 [S.
684 5184 787 5272 28]
847 5186 976 5268 „Et
1018 5186 1358 5271 petitiones
1402 5195 1466 5248 et
1506 5184 1930 5248 admissiones
1972 5205 2225 5264 eorum,
2286 5185 2393 5271 qui
2447 5184 2833 5248 testimoniis
2890 5194 2953 5247 et
3016 5186 3216 5250 titulis

381 5288 604 5352 ornari
666 5298 1006 5375 cuperent,
1072 5296 1333 5350 nostrae
1394 5283 1834 5348 communitati
1897 5303 2153 5370 semper
2208 5281 2501 5368 diligenti
2559 5304 2754 5346 curae
2808 5283 3094 5367 fuerunt,
3154 5296 3310 5352 ut40
