<?xml version="1.0" encoding="UTF-8"?>
<!DOCTYPE html PUBLIC "-//W3C//DTD XHTML 1.0 Transitional//EN"
    "http://www.w3.org/TR/xhtml1/DTD/xhtml1-transitional.dtd">
<html xmlns="http://www.w3.org/1999/xhtml" xml:lang="en" lang="en">
 <head>
  <title>
</title>
<meta http-equiv="Content-Type" content="text/html;charset=utf-8" />
  <meta name='ocr-system' content='tesseract 3.04.00' />
  <meta name='ocr-capabilities' content='ocr_page ocr_carea ocr_par ocr_line ocrx_word'/>
</head>
<body>
  <div class='ocr_page' id='page_1' title='image "./diestatutenbche02leipgoog_0154.png"; bbox 0 0 4038 6358; ppageno 0'>
   <div class='ocr_carea' id='block_1_1' title="bbox 781 598 2699 665">
    <p class='ocr_par' dir='ltr' id='par_1_1' title="bbox 781 598 2699 665">
     <span class='ocr_line' id='line_1_1' title="bbox 781 598 2699 665; baseline -0.003 -10"><span class='ocrx_word' id='word_1_1' title='bbox 781 598 898 665; x_wconf 86' lang='lat'><strong>138</strong></span> <span class='ocrx_word' id='word_1_2' title='bbox 1711 601 1820 650; x_wconf 81' lang='lat' dir='ltr'><strong>Des</strong></span> <span class='ocrx_word' id='word_1_3' title='bbox 1858 601 2126 651; x_wconf 80' lang='lat' dir='ltr'><strong>Iohannes</strong></span> <span class='ocrx_word' id='word_1_4' title='bbox 2164 601 2323 653; x_wconf 80' lang='lat' dir='ltr'><strong>Fabri</strong></span> <span class='ocrx_word' id='word_1_5' title='bbox 2359 601 2426 650; x_wconf 89' lang='lat' dir='ltr'><strong>de</strong></span> <span class='ocrx_word' id='word_1_6' title='bbox 2468 601 2699 650; x_wconf 81' lang='lat' dir='ltr'><strong>Werdea</strong></span> 
     </span>
    </p>
   </div>
   <div class='ocr_carea' id='block_1_2' title="bbox 699 778 3641 2456">
    <p class='ocr_par' dir='ltr' id='par_1_2' title="bbox 699 778 3641 2456">
     <span class='ocr_line' id='line_1_2' title="bbox 777 778 3637 873; baseline 0.002 -30"><span class='ocrx_word' id='word_1_7' title='bbox 777 778 997 845; x_wconf 87' lang='lat' dir='ltr'><strong>divino</strong></span> <span class='ocrx_word' id='word_1_8' title='bbox 1043 789 1107 844; x_wconf 90' lang='lat' dir='ltr'><strong>et</strong></span> <span class='ocrx_word' id='word_1_9' title='bbox 1161 780 1442 847; x_wconf 91' lang='lat' dir='ltr'><strong>humano</strong></span> <span class='ocrx_word' id='word_1_10' title='bbox 1487 781 1659 865; x_wconf 87' lang='lat' dir='ltr'><strong>iure,</strong></span> <span class='ocrx_word' id='word_1_11' title='bbox 1716 781 1951 848; x_wconf 88' lang='lat' dir='ltr'><strong>deinde</strong></span> <span class='ocrx_word' id='word_1_12' title='bbox 1999 804 2083 848; x_wconf 91' lang='lat' dir='ltr'><strong>ne</strong></span> <span class='ocrx_word' id='word_1_13' title='bbox 2122 780 2257 847; x_wconf 89' lang='lat' dir='ltr'><strong>ulla</strong></span> <span class='ocrx_word' id='word_1_14' title='bbox 2301 803 2384 846; x_wconf 88' lang='lat' dir='ltr'><strong>ex</strong></span> <span class='ocrx_word' id='word_1_15' title='bbox 2427 804 2663 847; x_wconf 80' lang='lat' dir='ltr'><strong>caussa</strong></span> <span class='ocrx_word' id='word_1_16' title='bbox 2702 782 3025 849; x_wconf 82' lang='lat' dir='ltr'><strong>iuventuti</strong></span> <span class='ocrx_word' id='word_1_17' title='bbox 3069 782 3246 871; x_wconf 88' lang='lat' dir='ltr'><strong>apud</strong></span> <span class='ocrx_word' id='word_1_18' title='bbox 3290 806 3410 849; x_wconf 88' lang='lat' dir='ltr'><strong>nos</strong></span> <span class='ocrx_word' id='word_1_19' title='bbox 3454 784 3637 873; x_wconf 85' lang='lat' dir='ltr'><strong>inge-</strong></span> 
     </span>
     <span class='ocr_line' id='line_1_3' title="bbox 772 877 3641 969; baseline 0.002 -27"><span class='ocrx_word' id='word_1_20' title='bbox 772 877 866 942; x_wconf 90' lang='lat' dir='ltr'><strong>nii</strong></span> <span class='ocrx_word' id='word_1_21' title='bbox 938 879 1257 946; x_wconf 91' lang='lat' dir='ltr'><strong>culturam</strong></span> <span class='ocrx_word' id='word_1_22' title='bbox 1316 882 1581 946; x_wconf 80' lang='lat' dir='ltr'><strong>facienti</strong></span> <span class='ocrx_word' id='word_1_23' title='bbox 1640 881 2060 969; x_wconf 87' lang='lat' dir='ltr'><strong>delinquendi</strong></span> <span class='ocrx_word' id='word_1_24' title='bbox 2125 902 2289 946; x_wconf 88' lang='lat' dir='ltr'><strong>ansa</strong></span> <span class='ocrx_word' id='word_1_25' title='bbox 2360 881 2784 967; x_wconf 89' lang='lat' dir='ltr'><strong>praebeatur,</strong></span> <span class='ocrx_word' id='word_1_26' title='bbox 2869 902 2990 947; x_wconf 88' lang='lat' dir='ltr'><strong>nos</strong></span> <span class='ocrx_word' id='word_1_27' title='bbox 3004 930 3024 964; x_wconf 95' lang='lat'><strong>,</strong></span> <span class='ocrx_word' id='word_1_28' title='bbox 3113 881 3392 948; x_wconf 86' lang='lat' dir='ltr'><strong>Ioannes</strong></span> <span class='ocrx_word' id='word_1_29' title='bbox 3470 882 3641 948; x_wconf 83' lang='lat' dir='ltr'><strong>Reu-</strong></span> 
     </span>
     <span class='ocr_line' id='line_1_4' title="bbox 777 976 3634 1069; baseline 0.002 -27"><span class='ocrx_word' id='word_1_30' title='bbox 777 976 993 1044; x_wconf 79' lang='lat' dir='ltr'><strong>schius</strong></span> <span class='ocrx_word' id='word_1_31' title='bbox 1049 988 1191 1061; x_wconf 66' lang='lat' dir='ltr'><strong>etc„</strong></span> <span class='ocrx_word' id='word_1_32' title='bbox 1257 978 1466 1045; x_wconf 88' lang='lat' dir='ltr'><strong>almae</strong></span> <span class='ocrx_word' id='word_1_33' title='bbox 1530 982 1975 1048; x_wconf 85' lang='lat' dir='ltr'><strong>universitatis</strong></span> <span class='ocrx_word' id='word_1_34' title='bbox 2045 980 2249 1047; x_wconf 88' lang='lat' dir='ltr'><strong>studii</strong></span> <span class='ocrx_word' id='word_1_35' title='bbox 2300 981 2665 1068; x_wconf 71' lang='lat' dir='ltr'><strong>Lypsensis</strong></span> <span class='ocrx_word' id='word_1_36' title='bbox 2717 991 2966 1064; x_wconf 89' lang='lat' dir='ltr'><strong>rector,</strong></span> <span class='ocrx_word' id='word_1_37' title='bbox 3024 977 3126 1068; x_wconf 82' lang='lat'><strong>[57</strong></span> <span class='ocrx_word' id='word_1_38' title='bbox 3141 978 3193 1069; x_wconf 78' lang='lat'><strong>¹²]</strong></span> <span class='ocrx_word' id='word_1_39' title='bbox 3248 980 3634 1048; x_wconf 86' lang='lat' dir='ltr'><strong>mandamus</strong></span> 
     </span>
     <span class='ocr_line' id='line_1_5' title="bbox 775 1076 3633 1167; baseline 0.002 -27"><span class='ocrx_word' id='word_1_40' title='bbox 775 1076 1099 1143; x_wconf 86' lang='lat' dir='ltr'><strong>universis</strong></span> <span class='ocrx_word' id='word_1_41' title='bbox 1138 1079 1570 1145; x_wconf 89' lang='lat' dir='ltr'><strong>iurisdictioni</strong></span> <span class='ocrx_word' id='word_1_42' title='bbox 1611 1090 1877 1146; x_wconf 90' lang='lat' dir='ltr'><strong>nostrae</strong></span> <span class='ocrx_word' id='word_1_43' title='bbox 1919 1080 2244 1162; x_wconf 79' lang='lat' dir='ltr'>obnoxiis,</span> <span class='ocrx_word' id='word_1_44' title='bbox 2287 1102 2371 1145; x_wconf 91' lang='lat' dir='ltr'><strong>ne</strong></span> <span class='ocrx_word' id='word_1_45' title='bbox 2414 1078 2537 1146; x_wconf 87' lang='lat' dir='ltr'><strong>sub</strong></span> <span class='ocrx_word' id='word_1_46' title='bbox 2579 1082 2786 1146; x_wconf 80' lang='lat' dir='ltr'><strong>nostri</strong></span> <span class='ocrx_word' id='word_1_47' title='bbox 2839 1082 3266 1167; x_wconf 79' lang='lat' dir='ltr'><strong>magistratus</strong></span> <span class='ocrx_word' id='word_1_48' title='bbox 3310 1080 3633 1148; x_wconf 83' lang='lat' dir='ltr'><strong>curriculo</strong></span> 
     </span>
     <span class='ocr_line' id='line_1_6' title="bbox 722 1176 3632 1268; baseline 0.003 -29"><span class='ocrx_word' id='word_1_49' title='bbox 722 1182 755 1238; x_wconf 89' lang='grc'>5</span> <span class='ocrx_word' id='word_1_50' title='bbox 772 1176 1096 1242; x_wconf 88' lang='lat' dir='ltr'><strong>macheris</strong></span> <span class='ocrx_word' id='word_1_51' title='bbox 1151 1176 1475 1263; x_wconf 85' lang='lat' dir='ltr'><strong>gladiisve</strong></span> <span class='ocrx_word' id='word_1_52' title='bbox 1531 1190 1642 1245; x_wconf 91' lang='lat' dir='ltr'><strong>aut</strong></span> <span class='ocrx_word' id='word_1_53' title='bbox 1699 1180 1826 1246; x_wconf 89' lang='lat' dir='ltr'><strong>alio</strong></span> <span class='ocrx_word' id='word_1_54' title='bbox 1884 1181 2193 1268; x_wconf 88' lang='lat' dir='ltr'><strong>quopiam</strong></span> <span class='ocrx_word' id='word_1_55' title='bbox 2250 1200 2580 1245; x_wconf 91' lang='lat' dir='ltr'><strong>armorum</strong></span> <span class='ocrx_word' id='word_1_56' title='bbox 2617 1200 2857 1265; x_wconf 87' lang='lat' dir='ltr'><strong>genere</strong></span> <span class='ocrx_word' id='word_1_57' title='bbox 2899 1181 3177 1245; x_wconf 77' lang='lat' dir='ltr'><strong>accincti</strong></span> <span class='ocrx_word' id='word_1_58' title='bbox 3218 1180 3392 1247; x_wconf 89' lang='lat' dir='ltr'><strong>ultro</strong></span> <span class='ocrx_word' id='word_1_59' title='bbox 3440 1181 3632 1247; x_wconf 87' lang='lat' dir='ltr'><strong>citro·</strong></span> 
     </span>
     <span class='ocr_line' id='line_1_7' title="bbox 777 1275 3633 1366; baseline 0.002 -27"><span class='ocrx_word' id='word_1_60' title='bbox 777 1295 902 1360; x_wconf 90' lang='lat' dir='ltr'><strong>que</strong></span> <span class='ocrx_word' id='word_1_61' title='bbox 959 1275 1377 1343; x_wconf 86' lang='lat' dir='ltr'><strong>obambulent</strong></span> <span class='ocrx_word' id='word_1_62' title='bbox 1421 1278 1769 1365; x_wconf 85' lang='lat' dir='ltr'><strong>verbisque</strong></span> <span class='ocrx_word' id='word_1_63' title='bbox 1824 1289 1942 1346; x_wconf 89' lang='lat' dir='ltr'><strong>aut</strong></span> <span class='ocrx_word' id='word_1_64' title='bbox 1991 1279 2184 1345; x_wconf 89' lang='lat' dir='ltr'><strong>factis</strong></span> <span class='ocrx_word' id='word_1_65' title='bbox 2241 1300 2633 1366; x_wconf 80' lang='lat' dir='ltr'><strong>quemquam</strong></span> <span class='ocrx_word' id='word_1_66' title='bbox 2691 1276 3052 1363; x_wconf 80' lang='lat' dir='ltr'><strong>offendant,</strong></span> <span class='ocrx_word' id='word_1_67' title='bbox 3118 1280 3254 1363; x_wconf 85' lang='lat' dir='ltr'><strong>sed,</strong></span> <span class='ocrx_word' id='word_1_68' title='bbox 3315 1290 3633 1366; x_wconf 84' lang='lat' dir='ltr'><strong>paternae</strong></span> 
     </span>
     <span class='ocr_line' id='line_1_8' title="bbox 774 1373 3632 1466; baseline 0.002 -28"><span class='ocrx_word' id='word_1_69' title='bbox 774 1373 1130 1441; x_wconf 84' lang='lat' dir='ltr'><strong>voluntatis</strong></span> <span class='ocrx_word' id='word_1_70' title='bbox 1162 1374 1704 1465; x_wconf 84' lang='lat' dir='ltr'><strong>Christianaeque</strong></span> <span class='ocrx_word' id='word_1_71' title='bbox 1747 1380 2010 1466; x_wconf 87' lang='lat' dir='ltr'><strong>pietatis</strong></span> <span class='ocrx_word' id='word_1_72' title='bbox 2054 1399 2393 1461; x_wconf 83' lang='lat' dir='ltr'>memores,</span> <span class='ocrx_word' id='word_1_73' title='bbox 2437 1399 2559 1464; x_wconf 87' lang='lat' dir='ltr'><strong>pro</strong></span> <span class='ocrx_word' id='word_1_74' title='bbox 2595 1375 2903 1444; x_wconf 80' lang='lat' dir='ltr'><strong>machera</strong></span> <span class='ocrx_word' id='word_1_75' title='bbox 2938 1378 3107 1461; x_wconf 85' lang='lat' dir='ltr'><strong>stile,</strong></span> <span class='ocrx_word' id='word_1_76' title='bbox 3153 1380 3405 1465; x_wconf 89' lang='lat' dir='ltr'><strong>optimo</strong></span> <span class='ocrx_word' id='word_1_77' title='bbox 3452 1380 3632 1464; x_wconf 88' lang='lat' dir='ltr'><strong>inge-</strong></span> 
     </span>
     <span class='ocr_line' id='line_1_9' title="bbox 774 1473 3634 1565; baseline 0.002 -28"><span class='ocrx_word' id='word_1_78' title='bbox 774 1473 868 1537; x_wconf 89' lang='lat' dir='ltr'><strong>nii</strong></span> <span class='ocrx_word' id='word_1_79' title='bbox 910 1476 1226 1561; x_wconf 87' lang='lat' dir='ltr'><strong>magistro</strong></span> <span class='ocrx_word' id='word_1_80' title='bbox 1243 1525 1261 1560; x_wconf 93' lang='lat'><strong>,</strong></span> <span class='ocrx_word' id='word_1_81' title='bbox 1329 1499 1449 1564; x_wconf 89' lang='lat' dir='ltr'><strong>pro</strong></span> <span class='ocrx_word' id='word_1_82' title='bbox 1491 1475 1713 1562; x_wconf 89' lang='lat' dir='ltr'><strong>gladio</strong></span> <span class='ocrx_word' id='word_1_83' title='bbox 1752 1477 2029 1543; x_wconf 90' lang='lat' dir='ltr'><strong>lectione</strong></span> <span class='ocrx_word' id='word_1_84' title='bbox 2072 1487 2138 1543; x_wconf 91' lang='lat' dir='ltr'><strong>et</strong></span> <span class='ocrx_word' id='word_1_85' title='bbox 2178 1478 2335 1542; x_wconf 84' lang='lat' dir='ltr'><strong>viva</strong></span> <span class='ocrx_word' id='word_1_86' title='bbox 2377 1488 2441 1544; x_wconf 92' lang='lat' dir='ltr'><strong>et</strong></span> <span class='ocrx_word' id='word_1_87' title='bbox 2481 1485 2770 1558; x_wconf 87' lang='lat' dir='ltr'><strong>mortua,</strong></span> <span class='ocrx_word' id='word_1_88' title='bbox 2829 1475 3116 1542; x_wconf 85' lang='lat' dir='ltr'><strong>breviter</strong></span> <span class='ocrx_word' id='word_1_89' title='bbox 3157 1498 3279 1565; x_wconf 89' lang='lat' dir='ltr'><strong>pro</strong></span> <span class='ocrx_word' id='word_1_90' title='bbox 3323 1479 3527 1543; x_wconf 87' lang='lat' dir='ltr'><strong>armis</strong></span> <span class='ocrx_word' id='word_1_91' title='bbox 3567 1488 3634 1543; x_wconf 89' lang='lat' dir='ltr'><strong>et</strong></span> 
     </span>
     <span class='ocr_line' id='line_1_10' title="bbox 776 1570 3635 1643; baseline 0.002 -8"><span class='ocrx_word' id='word_1_92' title='bbox 776 1570 1041 1640; x_wconf 91' lang='lat' dir='ltr'><strong>honesto</strong></span> <span class='ocrx_word' id='word_1_93' title='bbox 1084 1586 1150 1641; x_wconf 88' lang='lat' dir='ltr'><strong>et</strong></span> <span class='ocrx_word' id='word_1_94' title='bbox 1194 1575 1442 1641; x_wconf 88' lang='lat' dir='ltr'><strong>erudito</strong></span> <span class='ocrx_word' id='word_1_95' title='bbox 1482 1575 1816 1642; x_wconf 89' lang='lat' dir='ltr'><strong>hominum</strong></span> <span class='ocrx_word' id='word_1_96' title='bbox 1861 1578 2164 1643; x_wconf 83' lang='lat' dir='ltr'><strong>convictu</strong></span> <span class='ocrx_word' id='word_1_97' title='bbox 2200 1586 2480 1642; x_wconf 88' lang='lat' dir='ltr'><strong>utentur.</strong></span> <span class='ocrx_word' id='word_1_98' title='bbox 2556 1576 2694 1641; x_wconf 89' lang='lat' dir='ltr'><strong>Nec</strong></span> <span class='ocrx_word' id='word_1_99' title='bbox 2734 1576 3018 1641; x_wconf 89' lang='lat' dir='ltr'><strong>ferarum</strong></span> <span class='ocrx_word' id='word_1_100' title='bbox 3061 1577 3193 1641; x_wconf 90' lang='lat' dir='ltr'><strong>ritu</strong></span> <span class='ocrx_word' id='word_1_101' title='bbox 3231 1578 3300 1641; x_wconf 92' lang='lat' dir='ltr'><strong>in</strong></span> <span class='ocrx_word' id='word_1_102' title='bbox 3340 1575 3635 1643; x_wconf 80' lang='lat' dir='ltr'><strong>latibulis</strong></span> 
     </span>
     <span class='ocr_line' id='line_1_11' title="bbox 699 1671 3640 1764; baseline 0.003 -31"><span class='ocrx_word' id='word_1_103' title='bbox 699 1678 763 1734; x_wconf 81' lang='lat'><strong>10</strong></span> <span class='ocrx_word' id='word_1_104' title='bbox 777 1671 1259 1760; x_wconf 89' lang='lat' dir='ltr'><strong>fornicibusque</strong></span> <span class='ocrx_word' id='word_1_105' title='bbox 1330 1674 1777 1741; x_wconf 80' lang='lat' dir='ltr'><strong>delitescentes</strong></span> <span class='ocrx_word' id='word_1_106' title='bbox 1852 1678 2071 1763; x_wconf 89' lang='lat' dir='ltr'><strong>patria</strong></span> <span class='ocrx_word' id='word_1_107' title='bbox 2119 1676 2296 1743; x_wconf 88' lang='lat' dir='ltr'><strong>bona</strong></span> <span class='ocrx_word' id='word_1_108' title='bbox 2349 1686 2483 1742; x_wconf 88' lang='lat' dir='ltr'><strong>tam</strong></span> <span class='ocrx_word' id='word_1_109' title='bbox 2535 1676 2770 1741; x_wconf 86' lang='lat' dir='ltr'><strong>misere</strong></span> <span class='ocrx_word' id='word_1_110' title='bbox 2826 1674 3210 1762; x_wconf 88' lang='lat' dir='ltr'><strong>perditeque</strong></span> <span class='ocrx_word' id='word_1_111' title='bbox 3268 1675 3640 1764; x_wconf 78' lang='lat' dir='ltr'><strong>decoquant</strong></span> 
     </span>
     <span class='ocr_line' id='line_1_12' title="bbox 777 1772 3635 1860; baseline 0.001 -25"><span class='ocrx_word' id='word_1_112' title='bbox 777 1772 1041 1859; x_wconf 90' lang='lat' dir='ltr'><strong>suisque</strong></span> <span class='ocrx_word' id='word_1_113' title='bbox 1092 1776 1319 1859; x_wconf 86' lang='lat' dir='ltr'><strong>ganeis</strong></span> <span class='ocrx_word' id='word_1_114' title='bbox 1370 1784 1434 1839; x_wconf 91' lang='lat' dir='ltr'><strong>et</strong></span> <span class='ocrx_word' id='word_1_115' title='bbox 1474 1774 1862 1860; x_wconf 84' lang='lat' dir='ltr'><strong>voluptuosa</strong></span> <span class='ocrx_word' id='word_1_116' title='bbox 1899 1777 2039 1840; x_wconf 86' lang='lat' dir='ltr'><strong>vita</strong></span> <span class='ocrx_word' id='word_1_117' title='bbox 2079 1784 2143 1839; x_wconf 90' lang='lat' dir='ltr'><strong>et</strong></span> <span class='ocrx_word' id='word_1_118' title='bbox 2182 1774 2516 1840; x_wconf 90' lang='lat' dir='ltr'><strong>hominum</strong></span> <span class='ocrx_word' id='word_1_119' title='bbox 2557 1774 2877 1840; x_wconf 89' lang='lat' dir='ltr'><strong>invidiam</strong></span> <span class='ocrx_word' id='word_1_120' title='bbox 2926 1783 2991 1839; x_wconf 90' lang='lat' dir='ltr'><strong>et</strong></span> <span class='ocrx_word' id='word_1_121' title='bbox 3030 1774 3478 1841; x_wconf 88' lang='lat' dir='ltr'><strong>inevitabilem</strong></span> <span class='ocrx_word' id='word_1_122' title='bbox 3526 1774 3635 1840; x_wconf 90' lang='lat' dir='ltr'><strong>dei</strong></span> 
     </span>
     <span class='ocr_line' id='line_1_13' title="bbox 776 1869 3635 1960; baseline 0.002 -27"><span class='ocrx_word' id='word_1_123' title='bbox 776 1870 1132 1937; x_wconf 84' lang='lat' dir='ltr'><strong>vindictam</strong></span> <span class='ocrx_word' id='word_1_124' title='bbox 1173 1874 1243 1937; x_wconf 91' lang='lat' dir='ltr'><strong>in</strong></span> <span class='ocrx_word' id='word_1_125' title='bbox 1290 1897 1477 1938; x_wconf 88' lang='lat' dir='ltr'><strong>suum</strong></span> <span class='ocrx_word' id='word_1_126' title='bbox 1520 1884 1717 1960; x_wconf 87' lang='lat' dir='ltr'><strong>caput</strong></span> <span class='ocrx_word' id='word_1_127' title='bbox 1760 1881 2112 1940; x_wconf 86' lang='lat' dir='ltr'><strong>accersent.</strong></span> <span class='ocrx_word' id='word_1_128' title='bbox 2200 1870 2302 1960; x_wconf 85' lang='lat'><strong>[58</strong></span> <span class='ocrx_word' id='word_1_129' title='bbox 2317 1869 2369 1960; x_wconf 83' lang='lat'><strong>⁸]</strong></span> <span class='ocrx_word' id='word_1_130' title='bbox 2415 1870 2592 1953; x_wconf 78' lang='lat' dir='ltr'><strong>Quin</strong></span> <span class='ocrx_word' id='word_1_131' title='bbox 2634 1875 2851 1959; x_wconf 89' lang='lat' dir='ltr'><strong>potius</strong></span> <span class='ocrx_word' id='word_1_132' title='bbox 2890 1873 2979 1939; x_wconf 89' lang='lat' dir='ltr'><strong>ad</strong></span> <span class='ocrx_word' id='word_1_133' title='bbox 3020 1873 3315 1960; x_wconf 89' lang='lat' dir='ltr'><strong>collegia,</strong></span> <span class='ocrx_word' id='word_1_134' title='bbox 3354 1874 3470 1940; x_wconf 91' lang='lat' dir='ltr'><strong>ubi</strong></span> <span class='ocrx_word' id='word_1_135' title='bbox 3511 1897 3635 1939; x_wconf 91' lang='lat' dir='ltr'><strong>nec</strong></span> 
     </span>
     <span class='ocr_line' id='line_1_14' title="bbox 776 1966 3631 2061; baseline 0.004 -30"><span class='ocrx_word' id='word_1_136' title='bbox 776 1971 1045 2055; x_wconf 86' lang='lat' dir='ltr'><strong>vagiens</strong></span> <span class='ocrx_word' id='word_1_137' title='bbox 1089 1994 1251 2058; x_wconf 90' lang='lat' dir='ltr'><strong>puer</strong></span> <span class='ocrx_word' id='word_1_138' title='bbox 1292 1994 1414 2037; x_wconf 91' lang='lat' dir='ltr'><strong>nec</strong></span> <span class='ocrx_word' id='word_1_139' title='bbox 1456 1995 1682 2038; x_wconf 85' lang='lat' dir='ltr'><strong>socrus</strong></span> <span class='ocrx_word' id='word_1_140' title='bbox 1725 1966 1995 2059; x_wconf 82' lang='lat' dir='ltr'><strong>garrula</strong></span> <span class='ocrx_word' id='word_1_141' title='bbox 2039 1994 2158 2037; x_wconf 91' lang='lat' dir='ltr'><strong>nec</strong></span> <span class='ocrx_word' id='word_1_142' title='bbox 2206 1970 2587 2061; x_wconf 87' lang='lat' dir='ltr'><strong>querulosus</strong></span> <span class='ocrx_word' id='word_1_143' title='bbox 2626 1994 2831 2039; x_wconf 85' lang='lat' dir='ltr'><strong>senex</strong></span> <span class='ocrx_word' id='word_1_144' title='bbox 2870 1995 2991 2038; x_wconf 89' lang='lat' dir='ltr'><strong>nec</strong></span> <span class='ocrx_word' id='word_1_145' title='bbox 3016 1974 3245 2038; x_wconf 86' lang='lat' dir='ltr'><strong>rixans</strong></span> <span class='ocrx_word' id='word_1_146' title='bbox 3275 1995 3424 2039; x_wconf 91' lang='lat' dir='ltr'><strong>cum</strong></span> <span class='ocrx_word' id='word_1_147' title='bbox 3458 1973 3631 2059; x_wconf 79' lang='lat' dir='ltr'><strong>Syro</strong></span> 
     </span>
     <span class='ocr_line' id='line_1_15' title="bbox 774 2066 3637 2159; baseline 0.002 -27"><span class='ocrx_word' id='word_1_148' title='bbox 774 2066 983 2155; x_wconf 79' lang='lat' dir='ltr'><strong>Mysis</strong></span> <span class='ocrx_word' id='word_1_149' title='bbox 1008 2093 1129 2136; x_wconf 92' lang='lat' dir='ltr'><strong>nec</strong></span> <span class='ocrx_word' id='word_1_150' title='bbox 1153 2071 1443 2137; x_wconf 87' lang='lat' dir='ltr'><strong>affinium</strong></span> <span class='ocrx_word' id='word_1_151' title='bbox 1480 2081 2031 2159; x_wconf 86' lang='lat' dir='ltr'><strong>cognatorumque</strong></span> <span class='ocrx_word' id='word_1_152' title='bbox 2063 2072 2250 2136; x_wconf 87' lang='lat' dir='ltr'><strong>triste</strong></span> <span class='ocrx_word' id='word_1_153' title='bbox 2287 2071 2708 2157; x_wconf 89' lang='lat' dir='ltr'><strong>supercilium</strong></span> <span class='ocrx_word' id='word_1_154' title='bbox 2736 2072 2982 2157; x_wconf 90' lang='lat' dir='ltr'><strong>ingenii</strong></span> <span class='ocrx_word' id='word_1_155' title='bbox 3024 2071 3242 2138; x_wconf 82' lang='lat' dir='ltr'><strong>studia</strong></span> <span class='ocrx_word' id='word_1_156' title='bbox 3280 2073 3637 2158; x_wconf 84' lang='lat' dir='ltr'><strong>intercipit,</strong></span> 
     </span>
     <span class='ocr_line' id='line_1_16' title="bbox 699 2169 3638 2260; baseline 0.002 -30"><span class='ocrx_word' id='word_1_157' title='bbox 699 2176 760 2230; x_wconf 82' lang='lat'><strong>15</strong></span> <span class='ocrx_word' id='word_1_158' title='bbox 781 2189 851 2232; x_wconf 88' lang='lat' dir='ltr'><strong>se</strong></span> <span class='ocrx_word' id='word_1_159' title='bbox 895 2169 1228 2235; x_wconf 88' lang='lat' dir='ltr'><strong>conferant</strong></span> <span class='ocrx_word' id='word_1_160' title='bbox 1267 2169 1533 2255; x_wconf 88' lang='lat' dir='ltr'><strong>diesque</strong></span> <span class='ocrx_word' id='word_1_161' title='bbox 1574 2179 1925 2258; x_wconf 90' lang='lat' dir='ltr'><strong>noctesque</strong></span> <span class='ocrx_word' id='word_1_162' title='bbox 1980 2193 2064 2236; x_wconf 87' lang='lat' dir='ltr'><strong>ex</strong></span> <span class='ocrx_word' id='word_1_163' title='bbox 2120 2169 2373 2235; x_wconf 89' lang='lat' dir='ltr'><strong>erudito</strong></span> <span class='ocrx_word' id='word_1_164' title='bbox 2437 2171 2747 2257; x_wconf 89' lang='lat' dir='ltr'><strong>quopiam</strong></span> <span class='ocrx_word' id='word_1_165' title='bbox 2806 2180 3230 2259; x_wconf 86' lang='lat' dir='ltr'><strong>praeceptore</strong></span> <span class='ocrx_word' id='word_1_166' title='bbox 3285 2170 3638 2260; x_wconf 86' lang='lat' dir='ltr'><strong>pendeant,</strong></span> 
     </span>
     <span class='ocr_line' id='line_1_17' title="bbox 778 2268 3640 2357; baseline 0.001 -26"><span class='ocrx_word' id='word_1_167' title='bbox 778 2288 899 2331; x_wconf 93' lang='lat' dir='ltr'><strong>nec</strong></span> <span class='ocrx_word' id='word_1_168' title='bbox 941 2290 1222 2357; x_wconf 90' lang='lat' dir='ltr'><strong>unquam</strong></span> <span class='ocrx_word' id='word_1_169' title='bbox 1281 2268 1364 2335; x_wconf 91' lang='lat' dir='ltr'><strong>ab</strong></span> <span class='ocrx_word' id='word_1_170' title='bbox 1408 2268 1580 2335; x_wconf 89' lang='lat' dir='ltr'><strong>illius</strong></span> <span class='ocrx_word' id='word_1_171' title='bbox 1641 2269 1846 2335; x_wconf 90' lang='lat' dir='ltr'><strong>latere</strong></span> <span class='ocrx_word' id='word_1_172' title='bbox 1899 2269 2295 2335; x_wconf 88' lang='lat' dir='ltr'><strong>indoctiores</strong></span> <span class='ocrx_word' id='word_1_173' title='bbox 2338 2268 2592 2334; x_wconf 87' lang='lat' dir='ltr'><strong>abeant.</strong></span> <span class='ocrx_word' id='word_1_174' title='bbox 2675 2269 2884 2336; x_wconf 92' lang='lat' dir='ltr'><strong>Porro</strong></span> <span class='ocrx_word' id='word_1_175' title='bbox 2947 2271 3004 2335; x_wconf 93' lang='lat' dir='ltr'><strong>si</strong></span> <span class='ocrx_word' id='word_1_176' title='bbox 3058 2272 3432 2357; x_wconf 88' lang='lat' dir='ltr'><strong>quempiam</strong></span> <span class='ocrx_word' id='word_1_177' title='bbox 3484 2271 3640 2336; x_wconf 88' lang='lat' dir='ltr'><strong>huic</strong></span> 
     </span>
     <span class='ocr_line' id='line_1_18' title="bbox 776 2365 3631 2456; baseline 0.002 -27"><span class='ocrx_word' id='word_1_178' title='bbox 776 2365 990 2431; x_wconf 91' lang='lat' dir='ltr'><strong>edicto</strong></span> <span class='ocrx_word' id='word_1_179' title='bbox 1046 2379 1268 2435; x_wconf 89' lang='lat' dir='ltr'><strong>nostro</strong></span> <span class='ocrx_word' id='word_1_180' title='bbox 1319 2369 1532 2434; x_wconf 89' lang='lat' dir='ltr'><strong>minus</strong></span> <span class='ocrx_word' id='word_1_181' title='bbox 1586 2370 1992 2456; x_wconf 88' lang='lat' dir='ltr'><strong>acquievisse</strong></span> <span class='ocrx_word' id='word_1_182' title='bbox 2043 2369 2468 2450; x_wconf 83' lang='lat' dir='ltr'><strong>senserimus,</strong></span> <span class='ocrx_word' id='word_1_183' title='bbox 2522 2370 2595 2434; x_wconf 89' lang='lat' dir='ltr'><strong>in</strong></span> <span class='ocrx_word' id='word_1_184' title='bbox 2650 2368 2924 2435; x_wconf 85' lang='lat' dir='ltr'><strong>eundem</strong></span> <span class='ocrx_word' id='word_1_185' title='bbox 2979 2391 3100 2456; x_wconf 88' lang='lat' dir='ltr'><strong>pro</strong></span> <span class='ocrx_word' id='word_1_186' title='bbox 3145 2370 3381 2435; x_wconf 88' lang='lat' dir='ltr'><strong>iudicis</strong></span> <span class='ocrx_word' id='word_1_187' title='bbox 3426 2370 3631 2436; x_wconf 83' lang='lat' dir='ltr'><strong>offitio</strong></span> 
     </span>
    </p>
   </div>
   <div class='ocr_carea' id='block_1_3' title="bbox 775 2466 3626 2653">
    <p class='ocr_par' dir='ltr' id='par_1_3' title="bbox 775 2466 3626 2653">
     <span class='ocr_line' id='line_1_19' title="bbox 775 2466 3626 2556; baseline 0.002 -28"><span class='ocrx_word' id='word_1_188' title='bbox 775 2466 1292 2534; x_wconf 85' lang='lat' dir='ltr'><strong>animadvertere</strong></span> <span class='ocrx_word' id='word_1_189' title='bbox 1332 2476 1401 2533; x_wconf 90' lang='lat' dir='ltr'><strong>et</strong></span> <span class='ocrx_word' id='word_1_190' title='bbox 1439 2468 1737 2535; x_wconf 84' lang='lat' dir='ltr'><strong>volumus</strong></span> <span class='ocrx_word' id='word_1_191' title='bbox 1783 2478 1848 2534; x_wconf 91' lang='lat' dir='ltr'><strong>et</strong></span> <span class='ocrx_word' id='word_1_192' title='bbox 1890 2467 2221 2534; x_wconf 89' lang='lat' dir='ltr'><strong>debemus.</strong></span> <span class='ocrx_word' id='word_1_193' title='bbox 2276 2466 2501 2532; x_wconf 90' lang='lat' dir='ltr'><strong>Tertio</strong></span> <span class='ocrx_word' id='word_1_194' title='bbox 2535 2467 2596 2533; x_wconf 90' lang='lat' dir='ltr'>N</span> <span class='ocrx_word' id='word_1_195' title='bbox 2597 2469 2741 2533; x_wconf 90' lang='lat' dir='ltr'><strong>onis</strong></span> <span class='ocrx_word' id='word_1_196' title='bbox 2774 2468 2957 2556; x_wconf 86' lang='lat' dir='ltr'><strong>Maij,</strong></span> <span class='ocrx_word' id='word_1_197' title='bbox 3001 2467 3121 2534; x_wconf 90' lang='lat' dir='ltr'><strong>sub</strong></span> <span class='ocrx_word' id='word_1_198' title='bbox 3165 2470 3373 2535; x_wconf 87' lang='lat' dir='ltr'><strong>nostri</strong></span> <span class='ocrx_word' id='word_1_199' title='bbox 3414 2478 3626 2534; x_wconf 88' lang='lat' dir='ltr'><strong>recto-</strong></span> 
     </span>
     <span class='ocr_line' id='line_1_20' title="bbox 777 2567 1244 2653; baseline 0 -23"><span class='ocrx_word' id='word_1_200' title='bbox 777 2573 957 2630; x_wconf 87' lang='lat' dir='ltr'><strong>ratus</strong></span> <span class='ocrx_word' id='word_1_201' title='bbox 999 2567 1244 2653; x_wconf 86' lang='lat' dir='ltr'><strong>sigillo.</strong></span> 
     </span>
    </p>
   </div>
   <div class='ocr_carea' id='block_1_4' title="bbox 703 2687 2893 2749">
    <p class='ocr_par' dir='ltr' id='par_1_4' title="bbox 703 2687 2893 2749">
     <span class='ocr_line' id='line_1_21' title="bbox 703 2687 2893 2749; baseline 0.003 -6"><span class='ocrx_word' id='word_1_202' title='bbox 703 2687 773 2743; x_wconf 79' lang='lat'><strong>20</strong></span> <span class='ocrx_word' id='word_1_203' title='bbox 1513 2688 1649 2749; x_wconf 86' lang='grc'><strong>117.</strong></span> <span class='ocrx_word' id='word_1_204' title='bbox 1714 2700 1929 2749; x_wconf 58' lang='lat' dir='ltr'><strong>amm)</strong></span> <span class='ocrx_word' id='word_1_205' title='bbox 1972 2699 2047 2747; x_wconf 79' lang='lat' dir='ltr'><strong>m</strong></span> <span class='ocrx_word' id='word_1_206' title='bbox 2089 2698 2329 2748; x_wconf 77' lang='lat' dir='ltr'><strong>EADEM</strong></span> <span class='ocrx_word' id='word_1_207' title='bbox 2366 2698 2599 2746; x_wconf 73' lang='lat' dir='ltr'><strong>mmm</strong></span> <span class='ocrx_word' id='word_1_208' title='bbox 2638 2699 2893 2749; x_wconf 67' lang='lat' dir='ltr'><strong>romu.</strong></span> 
     </span>
    </p>
   </div>
   <div class='ocr_carea' id='block_1_5' title="bbox 697 2796 3634 3581">
    <p class='ocr_par' dir='ltr' id='par_1_5' title="bbox 775 2796 3633 3185">
     <span class='ocr_line' id='line_1_22' title="bbox 845 2796 3629 2888; baseline 0.002 -28"><span class='ocrx_word' id='word_1_209' title='bbox 845 2808 850 2815; x_wconf 86' lang='lat'>&#39;</span> <span class='ocrx_word' id='word_1_210' title='bbox 942 2796 1020 2861; x_wconf 88' lang='lat' dir='ltr'><strong>N.</strong></span> <span class='ocrx_word' id='word_1_211' title='bbox 1064 2807 1277 2864; x_wconf 90' lang='lat' dir='ltr'><strong>rector</strong></span> <span class='ocrx_word' id='word_1_212' title='bbox 1335 2798 1603 2865; x_wconf 89' lang='lat' dir='ltr'><strong>mandat</strong></span> <span class='ocrx_word' id='word_1_213' title='bbox 1645 2798 1941 2866; x_wconf 91' lang='lat' dir='ltr'><strong>omnibus</strong></span> <span class='ocrx_word' id='word_1_214' title='bbox 1987 2797 2168 2885; x_wconf 90' lang='lat' dir='ltr'><strong>apud</strong></span> <span class='ocrx_word' id='word_1_215' title='bbox 2212 2820 2330 2863; x_wconf 84' lang='lat' dir='ltr'><strong>nos</strong></span> <span class='ocrx_word' id='word_1_216' title='bbox 2374 2800 2620 2883; x_wconf 87' lang='lat' dir='ltr'><strong>ingenii</strong></span> <span class='ocrx_word' id='word_1_217' title='bbox 2655 2798 2971 2864; x_wconf 84' lang='lat' dir='ltr'><strong>culturam</strong></span> <span class='ocrx_word' id='word_1_218' title='bbox 3012 2797 3403 2865; x_wconf 87' lang='lat' dir='ltr'><strong>facientibus</strong></span> <span class='ocrx_word' id='word_1_219' title='bbox 3418 2849 3438 2883; x_wconf 93' lang='lat'><strong>,</strong></span> <span class='ocrx_word' id='word_1_220' title='bbox 3501 2821 3629 2888; x_wconf 90' lang='lat' dir='ltr'><strong>quo</strong></span> 
     </span>
     <span class='ocr_line' id='line_1_23' title="bbox 775 2894 3631 2987; baseline 0.001 -28"><span class='ocrx_word' id='word_1_221' title='bbox 775 2896 964 2960; x_wconf 87' lang='lat' dir='ltr'><strong>iuxta</strong></span> <span class='ocrx_word' id='word_1_222' title='bbox 1003 2906 1368 2962; x_wconf 89' lang='lat' dir='ltr'><strong>nostrorum</strong></span> <span class='ocrx_word' id='word_1_223' title='bbox 1413 2908 1799 2964; x_wconf 86' lang='lat' dir='ltr'><strong>statutorum</strong></span> <span class='ocrx_word' id='word_1_224' title='bbox 1844 2894 1949 2985; x_wconf 82' lang='lat'><strong>[58</strong></span> <span class='ocrx_word' id='word_1_225' title='bbox 1960 2895 2013 2986; x_wconf 73' lang='lat'><strong>¹³]</strong></span> <span class='ocrx_word' id='word_1_226' title='bbox 2062 2897 2473 2985; x_wconf 87' lang='lat' dir='ltr'><strong>praescripta</strong></span> <span class='ocrx_word' id='word_1_227' title='bbox 2515 2897 2602 2962; x_wconf 87' lang='lat' dir='ltr'><strong>ad</strong></span> <span class='ocrx_word' id='word_1_228' title='bbox 2645 2898 2921 2985; x_wconf 88' lang='lat' dir='ltr'><strong>collegia</strong></span> <span class='ocrx_word' id='word_1_229' title='bbox 2964 2907 3158 2987; x_wconf 88' lang='lat' dir='ltr'><strong>atque</strong></span> <span class='ocrx_word' id='word_1_230' title='bbox 3198 2898 3363 2967; x_wconf 84' lang='lat' dir='ltr'><strong>adeo</strong></span> <span class='ocrx_word' id='word_1_231' title='bbox 3406 2897 3497 2963; x_wconf 81' lang='lat' dir='ltr'><strong>ad</strong></span> <span class='ocrx_word' id='word_1_232' title='bbox 3535 2899 3631 2963; x_wconf 84' lang='lat' dir='ltr'><strong>vi-</strong></span> 
     </span>
     <span class='ocr_line' id='line_1_24' title="bbox 775 2995 3632 3085; baseline 0.002 -26"><span class='ocrx_word' id='word_1_233' title='bbox 775 3018 922 3059; x_wconf 88' lang='lat' dir='ltr'><strong>rum</strong></span> <span class='ocrx_word' id='word_1_234' title='bbox 966 2995 1292 3081; x_wconf 89' lang='lat' dir='ltr'><strong>quendam</strong></span> <span class='ocrx_word' id='word_1_235' title='bbox 1341 2998 1678 3084; x_wconf 89' lang='lat' dir='ltr'><strong>insigniter</strong></span> <span class='ocrx_word' id='word_1_236' title='bbox 1721 2997 2046 3063; x_wconf 89' lang='lat' dir='ltr'><strong>eruditum</strong></span> <span class='ocrx_word' id='word_1_237' title='bbox 2089 3019 2159 3062; x_wconf 92' lang='lat' dir='ltr'><strong>se</strong></span> <span class='ocrx_word' id='word_1_238' title='bbox 2198 2996 2537 3062; x_wconf 88' lang='lat' dir='ltr'><strong>conferant</strong></span> <span class='ocrx_word' id='word_1_239' title='bbox 2578 3019 2786 3085; x_wconf 90' lang='lat' dir='ltr'><strong>neque</strong></span> <span class='ocrx_word' id='word_1_240' title='bbox 2828 2999 2922 3064; x_wconf 84' lang='lat' dir='ltr'><strong>ita</strong></span> <span class='ocrx_word' id='word_1_241' title='bbox 2963 2998 3310 3064; x_wconf 89' lang='lat' dir='ltr'><strong>temerario</strong></span> <span class='ocrx_word' id='word_1_242' title='bbox 3355 3020 3522 3063; x_wconf 88' lang='lat' dir='ltr'><strong>ausu</strong></span> <span class='ocrx_word' id='word_1_243' title='bbox 3563 2998 3632 3065; x_wconf 86' lang='lat' dir='ltr'><strong>in</strong></span> 
     </span>
     <span class='ocr_line' id='line_1_25' title="bbox 776 3093 3633 3185; baseline 0.001 -27"><span class='ocrx_word' id='word_1_244' title='bbox 776 3093 1153 3176; x_wconf 87' lang='lat' dir='ltr'><strong>fornicibus,</strong></span> <span class='ocrx_word' id='word_1_245' title='bbox 1195 3095 1494 3184; x_wconf 83' lang='lat' dir='ltr'><strong>spelaeis,</strong></span> <span class='ocrx_word' id='word_1_246' title='bbox 1534 3096 1757 3162; x_wconf 90' lang='lat' dir='ltr'><strong>lustris</strong></span> <span class='ocrx_word' id='word_1_247' title='bbox 1784 3107 1978 3185; x_wconf 92' lang='lat' dir='ltr'><strong>atque</strong></span> <span class='ocrx_word' id='word_1_248' title='bbox 2000 3096 2072 3161; x_wconf 89' lang='lat' dir='ltr'><strong>id</strong></span> <span class='ocrx_word' id='word_1_249' title='bbox 2111 3118 2316 3183; x_wconf 90' lang='lat' dir='ltr'><strong>genus</strong></span> <span class='ocrx_word' id='word_1_250' title='bbox 2341 3094 2663 3183; x_wconf 87' lang='lat' dir='ltr'><strong>pudendis</strong></span> <span class='ocrx_word' id='word_1_251' title='bbox 2683 3097 2843 3162; x_wconf 91' lang='lat' dir='ltr'><strong>locis</strong></span> <span class='ocrx_word' id='word_1_252' title='bbox 2868 3096 3270 3179; x_wconf 85' lang='lat' dir='ltr'><strong>delitescant,</strong></span> <span class='ocrx_word' id='word_1_253' title='bbox 3310 3119 3633 3162; x_wconf 88' lang='lat' dir='ltr'><strong>memores</strong></span> 
     </span>
    </p>

    <p class='ocr_par' dir='ltr' id='par_1_6' title="bbox 697 3194 3634 3581">
     <span class='ocr_line' id='line_1_26' title="bbox 697 3194 3634 3283; baseline 0.001 -25"><span class='ocrx_word' id='word_1_254' title='bbox 697 3203 762 3259; x_wconf 86' lang='lat'><strong>25</strong></span> <span class='ocrx_word' id='word_1_255' title='bbox 780 3195 1041 3260; x_wconf 90' lang='lat' dir='ltr'><strong>interim</strong></span> <span class='ocrx_word' id='word_1_256' title='bbox 1079 3194 1446 3261; x_wconf 88' lang='lat' dir='ltr'><strong>litterarum</strong></span> <span class='ocrx_word' id='word_1_257' title='bbox 1488 3197 1746 3262; x_wconf 87' lang='lat' dir='ltr'><strong>radices</strong></span> <span class='ocrx_word' id='word_1_258' title='bbox 1788 3219 2051 3263; x_wconf 87' lang='lat' dir='ltr'><strong>amaras</strong></span> <span class='ocrx_word' id='word_1_259' title='bbox 2096 3197 2425 3282; x_wconf 90' lang='lat' dir='ltr'><strong>integrum</strong></span> <span class='ocrx_word' id='word_1_260' title='bbox 2470 3196 2793 3261; x_wconf 90' lang='lat' dir='ltr'><strong>hominem</strong></span> <span class='ocrx_word' id='word_1_261' title='bbox 2838 3197 3138 3283; x_wconf 88' lang='lat' dir='ltr'><strong>exigere,</strong></span> <span class='ocrx_word' id='word_1_262' title='bbox 3197 3198 3483 3263; x_wconf 81' lang='lat' dir='ltr'><strong>civitatis</strong></span> <span class='ocrx_word' id='word_1_263' title='bbox 3536 3198 3634 3261; x_wconf 85' lang='lat' dir='ltr'><strong>in·</strong></span> 
     </span>
     <span class='ocr_line' id='line_1_27' title="bbox 778 3292 3633 3383; baseline 0 -24"><span class='ocrx_word' id='word_1_264' title='bbox 778 3292 1060 3360; x_wconf 90' lang='lat' dir='ltr'><strong>colatum</strong></span> <span class='ocrx_word' id='word_1_265' title='bbox 1101 3293 1412 3383; x_wconf 88' lang='lat' dir='ltr'><strong>pleraque</strong></span> <span class='ocrx_word' id='word_1_266' title='bbox 1453 3295 1788 3363; x_wconf 88' lang='lat' dir='ltr'><strong>obstacula</strong></span> <span class='ocrx_word' id='word_1_267' title='bbox 1832 3295 2076 3361; x_wconf 90' lang='lat' dir='ltr'><strong>habere</strong></span> <span class='ocrx_word' id='word_1_268' title='bbox 2120 3304 2315 3380; x_wconf 87' lang='lat' dir='ltr'><strong>atque</strong></span> <span class='ocrx_word' id='word_1_269' title='bbox 2359 3293 2445 3360; x_wconf 87' lang='lat' dir='ltr'><strong>ad</strong></span> <span class='ocrx_word' id='word_1_270' title='bbox 2489 3304 2851 3362; x_wconf 89' lang='lat' dir='ltr'><strong>extremum</strong></span> <span class='ocrx_word' id='word_1_271' title='bbox 2894 3304 3151 3362; x_wconf 89' lang='lat' dir='ltr'><strong>nostros</strong></span> <span class='ocrx_word' id='word_1_272' title='bbox 3196 3318 3420 3361; x_wconf 90' lang='lat' dir='ltr'><strong>omnes</strong></span> <span class='ocrx_word' id='word_1_273' title='bbox 3459 3297 3633 3361; x_wconf 87' lang='lat' dir='ltr'><strong>iura-</strong></span> 
     </span>
     <span class='ocr_line' id='line_1_28' title="bbox 777 3393 3634 3481; baseline -0 -21"><span class='ocrx_word' id='word_1_274' title='bbox 777 3403 993 3460; x_wconf 89' lang='lat' dir='ltr'><strong>mento</strong></span> <span class='ocrx_word' id='word_1_275' title='bbox 1050 3396 1248 3460; x_wconf 88' lang='lat' dir='ltr'><strong>etiam</strong></span> <span class='ocrx_word' id='word_1_276' title='bbox 1299 3395 1383 3459; x_wconf 88' lang='lat' dir='ltr'><strong>ad</strong></span> <span class='ocrx_word' id='word_1_277' title='bbox 1438 3395 1603 3462; x_wconf 88' lang='lat' dir='ltr'><strong>haec</strong></span> <span class='ocrx_word' id='word_1_278' title='bbox 1645 3393 1925 3481; x_wconf 86' lang='lat' dir='ltr'><strong>obligari</strong></span> <span class='ocrx_word' id='word_1_279' title='bbox 1964 3394 2139 3460; x_wconf 87' lang='lat' dir='ltr'><strong>ultra</strong></span> <span class='ocrx_word' id='word_1_280' title='bbox 2179 3415 2391 3459; x_wconf 83' lang='lat' dir='ltr'><strong>novae</strong></span> <span class='ocrx_word' id='word_1_281' title='bbox 2433 3416 2802 3480; x_wconf 85' lang='lat' dir='ltr'><strong>sexagenae</strong></span> <span class='ocrx_word' id='word_1_282' title='bbox 2844 3394 3155 3461; x_wconf 86' lang='lat' dir='ltr'><strong>mulctam</strong></span> <span class='ocrx_word' id='word_1_283' title='bbox 3172 3444 3193 3480; x_wconf 88' lang='lat'><strong>,</strong></span> <span class='ocrx_word' id='word_1_284' title='bbox 3246 3395 3331 3461; x_wconf 90' lang='lat' dir='ltr'><strong>ab</strong></span> <span class='ocrx_word' id='word_1_285' title='bbox 3377 3403 3634 3461; x_wconf 84' lang='lat' dir='ltr'><strong>contra-</strong></span> 
     </span>
     <span class='ocr_line' id='line_1_29' title="bbox 775 3493 3233 3581; baseline 0.001 -23"><span class='ocrx_word' id='word_1_286' title='bbox 775 3493 1164 3560; x_wconf 87' lang='lat' dir='ltr'><strong>facientibus</strong></span> <span class='ocrx_word' id='word_1_287' title='bbox 1208 3495 1375 3560; x_wconf 89' lang='lat' dir='ltr'><strong>citra</strong></span> <span class='ocrx_word' id='word_1_288' title='bbox 1418 3518 1670 3561; x_wconf 90' lang='lat' dir='ltr'><strong>omnem</strong></span> <span class='ocrx_word' id='word_1_289' title='bbox 1715 3493 2255 3562; x_wconf 89' lang='lat' dir='ltr'><strong>condonationem</strong></span> <span class='ocrx_word' id='word_1_290' title='bbox 2296 3493 2831 3581; x_wconf 86' lang='lat' dir='ltr'><strong>extorquendam.</strong></span> <span class='ocrx_word' id='word_1_291' title='bbox 2916 3493 3071 3559; x_wconf 91' lang='lat' dir='ltr'><strong>Dat.</strong></span> <span class='ocrx_word' id='word_1_292' title='bbox 3112 3503 3233 3560; x_wconf 86' lang='lat' dir='ltr'><strong>etc.</strong></span> 
     </span>
    </p>
   </div>
   <div class='ocr_carea' id='block_1_6' title="bbox 691 3779 3638 4651">
    <p class='ocr_par' dir='ltr' id='par_1_7' title="bbox 691 3779 3638 4651">
     <span class='ocr_line' id='line_1_30' title="bbox 942 3779 3638 3855; baseline 0.002 -18"><span class='ocrx_word' id='word_1_293' title='bbox 942 3779 1257 3840; x_wconf 67' lang='lat' dir='ltr'><strong>Hier-nach</strong></span> <span class='ocrx_word' id='word_1_294' title='bbox 1297 3780 1439 3839; x_wconf 74' lang='lat' dir='ltr'><strong>sind</strong></span> <span class='ocrx_word' id='word_1_295' title='bbox 1481 3782 1519 3844; x_wconf 86' lang='lat'><strong>3</strong></span> <span class='ocrx_word' id='word_1_296' title='bbox 1562 3782 1805 3840; x_wconf 67' lang='lat' dir='ltr'><strong>Blemm-</strong></span> <span class='ocrx_word' id='word_1_297' title='bbox 1852 3780 2334 3855; x_wconf 68' lang='lat' dir='ltr'><strong>ausyescknitten</strong></span> <span class='ocrx_word' id='word_1_298' title='bbox 2352 3824 2366 3852; x_wconf 91' lang='lat'><strong>,</strong></span> <span class='ocrx_word' id='word_1_299' title='bbox 2410 3783 2661 3854; x_wconf 82' lang='lat' dir='ltr'><strong>woraus</strong></span> <span class='ocrx_word' id='word_1_300' title='bbox 2693 3798 2793 3838; x_wconf 84' lang='lat' dir='ltr'><strong>am</strong></span> <span class='ocrx_word' id='word_1_301' title='bbox 2833 3786 3055 3838; x_wconf 75' lang='lat' dir='ltr'><strong>untern</strong></span> <span class='ocrx_word' id='word_1_302' title='bbox 3095 3781 3315 3840; x_wconf 68' lang='lat' dir='ltr'><strong>Raude</strong></span> <span class='ocrx_word' id='word_1_303' title='bbox 3354 3799 3473 3838; x_wconf 79' lang='lat' dir='ltr'><strong>von</strong></span> <span class='ocrx_word' id='word_1_304' title='bbox 3516 3780 3638 3843; x_wconf 69' lang='lat'><strong>58¹³</strong></span> 
     </span>
     <span class='ocr_line' id='line_1_31' title="bbox 691 3873 3637 3963; baseline 0 -24"><span class='ocrx_word' id='word_1_305' title='bbox 691 3883 761 3939; x_wconf 84' lang='lat'><strong>30</strong></span> <span class='ocrx_word' id='word_1_306' title='bbox 778 3878 882 3937; x_wconf 76' lang='lat' dir='ltr'><strong>mit</strong></span> <span class='ocrx_word' id='word_1_307' title='bbox 924 3880 1039 3937; x_wconf 75' lang='lat' dir='ltr'><strong>den</strong></span> <span class='ocrx_word' id='word_1_308' title='bbox 1096 3879 1336 3938; x_wconf 79' lang='lat' dir='ltr'><strong>Worten</strong></span> <span class='ocrx_word' id='word_1_309' title='bbox 1373 3879 1778 3954; x_wconf 76' lang='lat' dir='ltr'><strong>aufinerksam</strong></span> <span class='ocrx_word' id='word_1_310' title='bbox 1816 3881 2088 3955; x_wconf 68' lang='lat' dir='ltr'><strong>yemaclct</strong></span> <span class='ocrx_word' id='word_1_311' title='bbox 2130 3879 2320 3937; x_wconf 73' lang='lat' dir='ltr'><strong>wira.-</strong></span> <span class='ocrx_word' id='word_1_312' title='bbox 2387 3873 2818 3963; x_wconf 87' lang='lat' dir='ltr'><strong>Sequentibus</strong></span> <span class='ocrx_word' id='word_1_313' title='bbox 2880 3874 3053 3940; x_wconf 86' lang='lat' dir='ltr'><strong>foliis</strong></span> <span class='ocrx_word' id='word_1_314' title='bbox 3118 3874 3440 3963; x_wconf 87' lang='lat' dir='ltr'><strong>quaedam</strong></span> <span class='ocrx_word' id='word_1_315' title='bbox 3499 3875 3637 3940; x_wconf 84' lang='lat' dir='ltr'><strong>fue-</strong></span> 
     </span>
     <span class='ocr_line' id='line_1_32' title="bbox 772 3972 3634 4060; baseline 0.001 -22"><span class='ocrx_word' id='word_1_316' title='bbox 772 3982 924 4038; x_wconf 90' lang='lat' dir='ltr'><strong>runt</strong></span> <span class='ocrx_word' id='word_1_317' title='bbox 974 3981 1235 4055; x_wconf 88' lang='lat' dir='ltr'><strong>notata,</strong></span> <span class='ocrx_word' id='word_1_318' title='bbox 1287 3995 1454 4059; x_wconf 89' lang='lat' dir='ltr'><strong>quae</strong></span> <span class='ocrx_word' id='word_1_319' title='bbox 1501 3974 1664 4039; x_wconf 88' lang='lat' dir='ltr'><strong>nihil</strong></span> <span class='ocrx_word' id='word_1_320' title='bbox 1719 3973 1807 4040; x_wconf 91' lang='lat' dir='ltr'><strong>ad</strong></span> <span class='ocrx_word' id='word_1_321' title='bbox 1858 3976 2360 4040; x_wconf 86' lang='lat' dir='ltr'><strong>universitatem</strong></span> <span class='ocrx_word' id='word_1_322' title='bbox 2420 3973 2868 4060; x_wconf 89' lang='lat' dir='ltr'><strong>pertinebant,</strong></span> <span class='ocrx_word' id='word_1_323' title='bbox 2928 3973 3013 4040; x_wconf 90' lang='lat' dir='ltr'><strong>ob</strong></span> <span class='ocrx_word' id='word_1_324' title='bbox 3063 3972 3134 4040; x_wconf 90' lang='lat' dir='ltr'><strong>id</strong></span> <span class='ocrx_word' id='word_1_325' title='bbox 3190 3972 3406 4038; x_wconf 86' lang='lat' dir='ltr'><strong>deleta</strong></span> <span class='ocrx_word' id='word_1_326' title='bbox 3466 3983 3634 4040; x_wconf 90' lang='lat' dir='ltr'><strong>sunt.</strong></span> 
     </span>
     <span class='ocr_line' id='line_1_33' title="bbox 773 4072 3636 4159; baseline 0.002 -26"><span class='ocrx_word' id='word_1_327' title='bbox 773 4077 964 4134; x_wconf 74' lang='lat' dir='ltr'><strong>Danu</strong></span> <span class='ocrx_word' id='word_1_328' title='bbox 991 4080 1157 4153; x_wconf 68' lang='lat' dir='ltr'><strong>solyt</strong></span> <span class='ocrx_word' id='word_1_329' title='bbox 1196 4078 1295 4135; x_wconf 81' lang='grc' dir='ltr'><strong>ΒΖ.</strong></span> <span class='ocrx_word' id='word_1_330' title='bbox 1334 4079 1414 4141; x_wconf 85' lang='grc'><strong>59</strong></span> <span class='ocrx_word' id='word_1_331' title='bbox 1433 4079 1597 4141; x_wconf 83' lang='grc'><strong>-61</strong></span> <span class='ocrx_word' id='word_1_332' title='bbox 1646 4078 1740 4137; x_wconf 74' lang='lat' dir='ltr'><strong>die</strong></span> <span class='ocrx_word' id='word_1_333' title='bbox 1782 4078 2231 4155; x_wconf 72' lang='lat' dir='ltr'><strong>Beschret&#39;buny</strong></span> <span class='ocrx_word' id='word_1_334' title='bbox 2283 4077 2442 4137; x_wconf 72' lang='lat' dir='ltr'><strong>eines</strong></span> <span class='ocrx_word' id='word_1_335' title='bbox 2484 4072 2837 4159; x_wconf 83' lang='lat' dir='ltr'><strong>prandium</strong></span> <span class='ocrx_word' id='word_1_336' title='bbox 2878 4072 3037 4156; x_wconf 86' lang='lat' dir='ltr'><strong>looi,</strong></span> <span class='ocrx_word' id='word_1_337' title='bbox 3089 4079 3303 4136; x_wconf 74' lang='lat' dir='ltr'><strong>welche</strong></span> <span class='ocrx_word' id='word_1_338' title='bbox 3362 4078 3490 4150; x_wconf 70' lang='lat' dir='ltr'><strong>ich,</strong></span> <span class='ocrx_word' id='word_1_339' title='bbox 3540 4078 3636 4138; x_wconf 79' lang='lat' dir='ltr'><strong>ob-</strong></span> 
     </span>
     <span class='ocr_line' id='line_1_34' title="bbox 776 4175 3631 4254; baseline 0.001 -21"><span class='ocrx_word' id='word_1_340' title='bbox 776 4176 928 4234; x_wconf 75' lang='lat' dir='ltr'><strong>wohl</strong></span> <span class='ocrx_word' id='word_1_341' title='bbox 978 4175 1063 4234; x_wconf 76' lang='lat' dir='ltr'><strong>sie</strong></span> <span class='ocrx_word' id='word_1_342' title='bbox 1115 4177 1178 4234; x_wconf 80' lang='lat' dir='ltr'><strong>in</strong></span> <span class='ocrx_word' id='word_1_343' title='bbox 1228 4178 1343 4235; x_wconf 77' lang='lat' dir='ltr'><strong>den</strong></span> <span class='ocrx_word' id='word_1_344' title='bbox 1386 4177 1636 4254; x_wconf 73' lang='lat' dir='ltr'><strong>Anfanq</strong></span> <span class='ocrx_word' id='word_1_345' title='bbox 1677 4179 1779 4236; x_wconf 75' lang='lat' dir='ltr'><strong>des</strong></span> <span class='ocrx_word' id='word_1_346' title='bbox 1830 4180 1919 4240; x_wconf 86' lang='lat'><strong>17.</strong></span> <span class='ocrx_word' id='word_1_347' title='bbox 1963 4178 2065 4236; x_wconf 63' lang='grc' dir='ltr'><strong>«Νι.</strong></span> <span class='ocrx_word' id='word_1_348' title='bbox 2089 4178 2277 4252; x_wconf 75' lang='lat' dir='ltr'><strong>fc&#39;t&#39;llt,</strong></span> <span class='ocrx_word' id='word_1_349' title='bbox 2333 4176 2498 4235; x_wconf 73' lang='lat' dir='ltr'><strong>nicht</strong></span> <span class='ocrx_word' id='word_1_350' title='bbox 2539 4178 2857 4254; x_wconf 60' lang='lat' dir='ltr'><strong>fiberqehe,</strong></span> <span class='ocrx_word' id='word_1_351' title='bbox 2911 4179 2994 4235; x_wconf 82' lang='lat' dir='ltr'><strong>da</strong></span> <span class='ocrx_word' id='word_1_352' title='bbox 3043 4176 3130 4235; x_wconf 74' lang='lat' dir='ltr'><strong>sie</strong></span> <span class='ocrx_word' id='word_1_353' title='bbox 3183 4176 3310 4236; x_wconf 69' lang='lat' dir='ltr'><strong>siclt</strong></span> <span class='ocrx_word' id='word_1_354' title='bbox 3350 4181 3477 4252; x_wconf 81' lang='lat' dir='ltr'><strong>auf</strong></span> <span class='ocrx_word' id='word_1_355' title='bbox 3509 4179 3631 4235; x_wconf 74' lang='lat' dir='ltr'><strong>alte</strong></span> 
     </span>
     <span class='ocr_line' id='line_1_35' title="bbox 773 4275 3633 4353; baseline 0.001 -21"><span class='ocrx_word' id='word_1_356' title='bbox 773 4275 1205 4350; x_wconf 51' lang='lat' dir='ltr'><strong>,Vorecltrtflen</strong></span> <span class='ocrx_word' id='word_1_357' title='bbox 1248 4276 1464 4351; x_wconf 71' lang='lat' dir='ltr'><strong>homst,</strong></span> <span class='ocrx_word' id='word_1_358' title='bbox 1509 4276 1618 4348; x_wconf 81' lang='lat' dir='ltr'><strong>die,</strong></span> <span class='ocrx_word' id='word_1_359' title='bbox 1661 4277 1770 4336; x_wconf 76' lang='lat' dir='ltr'><strong>wie</strong></span> <span class='ocrx_word' id='word_1_360' title='bbox 1804 4277 1897 4336; x_wconf 80' lang='lat' dir='ltr'><strong>die</strong></span> <span class='ocrx_word' id='word_1_361' title='bbox 1935 4296 2068 4335; x_wconf 78' lang='lat' dir='ltr'><strong>zum</strong></span> <span class='ocrx_word' id='word_1_362' title='bbox 2089 4277 2333 4336; x_wconf 69' lang='lat' dir='ltr'><strong>Sekla-3⁸</strong></span> <span class='ocrx_word' id='word_1_363' title='bbox 2366 4278 2766 4353; x_wconf 72' lang='lat' dir='ltr'><strong>anqqfn&#39;lhrten</strong></span> <span class='ocrx_word' id='word_1_364' title='bbox 2792 4278 3032 4335; x_wconf 73' lang='lat' dir='ltr'><strong>Numen</strong></span> <span class='ocrx_word' id='word_1_365' title='bbox 3069 4275 3367 4348; x_wconf 70' lang='lat' dir='ltr'><strong>beweism,</strong></span> <span class='ocrx_word' id='word_1_366' title='bbox 3411 4276 3478 4334; x_wconf 70' lang='lat' dir='ltr'><strong>in</strong></span> <span class='ocrx_word' id='word_1_367' title='bbox 3517 4279 3633 4335; x_wconf 69' lang='lat' dir='ltr'><strong>dea</strong></span> 
     </span>
     <span class='ocr_line' id='line_1_36' title="bbox 696 4374 3633 4454; baseline 0 -20"><span class='ocrx_word' id='word_1_368' title='bbox 696 4378 763 4434; x_wconf 84' lang='lat'><strong>35</strong></span> <span class='ocrx_word' id='word_1_369' title='bbox 782 4375 1036 4451; x_wconf 73' lang='lat' dir='ltr'><strong>Anfanq</strong></span> <span class='ocrx_word' id='word_1_370' title='bbox 1063 4376 1165 4433; x_wconf 76' lang='lat' dir='ltr'><strong>des</strong></span> <span class='ocrx_word' id='word_1_371' title='bbox 1206 4378 1298 4438; x_wconf 89' lang='lat'><strong>16.</strong></span> <span class='ocrx_word' id='word_1_372' title='bbox 1342 4377 1442 4434; x_wconf 78' lang='lat' dir='ltr'><strong>Jk.</strong></span> <span class='ocrx_word' id='word_1_373' title='bbox 1483 4376 1903 4453; x_wconf 69' lang='lat' dir='ltr'><strong>zurackqehen.</strong></span> <span class='ocrx_word' id='word_1_374' title='bbox 1964 4377 2105 4436; x_wconf 72' lang='lat' dir='ltr'><strong>Was</strong></span> <span class='ocrx_word' id='word_1_375' title='bbox 2146 4384 2328 4434; x_wconf 75' lang='lat' dir='ltr'><strong>unten</strong></span> <span class='ocrx_word' id='word_1_376' title='bbox 2360 4377 2497 4453; x_wconf 78' lang='lat'><strong>139,</strong></span> <span class='ocrx_word' id='word_1_377' title='bbox 2540 4376 2619 4440; x_wconf 85' lang='lat'><strong>33</strong></span> <span class='ocrx_word' id='word_1_378' title='bbox 2655 4375 2740 4434; x_wconf 69' lang='lat' dir='ltr'><strong>bis</strong></span> <span class='ocrx_word' id='word_1_379' title='bbox 2777 4376 2912 4454; x_wconf 82' lang='lat'><strong>140,</strong></span> <span class='ocrx_word' id='word_1_380' title='bbox 2942 4374 2980 4435; x_wconf 89' lang='grc'>9</span> <span class='ocrx_word' id='word_1_381' title='bbox 3005 4376 3190 4452; x_wconf 74' lang='lat' dir='ltr'><strong>solqt,</strong></span> <span class='ocrx_word' id='word_1_382' title='bbox 3231 4376 3395 4434; x_wconf 69' lang='lat' dir='ltr'><strong>katte</strong></span> <span class='ocrx_word' id='word_1_383' title='bbox 3418 4375 3633 4435; x_wconf 62' lang='lat' dir='ltr'><strong>ber-eit:</strong></span> 
     </span>
     <span class='ocr_line' id='line_1_37' title="bbox 786 4472 3638 4552; baseline 0.001 -21"><span class='ocrx_word' id='word_1_384' title='bbox 786 4472 1028 4549; x_wconf 60' lang='lat' dir='ltr'><strong>Caspai·</strong></span> <span class='ocrx_word' id='word_1_385' title='bbox 1066 4475 1399 4533; x_wconf 73' lang='lat' dir='ltr'><strong>Landsidel</strong></span> <span class='ocrx_word' id='word_1_386' title='bbox 1437 4474 1691 4550; x_wconf 77' lang='lat' dir='ltr'>(1551b)</span> <span class='ocrx_word' id='word_1_387' title='bbox 1732 4495 1842 4534; x_wconf 84' lang='lat' dir='ltr'><strong>vor</strong></span> <span class='ocrx_word' id='word_1_388' title='bbox 1880 4476 2006 4535; x_wconf 71' lang='lat' dir='ltr'><strong>sich</strong></span> <span class='ocrx_word' id='word_1_389' title='bbox 2049 4477 2178 4535; x_wconf 81' lang='lat' dir='ltr'><strong>und</strong></span> <span class='ocrx_word' id='word_1_390' title='bbox 2216 4475 2445 4534; x_wconf 64' lang='lat' dir='ltr'><strong>ccliv-iel&gt;</strong></span> <span class='ocrx_word' id='word_1_391' title='bbox 2488 4494 2566 4546; x_wconf 73' lang='lat' dir='ltr'><strong>es,</strong></span> <span class='ocrx_word' id='word_1_392' title='bbox 2622 4476 2734 4533; x_wconf 71' lang='lat' dir='ltr'><strong>das</strong></span> <span class='ocrx_word' id='word_1_393' title='bbox 2776 4473 2992 4533; x_wconf 67' lang='lat' dir='ltr'><strong>Mei-ste</strong></span> <span class='ocrx_word' id='word_1_394' title='bbox 3042 4473 3331 4547; x_wconf 72' lang='lat' dir='ltr'><strong>wb&#39;rtliclt,</strong></span> <span class='ocrx_word' id='word_1_395' title='bbox 3388 4473 3638 4552; x_wconf 71' lang='lat' dir='ltr'><strong>Eim‘yes</strong></span> 
     </span>
     <span class='ocr_line' id='line_1_38' title="bbox 779 4567 3299 4651; baseline 0.002 -20"><span class='ocrx_word' id='word_1_396' title='bbox 779 4573 1225 4651; x_wconf 73' lang='lat' dir='ltr'><strong>auszuqsweise,</strong></span> <span class='ocrx_word' id='word_1_397' title='bbox 1265 4577 1389 4648; x_wconf 82' lang='lat' dir='ltr'><strong>aus</strong></span> <span class='ocrx_word' id='word_1_398' title='bbox 1419 4575 1535 4632; x_wconf 75' lang='lat' dir='ltr'><strong>den</strong></span> <span class='ocrx_word' id='word_1_399' title='bbox 1577 4575 1797 4633; x_wconf 61' lang='grc' dir='ltr'><strong>ἐπῆεν-π</strong></span> <span class='ocrx_word' id='word_1_400' title='bbox 1833 4575 2058 4635; x_wconf 83' lang='lat' dir='ltr'><strong>Deckel</strong></span> <span class='ocrx_word' id='word_1_401' title='bbox 2098 4577 2200 4634; x_wconf 75' lang='lat' dir='ltr'><strong>des</strong></span> <span class='ocrx_word' id='word_1_402' title='bbox 2244 4569 2449 4636; x_wconf 88' lang='lat' dir='ltr'><strong>Liber</strong></span> <span class='ocrx_word' id='word_1_403' title='bbox 2476 4569 2532 4633; x_wconf 94' lang='lat' dir='ltr'>L</span> <span class='ocrx_word' id='word_1_404' title='bbox 2576 4576 2686 4632; x_wconf 77' lang='lat' dir='ltr'><strong>der</strong></span> <span class='ocrx_word' id='word_1_405' title='bbox 2723 4567 2896 4634; x_wconf 83' lang='lat' dir='ltr'><strong>Acta</strong></span> <span class='ocrx_word' id='word_1_406' title='bbox 2931 4569 3299 4638; x_wconf 79' lang='lat' dir='ltr'><strong>Rectorum.</strong></span> 
     </span>
    </p>
   </div>
   <div class='ocr_carea' id='block_1_7' title="bbox 1641 4717 2757 4807">
    <p class='ocr_par' dir='ltr' id='par_1_8' title="bbox 1641 4717 2757 4807">
     <span class='ocr_line' id='line_1_39' title="bbox 1641 4717 2757 4807; baseline 0.001 -23"><span class='ocrx_word' id='word_1_407' title='bbox 1641 4723 1773 4786; x_wconf 86' lang='lat'>118.</span> <span class='ocrx_word' id='word_1_408' title='bbox 1819 4717 1937 4807; x_wconf 91' lang='grc' dir='ltr'><strong>[ΒΙ.</strong></span> <span class='ocrx_word' id='word_1_409' title='bbox 1979 4717 2123 4807; x_wconf 82' lang='lat'>59⁸]</span> <span class='ocrx_word' id='word_1_410' title='bbox 2164 4736 2526 4785; x_wconf 76' lang='lat' dir='ltr'>PRANDIUM</span> <span class='ocrx_word' id='word_1_411' title='bbox 2571 4736 2757 4785; x_wconf 72' lang='lat' dir='ltr'><strong>nom.</strong></span> 
     </span>
    </p>
   </div>
   <div class='ocr_carea' id='block_1_8' title="bbox 695 4814 3635 5319">
    <p class='ocr_par' dir='ltr' id='par_1_9' title="bbox 695 4814 3635 5319">
     <span class='ocr_line' id='line_1_40' title="bbox 939 4814 3628 4923; baseline 0.002 -26"><span class='ocrx_word' id='word_1_412' title='bbox 939 4832 1131 4899; x_wconf 91' lang='lat' dir='ltr'><strong>Anno</strong></span> <span class='ocrx_word' id='word_1_413' title='bbox 1177 4833 1421 4901; x_wconf 84' lang='lat' dir='ltr'><strong>Christi</strong></span> <span class='ocrx_word' id='word_1_414' title='bbox 1445 4814 1791 4901; x_wconf 81' lang='lat' dir='ltr'>&#39;MDOVII</span> <span class='ocrx_word' id='word_1_415' title='bbox 1843 4834 2218 4901; x_wconf 86' lang='lat' dir='ltr'><strong>academiae</strong></span> <span class='ocrx_word' id='word_1_416' title='bbox 2261 4836 2604 4923; x_wconf 89' lang='lat' dir='ltr'><strong>Lipsensis</strong></span> <span class='ocrx_word' id='word_1_417' title='bbox 2661 4845 2916 4902; x_wconf 85' lang='lat' dir='ltr'><strong>rectore</strong></span> <span class='ocrx_word' id='word_1_418' title='bbox 2961 4835 3230 4902; x_wconf 88' lang='lat' dir='ltr'><strong>Andrea</strong></span> <span class='ocrx_word' id='word_1_419' title='bbox 3280 4837 3628 4903; x_wconf 89' lang='lat' dir='ltr'><strong>Emmenio</strong></span> 
     </span>
     <span class='ocr_line' id='line_1_41' title="bbox 695 4927 3631 5020; baseline 0.001 -22"><span class='ocrx_word' id='word_1_420' title='bbox 695 4927 1038 4998; x_wconf 79' lang='lat' dir='ltr'><strong>40Budiss.</strong></span> <span class='ocrx_word' id='word_1_421' title='bbox 1081 4933 1250 4999; x_wconf 91' lang='lat' dir='ltr'><strong>med.</strong></span> <span class='ocrx_word' id='word_1_422' title='bbox 1290 4934 1376 4999; x_wconf 92' lang='lat' dir='ltr'><strong>D.</strong></span> <span class='ocrx_word' id='word_1_423' title='bbox 1409 4933 1515 5000; x_wconf 89' lang='lat' dir='ltr'><strong>die</strong></span> <span class='ocrx_word' id='word_1_424' title='bbox 1557 4934 1777 5000; x_wconf 89' lang='lat' dir='ltr'>XXII.</span> <span class='ocrx_word' id='word_1_425' title='bbox 1817 4933 2037 5018; x_wconf 66' lang='lat' dir='ltr'><strong>Febr„</strong></span> <span class='ocrx_word' id='word_1_426' title='bbox 2081 4935 2247 5020; x_wconf 79' lang='lat' dir='ltr'><strong>quae</strong></span> <span class='ocrx_word' id='word_1_427' title='bbox 2289 4944 2435 4999; x_wconf 91' lang='lat' dir='ltr'><strong>erat</strong></span> <span class='ocrx_word' id='word_1_428' title='bbox 2476 4934 2803 5001; x_wconf 89' lang='lat' dir='ltr'><strong>dominica</strong></span> <span class='ocrx_word' id='word_1_429' title='bbox 2845 4936 3208 5019; x_wconf 82' lang='lat' dir='ltr'><strong>Invocavit,</strong></span> <span class='ocrx_word' id='word_1_430' title='bbox 3248 4936 3522 5002; x_wconf 83' lang='lat' dir='ltr'><strong>illustris</strong></span> <span class='ocrx_word' id='word_1_431' title='bbox 3567 4947 3631 5002; x_wconf 87' lang='lat' dir='ltr'><strong>et</strong></span> 
     </span>
     <span class='ocr_line' id='line_1_42' title="bbox 774 5033 3635 5122; baseline 0.002 -27"><span class='ocrx_word' id='word_1_432' title='bbox 774 5052 1128 5118; x_wconf 87' lang='lat' dir='ltr'><strong>generosus</strong></span> <span class='ocrx_word' id='word_1_433' title='bbox 1181 5035 1488 5120; x_wconf 91' lang='lat' dir='ltr'><strong>princeps</strong></span> <span class='ocrx_word' id='word_1_434' title='bbox 1545 5056 1625 5099; x_wconf 90' lang='lat' dir='ltr'><strong>ac</strong></span> <span class='ocrx_word' id='word_1_435' title='bbox 1681 5033 2001 5116; x_wconf 90' lang='lat' dir='ltr'><strong>dominus,</strong></span> <span class='ocrx_word' id='word_1_436' title='bbox 2056 5033 2164 5098; x_wconf 88' lang='lat' dir='ltr'><strong>dn.</strong></span> <span class='ocrx_word' id='word_1_437' title='bbox 2210 5033 2586 5100; x_wconf 88' lang='lat' dir='ltr'><strong>Theodatus</strong></span> <span class='ocrx_word' id='word_1_438' title='bbox 2643 5033 3132 5118; x_wconf 80' lang='lat' dir='ltr'><strong>Solomireczki,</strong></span> <span class='ocrx_word' id='word_1_439' title='bbox 3192 5036 3635 5122; x_wconf 88' lang='lat' dir='ltr'><strong>prandium</strong></span> 
     </span>
     <span class='ocr_line' id='line_1_43' title="bbox 778 5129 3635 5223; baseline 0.002 -28"><span class='ocrx_word' id='word_1_440' title='bbox 778 5129 954 5218; x_wconf 89' lang='lat' dir='ltr'><strong>quod</strong></span> <span class='ocrx_word' id='word_1_441' title='bbox 994 5130 1153 5198; x_wconf 88' lang='lat' dir='ltr'><strong>loci</strong></span> <span class='ocrx_word' id='word_1_442' title='bbox 1195 5153 1509 5199; x_wconf 83' lang='lat' dir='ltr'><strong>vocamus</strong></span> <span class='ocrx_word' id='word_1_443' title='bbox 1550 5134 1877 5200; x_wconf 88' lang='lat' dir='ltr'><strong>instruxit.</strong></span> <span class='ocrx_word' id='word_1_444' title='bbox 1959 5130 2071 5199; x_wconf 87' lang='lat' dir='ltr'><strong>Ad</strong></span> <span class='ocrx_word' id='word_1_445' title='bbox 2126 5132 2301 5220; x_wconf 91' lang='lat' dir='ltr'><strong>quod</strong></span> <span class='ocrx_word' id='word_1_446' title='bbox 2356 5135 2616 5200; x_wconf 82' lang='lat' dir='ltr'><strong>invitati</strong></span> <span class='ocrx_word' id='word_1_447' title='bbox 2659 5134 2921 5201; x_wconf 85' lang='lat' dir='ltr'><strong>fuerunt</strong></span> <span class='ocrx_word' id='word_1_448' title='bbox 2970 5135 3162 5202; x_wconf 85' lang='lat' dir='ltr'><strong>iuxta</strong></span> <span class='ocrx_word' id='word_1_449' title='bbox 3209 5157 3459 5223; x_wconf 86' lang='lat' dir='ltr'><strong>praes</strong></span> <span class='ocrx_word' id='word_1_450' title='bbox 3478 5136 3635 5201; x_wconf 89' lang='lat' dir='ltr'><strong>cri-</strong></span> 
     </span>
     <span class='ocr_line' id='line_1_44' title="bbox 776 5228 1712 5319; baseline 0.005 -25"><span class='ocrx_word' id='word_1_451' title='bbox 776 5239 996 5318; x_wconf 89' lang='lat' dir='ltr'><strong>ptum</strong></span> <span class='ocrx_word' id='word_1_452' title='bbox 1039 5232 1495 5319; x_wconf 84' lang='lat' dir='ltr'><strong>antiquum:</strong></span> <span class='ocrx_word' id='word_1_453' title='bbox 1540 5228 1712 5319; x_wconf 76' lang='lat'>[59¹²]</span> 
     </span>
    </p>
   </div>
   <div class='ocr_carea' id='block_1_9' title="bbox 3985 1196 4025 6322">
    <p class='ocr_par' dir='ltr' id='par_1_10' title="bbox 3985 1196 4025 6322">
     <span class='ocr_line' id='line_1_45' title="bbox 3985 1196 4025 6322; baseline 0 0"><span class='ocrx_word' id='word_1_454' title='bbox 3985 1196 4025 6322; x_wconf 95' lang='lat' dir='ltr'><strong> </strong></span> 
     </span>
    </p>
   </div>
  </div>
 </body>
</html>
