4038 6358
1117 677 1309 728 Zweite
1347 676 1880 741 statutenredaction,
1917 693 2026 728 von
2075 675 2422 729 1436—1465.
3071 681 3192 744 337

340 860 718 927 rationabili
758 881 956 924 causa
991 858 1188 924 fuerit
1224 858 1663 946 praepeditus,
1705 857 1785 923 de
1828 880 1958 944 qua
2001 861 2227 942 eciam,
2265 860 2321 923 si
2363 881 2526 946 opus
2568 860 2779 942 fuerit,
2822 859 3192 926 facultatem

343 961 597 1026 arcium
641 983 760 1047 per
800 969 998 1024 testes
1041 970 1105 1023 et
1147 957 1312 1023 alias
1355 958 1667 1044 legittime
1705 958 2097 1040 informabit,
2143 957 2416 1044 singulis
2447 957 3002 1046 disputacionibus
3027 960 3195 1025 ordi-

340 1061 571 1143 nariis,
632 1067 779 1146 post
820 1056 1323 1145 complecionem
1364 1080 1519 1122 vero
1561 1056 1808 1122 biennii
1852 1059 1974 1140 sui,
2029 1058 2155 1121 nisi
2200 1056 2519 1121 decimum
2565 1080 2804 1122 annum
2849 1060 2951 1123 sui
2992 1061 3195 1146 magi-

343 1161 529 1226 sterii
582 1160 653 1223 in
707 1156 919 1223 studio
963 1157 1282 1223 manendo
1325 1155 1772 1244 compleverit,
1832 1155 2167 1220 alternatis
2209 1151 2464 1221 vicibus
2515 1158 2770 1222 intersit
2823 1169 2887 1224 et
2943 1169 3196 1246 arguat,

344 1261 405 1323 si
445 1258 676 1324 saltem
717 1256 927 1322 locum
972 1256 1289 1343 arguendi
1331 1256 1574 1322 habere
1616 1256 1881 1343 poterit,
1938 1256 2059 1320 sub
2103 1278 2315 1343 poena
2368 1263 2394 1321 1
2447 1259 2659 1342 grossi
2702 1259 2875 1341 novi,
2929 1259 3192 1341 tociens,
3248 1268 3281 1322 5

343 1359 656 1446 quociens
700 1358 837 1421 sine
895 1378 1094 1421 causa
1148 1355 1525 1422 rationabili
1579 1354 1958 1442 neglexerit,
2013 1355 2308 1420 facultati
2364 1358 2609 1420 arcium
2665 1356 3200 1424 irremissibiliter

340 1454 780 1545 persolvendi.
865 1454 936 1521 Si
978 1478 1134 1521 vero
1178 1467 1460 1543 quatuor
1503 1456 1852 1521 inmediate
1891 1477 1962 1520 se
2004 1465 2343 1542 sequentes
2390 1457 2525 1520 sine
2570 1479 2770 1521 causa
2811 1458 3201 1539 rationabili,

345 1567 421 1622 ut
467 1556 904 1644 praemissum
947 1566 1073 1638 est,
1126 1554 1516 1642 neglexerit,
1573 1551 1880 1621 inhabilis
1940 1554 2023 1618 sit
2077 1553 2250 1618 ultra
2305 1575 2581 1640 poenam
2636 1557 3066 1642 praemissam
3121 1555 3207 1621 ad

344 1652 861 1744 promovendum
906 1652 1184 1740 aliquem
1225 1656 1295 1718 in
1334 1654 1560 1720 eadem
1602 1653 1910 1719 facultate
1953 1651 2040 1718 ad
2081 1676 2282 1717 unum
2327 1651 2664 1719 dimidium
2713 1678 2984 1739 annum3
3044 1665 3107 1721 et
3150 1657 3206 1720 si

345 1756 614 1821 omnino
673 1752 836 1818 tales
882 1752 1364 1840 disputaciones
1418 1755 1688 1819 visitare
1730 1752 1836 1819 vel
1891 1775 2169 1841 poenam
2223 1752 2473 1819 solvere
2524 1776 2654 1819 non
2710 1757 3064 1837 curaverit,
3122 1754 3205 1818 ab
3232 1764 3292 1819 10

345 1854 607 1921 actibus
653 1850 1033 1935 scolasticis,
1092 1852 1298 1919 donec
1349 1852 1642 1918 facultati
1698 1854 1949 1918 arcium
1992 1851 2075 1916 de
2116 1875 2237 1917 sua
2279 1852 2674 1939 negligentia
2717 1856 3105 1920 satisfecerit
3148 1862 3212 1918 et

351 1954 843 2041 disputaciones
886 1951 1072 2034 tales,
1114 1961 1188 2018 ut
1226 1947 1661 2040 praemissum
1702 1962 1818 2035 est,
1865 1974 2013 2022 cum
2055 1951 2392 2038 diligentia
2432 1954 2814 2039 visitaverit,
2859 1956 3004 2042 ipso
3050 1949 3208 2040 [61¹³]

344 2055 523 2120 facto
568 2053 656 2118 sit
704 2072 1061 2137 suspensus
1105 2062 1169 2117 et
1209 2052 1351 2119 loco
1397 2075 1514 2117 suo
1554 2054 1870 2140 privatus.
1913 2051 2002 2115 Ut
2039 2074 2193 2138 ergo
2226 2054 2488 2136 sciatur,
2534 2056 2641 2140 qui
2686 2055 2984 2141 magistri
3025 2076 3211 2141 prae-

349 2164 569 2219 sentes
613 2147 855 2216 fuerint
893 2150 1000 2244 vel
1053 2173 1201 2235 non,
1255 2152 1537 2218 famulus
1579 2152 2043 2234 universitatis,
2100 2154 2212 2237 qui
2268 2175 2387 2237 pro
2429 2161 2584 2217 tunc
2636 2175 2946 2240 praesens
2999 2153 3212 2234 fuerit,

348 2275 575 2319 omnes
619 2252 966 2336 magistros
1024 2262 1402 2337 praesentes
1449 2253 1518 2316 in
1573 2251 1846 2338 singulis
1905 2250 2462 2337 disputacionibus
2515 2251 2789 2318 fideliter
2845 2252 3214 2319 conscribat
3235 2261 3296 2316 15

349 2364 414 2419 et
471 2351 721 2417 decano
782 2349 1113 2416 facultatis
1173 2352 1422 2416 arcium
1479 2353 1548 2416 in
1610 2353 1873 2438 scriptis
1937 2361 2337 2438 praesentet,
2401 2353 2511 2439 qui
2569 2351 2753 2435 tales,
2816 2354 2927 2441 qui
2990 2361 3220 2432 contra¹

346 2452 630 2518 fecerint
673 2459 737 2514 et
791 2449 1191 2536 negligentes
1248 2461 1312 2514 et
1370 2472 1503 2516 non
1559 2461 1935 2537 praesentes
1988 2451 2129 2515 sine
2181 2474 2380 2515 causa
2438 2450 2811 2516 rationabili
2867 2452 3216 2532 extiterint,

354 2548 715 2617 secundum
754 2558 1039 2615 tenorem
1090 2550 1316 2615 statuti
1349 2550 1523 2615 infra
1562 2573 1760 2615 unum
1807 2572 2093 2615 mensem
2137 2548 2288 2634 (sub
2321 2572 2533 2637 poena
2576 2558 2604 2617 1
2633 2550 2882 2635 floreni,
2927 2553 2982 2617 si
3015 2549 3216 2637 negli-

351 2673 516 2738 gens
554 2650 754 2714 fuerit
795 2659 861 2713 et
899 2647 1059 2713 illud
1103 2650 1340 2736 exequi
1381 2672 1511 2715 non
1554 2651 1910 2731 curaverit,
1955 2648 2250 2714 facultati
2290 2650 2538 2714 arcium
2582 2649 3026 2738 persolvendi)
3073 2672 3212 2716 rea-

351 2750 500 2816 liter
567 2750 802 2836 puniat
866 2771 1014 2814 cum
1079 2750 1332 2814 effectu.
1412 2747 1728 2813 Famulus
1789 2749 1993 2813 eciam
2050 2750 2524 2831 universitatis,
2583 2760 2654 2814 ut
2707 2750 2777 2814 in
2835 2748 3213 2837 exequendo
3233 2758 3302 2814 20

353 2849 645 2917 officium
690 2867 878 2913 suum
922 2848 1235 2913 maiorem
1291 2856 1581 2935 apponat
1625 2847 2062 2934 diligenciam,
2124 2847 2394 2935 singulis
2441 2848 3004 2936 disputacionibus
3047 2849 3217 2915 ordi·

353 2950 561 3015 nariis
623 2937 922 3013 adminus
983 2946 1220 3013 habeat
1272 2971 1472 3012 unum
1533 2948 1868 3035 antiquum
1927 2969 2249 3033 grossum.
2332 2947 2652 3013 Hortatur
2695 2950 2901 3015 eciam
2945 2949 3218 3016 facultas

357 3050 614 3115 arcium
669 3065 890 3112 omnes
953 3059 1017 3111 et
1080 3046 1370 3133 singulos
1431 3045 1596 3111 alios
1660 3047 2028 3132 magistros,
2095 3048 2208 3133 qui
2271 3048 2497 3133 vigore
2558 3051 2782 3114 statuti
2846 3049 3031 3114 istius
3093 3071 3222 3114 non

353 3157 657 3215 tenentur
699 3147 1032 3229 interesse,
1092 3156 1412 3233 quatenus
1457 3144 1540 3213 cb
1583 3146 2050 3211 incrementum
2107 3157 2170 3211 et
2213 3145 2512 3213 decorem
2564 3147 2891 3215 facultatis
2932 3148 3221 3215 eiusdem

354 3246 690 3314 visitando
735 3246 897 3311 tales
940 3245 1410 3332 disputationes
1455 3245 1818 3312 ordinarias
1862 3254 2113 3312 tantam
2155 3259 2488 3334 apponant
2532 3270 2799 3336 operam
2845 3259 2910 3314 et
2951 3249 3304 3336 diligen-25

360 3352 553 3432 ciam,
614 3345 791 3435 quod
852 3347 1049 3411 ceteri
1109 3368 1332 3410 eorum
1395 3345 1692 3432 exemplo
1756 3346 1841 3411 ad
1902 3345 2139 3411 similia
2196 3345 2495 3412 facienda
2545 3347 2800 3413 facilius
2860 3350 3223 3415 incitentur.

358 3448 545 3530 Item,
601 3455 676 3512 ut
733 3446 896 3511 illud
953 3447 1159 3511 eciam
1214 3445 1456 3510 volenti
1514 3447 1729 3511 animo
1790 3446 2169 3511 execucioni
2229 3445 2676 3530 demandetur,
2735 3448 2978 3535 placet,
3044 3450 3219 3536 quod

364 3548 595 3614 decem
636 3547 942 3627 seniores,
1000 3547 1068 3609 in
1111 3544 1337 3609 eadem
1384 3544 1833 3632 disputacione
1874 3554 2252 3630 praesentes
2296 3556 2359 3610 et
2407 3548 2476 3610 in
2516 3545 2743 3611 ordine
2787 3570 2900 3613 suo
2946 3568 3219 3635 arguen-

360 3657 485 3729 tes,
542 3656 680 3711 tam
725 3644 839 3710 diu
885 3643 1129 3709 ibidem
1174 3653 1647 3731 permanentes,
1710 3643 1886 3729 quod
1944 3644 2344 3730 praecedens
2399 3656 2462 3711 et
2518 3668 2791 3732 sequens
2841 3647 3223 3733 arguebant,

364 3749 421 3812 si
469 3745 699 3811 saltem
740 3742 1234 3831 praecedentem
1275 3752 1340 3808 et
1383 3752 1753 3830 sequentem
1795 3742 2143 3817 habuerint
2185 3740 2377 3829 (alias
2401 3755 2536 3808 tam
2569 3744 2683 3810 diu
2716 3745 3001 3830 sedeant,
3046 3746 3307 3834 quod30

364 3846 513 3925 duo,
537 3844 838 3930 magistri
878 3852 1176 3927 arguant,
1220 3844 1274 3908 si
1318 3843 1411 3908 ibi
1453 3852 1602 3908 sunt
1639 3843 1937 3929 magistri
1980 3864 2254 3929 arguere
2296 3843 2602 3926 volentes,
2646 3846 2702 3908 si
2745 3843 2970 3911 saltem
3012 3845 3225 3912 locum

366 3934 691 4031 arguendi
745 3941 988 4008 habere
1048 3939 1348 4029 possint),
1413 3941 1697 4008 habeant
1753 3964 1953 4007 unum
2008 3964 2311 4027 grossum
2371 3965 2611 4008 novum
2675 3943 2973 4032 quilibet,
3036 3968 3229 4032 quem

366 4044 657 4110 decanus
700 4041 945 4109 eisdem
987 4040 1211 4107 eodem
1259 4041 1362 4106 die
1404 4041 1863 4128 praesentabit.
1936 4106 1943 4117 ,

787 4280 887 4343 58.
931 4291 1217 4354 QUANDO
1262 4290 1407 4339 Non
1450 4290 1683 4339 naam*
1725 4291 1915 4339 rmm
1955 4260 2402 4341 msPUrA'mo
2425 4290 2823 4343 oanmama.
2882 4249 2894 4261 ’

1530 4422 1651 4491 V'gl.
1691 4441 1740 4476 a.
1782 4426 1857 4478 st.
1895 4427 1976 4489 21,
2016 4429 2095 4479 17,
3244 4440 3313 4496 35

538 4560 707 4626 Item
749 4559 922 4647 quod
964 4560 1034 4624 in
1076 4534 1465 4625 annualibus
1502 4558 1660 4623 foris
1692 4581 1824 4624 non
1855 4558 2049 4625 debet
2085 4559 2229 4625 fieri
2266 4559 2635 4647 disputacio
2662 4560 2994 4639 ordinaria
3024 4586 3231 4650 neque

374 4661 547 4725 infra
592 4660 1045 4725 mutacionem.

521 4865 624 4927 59.
669 4876 864 4937 Qnon
912 4877 1240 4926 murem-2
1286 4874 1817 4925 msru'rAcmms
1865 4867 2285 4925 canussnus
2329 4874 2544 4925 Nunm
2583 4877 2804 4925 Ac'rns
2851 4860 3093 4926 scom-

1582 4974 1762 5024 s'rtc1
1804 4974 2038 5022 rmnr.

1533 5112 1652 5174 Vgl.
1686 5125 1735 5162 a.
1772 5109 1849 5161 St.
1890 5108 1970 5171 21,
2011 5106 2114 5160 18st
3247 5123 3316 5179 40

544 5244 712 5310 Item
766 5242 941 5328 quod
997 5248 1290 5330 tempore
1344 5242 1815 5330 disputacionis
1878 5240 2247 5307 ordinariae
2310 5239 2528 5306 nullae
2588 5242 2824 5309 debent
2886 5244 3027 5309 fieri
3086 5268 3234 5331 pro-

381 5344 880 5408 nuncciaciones
923 5342 1026 5408 vel
1068 5342 1582 5407 declamaciones
1627 5341 1732 5408 vel
1781 5343 1990 5429 quivis
2035 5339 2146 5405 alii
2189 5349 2370 5404 actus
2418 5340 2759 5407 scolastici.

516 5458 954 5496 surm-mennon
990 5460 1105 5495 naa
1139 5459 1286 5497 univ.
1321 5459 1560 5495 mirato.
2817 5449 2896 5510 22
