4038 6358
806 544 930 612 368
1787 547 1886 597 Die
1921 547 2359 611 philosophische
2392 546 2648 600 Facultat.

973 726 1134 791 Item
1177 725 1351 814 quod
1394 724 1595 791 velint
1653 726 1996 792 admittere
2055 727 2288 815 dignos
2340 737 2405 795 et
2453 730 2698 796 reicere
2748 727 3053 817 indiguos
3098 729 3238 795 sine
3280 751 3660 823 quocunque

807 848 1100 910 rancore,
1142 824 1410 909 invidia,
1456 825 1999 894 subordinacione
2044 827 2148 893 vel
2196 851 2436 903 amore„

979 942 1206 1009 Placet
1247 943 1454 1008 eciam
1494 940 1751 1008 domino
1793 965 1937 1008 meo
1982 947 2284 1030 graciose
2301 996 2320 1029 ,
2378 944 2551 1035 quod
2593 946 2905 1031 magister
2945 966 3338 1033 promovens
3382 946 3663 1035 aliquem

810 1043 1048 1109 habeat
1104 1051 1347 1108 certam
1404 1050 1660 1130 partem
1700 1041 1781 1107 de
1821 1045 2119 1129 pecunia,
2162 1045 2289 1111 sibi
2327 1068 2448 1134 per
2491 1043 2933 1111 baccalarium
2974 1045 3081 1111 vel
3123 1047 3507 1133 magistrum
3549 1070 3667 1115 no-

725 1154 758 1209 5
814 1142 1053 1209 vellum
1094 1141 1270 1226 data,
1312 1140 1574 1206 residua
1615 1150 1802 1228 parte
1843 1142 1913 1207 in
1950 1141 2295 1210 utilitatem
2336 1143 2662 1211 facultatis
2707 1146 2955 1210 arcium
3000 1145 3455 1211 convertenda.

974 1241 1064 1309 Et
1125 1242 1182 1307 si
1232 1241 1397 1307 forte
1452 1240 1602 1306 talis
1655 1240 1884 1308 modus
1937 1264 2067 1308 non
2123 1243 2331 1329 valet,
2397 1244 2570 1333 quod
2620 1245 2804 1310 fieret
2860 1244 3191 1312 ordinacio
3250 1246 3320 1311 in
3362 1245 3670 1312 facultate

813 1344 1082 1426 arcium,
1127 1340 1300 1429 quod
1330 1339 1613 1406 decanus
1642 1341 1711 1406 in
1740 1341 2025 1407 fiiturum
2052 1336 2400 1429 ‘eligendus
2441 1343 2681 1409 habeat
2721 1356 2964 1410 certam
2992 1347 3310 1434 pecuniae
3353 1368 3668 1411 summam

808 1466 849 1509 a
907 1440 1212 1508 facultate
1268 1441 1549 1525 arcium,
1612 1449 1676 1506 et
1736 1449 1938 1507 totum
1955 1492 1974 1526 ,
2038 1443 2209 1532 quod
2261 1467 2310 1541 {a
2363 1443 2822 1532 promovendis
2879 1445 3277 1533 reciperetur
3291 1495 3311 1530 ,
3374 1444 3668 1512 facultati

811 1541 1272 1631 applicaretur.
2352 1615 2361 1623 ‚

732 1653 797 1709 10
978 1641 1107 1706 Per
1160 1640 1356 1706 talem
1415 1641 1585 1705 enim
1628 1647 1693 1704 et
1737 1640 2102 1706 consimiles
2145 1641 2374 1710 modos
2418 1652 2642 1730 posset
2681 1642 3027 1711 multitudo
3072 1643 3661 1734 promovendorum

806 1743 1113 1827 restringi
1159 1749 1223 1805 et
1260 1740 1441 1804 fraus
1484 1748 1676 1828 atque
1720 1738 1925 1806 dolus.

971 1839 1062 1905 Et
1104 1838 1472 1904 omnimoda
1496 1840 1774 1905 intencio
1805 1838 2047 1905 domini
2076 1849 2174 1905 est
2200 1839 2529 1907 refrenare
2556 1841 3029 1909 multitudinem
3057 1841 3661 1930 promovendorum,

810 1942 892 2008 de
931 1938 1165 2029 quibus
1203 1939 1502 2024 magistri
1544 1961 1661 2029 per
1708 1961 1778 2005 se
1817 1937 2255 2027 providebunt
2308 1963 2431 2028 pro
2474 1941 2923 2010 universitatis
2965 1942 3232 2010 honore.

1844 2445 1944 2496 111.
1999 2446 2161 2495 Vom
2200 2445 2619 2499 Jahre1445.

739 2557 798 2612 15
908 2553 958 2613 1.
1004 2541 1329 2611 Cedula
1383 2552 1781 2629 porrecta
1838 2544 2245 2632 episcopo
2307 2554 2598 2610 contra
2653 2544 2969 2613 arcium
3011 2544 3507 2612 facultatem.

1481 2657 1794 2740 Quinta
1835 2660 2055 2726 feria
2092 2682 2390 2746 pascae
2430 2682 2630 2726 anno
2671 2661 2895 2726 XLv0.

1701 2777 1855 2845 (1445
1896 2781 2236 2843 Donnerstag
2269 2780 2373 2830 den
2415 2780 2458 2831 1.
2492 2775 2696 2843 April.)

977 2874 1355 2943 Reverende
1397 2887 1604 2963 pater.
1643 2877 2021 2965 Exponitur
2063 2877 2442 2963 paternitati
2491 2887 2746 2943 vestrae
2783 2876 3198 2961 reverendae,
3244 2878 3567 2964 quomodo
3603 2888 3662 2943 et

815 2977 1090 3067 qualiter
1141 2978 1209 3040 in
1248 2975 1553 3042 facultate
1613 2979 1859 3043 arcium
1912 2975 2276 3045 liberalium
2313 2975 2526 3042 fuerat
2580 2975 2991 3043 conswetudo
3006 3025 3026 3060 ‚
3085 2977 3471 3043 inconcusse
3521 2978 3658 3042 hac·

731 3089 1002 3146 20tenus
1063 3075 1443 3159 observata,
1520 3099 1674 3164 qua
1759 3077 2208 3164 propinam
2268 3075 2674 3163 quandam
2754 3098 2795 3141 a
2855 3077 3030 3142 suis
3094 3075 3659 3163 promovendis

813 3186 1314 3264 receperant
1354 3186 1931 3264 promoventes
1971 3185 2368 3263 tempore,
2426 3198 2576 3262 quo
2619 3173 2964 3262 gradum
3007 3177 3088 3241 in
3130 3175 3457 3242 artibus
3503 3199 3657 3242 sus·

814 3279 1099 3365 cipere
1173 3285 1837 3342 consweverunt·
1930 3275 2124 3342 Hanc
2193 3277 2569 3362 propinam,
2649 3297 2733 3341 ex
2811 3278 3134 3341 communi
3192 3275 3658 3341 conswetudine

815 3377 1102 3468 debitam
1144 3375 1407 3442 cuilibet
1443 3377 1794 3463 promotori
1809 3424 1826 3458 ,
1887 3375 2151 3463 quidam
2195 3376 2493 3460 magistri
2537 3375 2618 3440 de
2666 3373 2939 3440 concilio
2981 3377 3335 3441 existentes
3382 3375 3657 3441 eiusdem

816 3475 1144 3542 facultatis
1187 3474 1312 3540 sibi
1354 3476 1580 3561 vigore
1627 3474 1967 3540 cuiusdam
2007 3477 2230 3540 statuti
2272 3475 2527 3541 noviter
2570 3473 2757 3557 editi,
2798 3484 2871 3540 ut
2910 3474 3226 3559 referunt,
3272 3498 3469 3541 cona
3485 3485 3657 3540 ntur

731 3585 800 3642 25
818 3598 1013 3650 usur
1026 3597 1069 3662 p
1084 3596 1170 3640 ar
1185 3596 1223 3639 e
1271 3575 1341 3639 in
1407 3573 1681 3640 aliorum
1736 3573 2209 3662 praeiudicium
2263 3585 2329 3639 et
2391 3595 2750 3660 gravamen
2801 3596 3053 3642 necnon
3109 3575 3176 3641 in
3217 3597 3415 3662 saepe
3458 3575 3653 3640 dictae

814 3675 1314 3741 diminucionem
1364 3671 1710 3740 facultatis.
1793 3673 1882 3738 Et
1931 3696 2320 3761 quamquam
2380 3672 2814 3760 supplicatum
2873 3674 2959 3739 sit
2999 3673 3244 3739 eisdem
3259 3723 3279 3758 ‚
3340 3685 3413 3739 ut
3453 3674 3654 3739 huius·

812 3774 989 3841 modi
1032 3771 1502 3861 praeiudicium
1544 3773 1876 3859 magistris
1916 3796 2049 3838 non
2085 3773 2401 3856 inferant,
2466 3773 2577 3860 qui
2630 3774 2760 3838 sint
2800 3783 2990 3838 extra
3031 3772 3274 3840 dictum
3314 3773 3645 3839 concilium

813 3872 1161 3955 facultatis,
1205 3871 1320 3938 sed
1362 3872 1589 3960 pocius
1631 3871 1896 3938 eosdem
1938 3874 2007 3937 in
2055 3871 2645 3939 conswetudinibus
2689 3880 2754 3938 et
2784 3871 3078 3956 iuribus,
3121 3872 3356 3961 quibus
3398 3874 3526 3959 ipsi
3562 3873 3650 3937 usi

818 3983 968 4040 sunt
1044 3980 1109 4038 et
1171 3994 1394 4038 eorum
1470 3971 1873 4037 venerabiles
1955 3982 2429 4056 antecessores,
2509 3981 2970 4038 conservarent
3027 3994 3147 4037 nec
3210 3994 3323 4038 eos
3386 3973 3654 4037 facerent

732 4082 801 4140 30
818 4072 1158 4139 deterioris
1216 4070 1645 4154 condicionis,
1706 4072 1775 4137 in
1843 4070 2019 4136 nullo
2081 4079 2297 4135 tamen
2354 4073 2648 4159 protinus
2727 4070 2889 4137 haec
2951 4071 3221 4138 honesta
3283 4071 3651 4158 supplicatio

814 4174 1028 4239 fuerat
1089 4170 1415 4238 exaudita.
1449 4247 1452 4249 v
1496 4168 1719 4251 Quare
1780 4194 1927 4236 cum
1994 4170 2171 4236 omni
2233 4169 2590 4237 devocione
2631 4181 2697 4236 et
2748 4169 3109 4236 humilitate
3153 4180 3414 4236 vestrae
3455 4181 3647 4257 pater·

815 4272 1007 4339 nitati
1046 4269 1469 4358 supplicatur,
1511 4279 1824 4355 quatenus
1870 4269 2063 4335 solita
2103 4268 2505 4355 benignitate
2550 4280 2614 4336 et
2657 4271 2902 4354 favore,
2946 4270 3179 4359 quibus
3217 4269 3388 4336 hanc
3433 4269 3646 4335 almam

818 4371 1309 4438 universitatem
1371 4369 1441 4434 in
1507 4370 1641 4434 suis
1713 4367 1984 4456 agendis
2049 4391 2170 4455 pro
2235 4392 2351 4436 suo
2425 4367 2773 4457 tranquillo
2844 4369 3017 4435 statu
3102 4371 3362 4457 saepius
3424 4369 3647 4456 dignati

819 4473 976 4538 estis
1030 4468 1450 4558 paternaliter
1489 4469 1905 4559 praevenire,
1972 4467 2328 4556 dignemini
2385 4468 2579 4536 modo
2621 4491 2995 4535 succurrere
3033 4468 3320 4536 remedio
3361 4479 3647 4557 oportuno

735 4581 802 4639 35
821 4585 886 4638 et
931 4580 1207 4660 paterna
1262 4567 1691 4637 sollicitudine
1736 4566 2112 4658 providere,
2177 4590 2261 4633 ne
2315 4568 2474 4635 dicti
2515 4569 2814 4655 magistri
2855 4578 3043 4636 extra
3083 4568 3432 4636 concilium
3469 4567 3643 4635 facul·

813 4674 966 4739 tatis
1024 4671 1157 4738 suis
1214 4668 1471 4735 iuribus
1524 4677 1588 4733 et
1645 4665 2232 4734 conswetudinibus
2290 4689 2369 4733 ac
2420 4668 2612 4734 unico
2668 4667 3077 4736 emolimento
3120 4691 3238 4735 suo
3286 4671 3426 4735 sine
3472 4689 3644 4736 causa

816 4772 1108 4860 legitima
1145 4780 1283 4837 tam
1322 4771 1522 4858 impie
1562 4777 1628 4834 et
1670 4775 1897 4834 contra
1931 4764 2292 4833 naturalem
2334 4768 2723 4855 aequitatem
2768 4768 3147 4855 spolientur.

1078 4925 1140 4990 2.
1196 4919 1606 4987 Iohannes
1652 4917 1779 4984 dei
1821 4918 2117 5005 gracia
2167 4918 2616 5005 episcopus
2653 4917 3427 5006 Mcrzeburgensis:

992 5039 1398 5106 salutatione
1453 5034 1784 5103 amicabili
1833 5034 2198 5123 praemissa
2213 5083 2231 5117 ‚
2299 5033 2707 5101 venerabiles
2762 5034 2956 5102 amici
2969 5085 2987 5118 ,
3054 5035 3396 5104 sinceriter
3439 5033 3648 5102 dilecti.

739 5141 954 5208 40Pr0
995 5141 1390 5206 incremento
1435 5147 1500 5203 et
1550 5136 1724 5203 felici
1777 5146 1950 5201 statu
2001 5134 2211 5200 almae
2269 5136 2711 5200 universitatis
2771 5135 2965 5201 studii
3018 5136 3390 5224 Liptzensis
3403 5186 3421 5220 ,
3489 5144 3649 5224 prout

821 5238 1012 5309 nobis
1069 5237 1381 5305 incumbit
1396 5286 1416 5322 ‚
1478 5258 1660 5304 mens
1716 5245 1940 5303 nostra
1996 5235 2305 5325 occupari
2360 5236 2661 5301 continue
2718 5255 2850 5300 non
2907 5234 3179 5302 desistit.
3265 5235 3429 5303 Cum
3482 5237 3648 5326 igitur
