4038 6358
1182 628 1350 684 Achte
1385 630 1929 694 satutem-ednodus,
1967 646 2089 684 vom
2124 631 2290 684 Jahn-e
2326 631 2472 715 3553.
3123 635 3244 701 539

358 810 774 880 solennibus
836 814 1259 883 conventibus
1316 816 1588 899 duobus,
1647 834 1749 882 1111
1788 816 1885 882 Id.
1927 815 2151 882 Martii
2199 827 2263 882 et
2307 816 2617 885 Calendis
2676 813 3037 905 Septembr.
3125 814 3244 883 Sin

355 910 600 997 locus,
644 912 994 981 decedente
1038 927 1152 982 aut
1194 916 1461 984 dimisso
1502 917 1807 998 locatore,
1847 939 2094 985 vacuus
2135 918 2347 999 fuerit,
2397 917 2680 983 decanus
2726 940 2993 1006 operam
3038 916 3242 1001 dabit,

358 1022 452 1078 ut
488 1036 735 1081 munus
778 1013 936 1080 illud
978 1018 1323 1082 autoritate
1366 1014 1611 1104 publici
1654 1016 1906 1082 consilii
1949 1018 2427 1104 quamprimum
2472 1018 2657 1084 alteri
2699 1018 3062 1085 mandetur.
3122 1019 3248 1084 Est

359 1122 616 1179 autem
667 1136 868 1201 penes
924 1116 1050 1182 hoc
1102 1116 1489 1188 locatorem.
1547 1117 1604 1182 si
1646 1115 1975 1198 videatur,
2036 1127 2321 1200 mutare;
2392 1118 2552 1183 ordo
2612 1140 2894 1206 quoque,
2947 1118 3119 1206 quod
3164 1117 3252 1183 ad

361 1214 699 1281 nationes
755 1216 1018 1298 attinet,
1062 1215 1451 1299 servabitur,
1511 1239 1700 1304 quem
1749 1215 1948 1281 series
2010 1238 2213 1303 supra
2268 1217 2569 1302 exposita
2629 1216 3044 1283 demonstrat.
3126 1217 3249 1283 Est
3300 1228 3334 1282 5

366 1314 695 1380 eiusdem
739 1314 1017 1380 officium
1064 1313 1318 1399 videre,
1363 1325 1438 1381 ut
1481 1315 1958 1403 disputationes
2002 1316 2325 1380 serotinae
2372 1312 2545 1402 [133]
2595 1326 3019 1382 exerceantur
3060 1328 3123 1383 et
3161 1319 3256 1383 in-

367 1412 633 1498 quilini
686 1413 963 1480 modesti
1023 1423 1087 1479 et
1145 1414 1334 1502 probi
1389 1416 1554 1496 sint,
1605 1424 1669 1479 et
1710 1416 1776 1478 in
1820 1437 1940 1478 sua
1995 1413 2211 1479 studia
2268 1414 2531 1480 assidue
2584 1415 2990 1499 incumbant,
3033 1426 3097 1482 et
3137 1416 3253 1482 illa

366 1509 749 1598 diligenter
797 1513 1033 1596 colant,
1098 1523 1162 1579 et
1226 1516 1554 1579 contraria
1622 1514 1724 1579 his
1787 1514 2007 1578 vitent.
2091 1513 2154 1578 A
2210 1512 2444 1602 quibus
2507 1525 2570 1581 et
2630 1517 2934 1580 usitatam
2995 1514 3075 1581 de
3128 1516 3252 1581 hoc

371 1611 549 1697 ipso
612 1614 1108 1700 promissionem
1167 1612 1310 1678 fieri
1374 1612 1655 1697 iubebit,
1720 1614 2028 1679 nimirum
2092 1612 2358 1678 honeste
2422 1625 2486 1679 et
2547 1613 2809 1702 placide
2867 1616 3006 1680 sine
3058 1614 3251 1680 ullius

374 1711 760 1779 offensione
797 1735 868 1779 se
907 1711 1074 1777 velle
1112 1714 1181 1778 in
1224 1736 1343 1778 sua
1384 1712 1784 1779 habitatione
1827 1712 2065 1799 degere
2110 1722 2173 1777 et
2214 1722 2458 1778 statuta
2500 1713 2759 1798 collegii
2801 1712 3170 1779 observare.
3276 1724 3339 1779 10

574 1811 957 1878 Locatorem
1004 1810 1088 1877 ab
1132 1813 1397 1900 antiquo
1442 1812 1685 1900 placuit
1724 1814 2075 1878 autoritate
2118 1812 2371 1878 consilii
2432 1813 2676 1898 publici
2718 1812 2873 1898 eligi
2915 1824 2980 1877 et
3023 1836 3255 1878 munus

373 1912 756 1977 curationis
813 1912 943 1998 ipsi
998 1912 1298 1977 mandari
1355 1935 1396 1977 a
1453 1911 1698 1978 decano
1766 1913 2078 1998 temporis
2148 1911 2355 1993 illius,
2427 1922 2772 1999 postquam
2840 1912 3087 1978 locator
3144 1911 3251 1977 de·

374 2013 698 2098 signatus
738 2010 900 2077 duos
944 2010 1295 2078 adduxerit
1335 2012 1421 2077 ad
1465 2012 1809 2094 decanum,
1853 2012 1965 2097 qui
2008 2010 2203 2077 fidem
2247 2034 2431 2077 suam
2473 2030 2595 2100 pro
2640 2012 2785 2099 ipso
2830 2010 3141 2100 obligent,
3185 2010 3255 2077 id

375 2111 576 2200 quod
621 2111 930 2199 deinceps
973 2133 1227 2200 quoque
1271 2111 1663 2178 servandum
1707 2133 1850 2176 esse
1892 2111 2282 2199 putavimus.

652 2601 967 2651 STATUTA
1012 2600 1479 2649 PERTINENTIA
1533 2599 1627 2648 AD
1680 2600 2083 2660 mqummos
2126 2601 2394 2653 AEDIUM
2450 2600 2777 2649 COLLEGII
2816 2598 3002 2647 NOVI.
3277 2587 3339 2643 15

569 2749 802 2816 Visum
848 2759 946 2821 est
983 2749 1383 2832 faciendum,
1435 2760 1506 2815 ut
1558 2751 1779 2836 capita
1824 2749 2142 2838 quaedam
2190 2757 2511 2815 certarum
2568 2749 2803 2836 legum,
2863 2747 3100 2835 quibus
3152 2746 3246 2811 in-

387 2848 632 2938 quilini
692 2849 948 2936 collegii
1004 2851 1157 2914 novi
1213 2850 1512 2937 inprimis
1565 2859 1963 2931 tenerentur,
2023 2848 2309 2914 decanus
2378 2858 2640 2914 curaret
2684 2845 2855 2937 [134]
2911 2845 3249 2912 recitanda

393 2959 559 3037 post
605 2950 1003 3036 singulorum
1050 2958 1450 3014 mercatuum
1506 2950 1702 3014 ferias
1719 2999 1738 3031 ‚
1796 2971 1922 3036 quo
1981 2950 2081 3013 sui
2141 2950 2415 3038 quisque
2467 2948 2663 3015 officii
2716 2947 3092 3034 diligentius
3145 2945 3255 3011 ad·

391 3059 791 3115 moneretur.
876 3048 982 3113 Ea
1024 3060 1191 3131 sunt,
1236 3070 1402 3134 quae
1442 3058 1812 3136 sequuntur.

1683 3220 1895 3283 Caput
1939 3223 1981 3272 1.
3273 3221 3342 3279 20

573 3333 960 3421 Quicunque
1018 3332 1380 3400 conducere
1421 3334 1597 3399 volet
1637 3334 1705 3398 in
1750 3333 2024 3399 aedibus
2084 3334 2271 3398 huius
2331 3332 2585 3419 collegii
2641 3332 3139 3412 habitationem,
3197 3332 3258 3395 ei

396 3456 533 3499 non
573 3431 914 3515 locabitur,
960 3435 1016 3498 si
1049 3443 1321 3517 constat,
1367 3456 1449 3498 ex
1497 3433 1761 3498 alterius
1803 3432 2179 3498 academiae
2224 3432 2612 3497 scholastica
2653 3432 3077 3497 universitate
3121 3450 3263 3494 esse

401 3534 621 3619 ipsum
667 3531 1001 3598 exclusum
1043 3532 1517 3619 relegatumve3
1561 3533 1735 3614 item,
1782 3533 1836 3597 si
1881 3555 1966 3597 ex
2010 3532 2139 3597 alio
2185 3534 2491 3618 quopiam
2533 3530 2805 3617 collegio
2851 3531 3094 3594 eiectus
3139 3530 3255 3610 sit3

400 3633 583 3714 item,
629 3632 685 3696 si
728 3632 815 3696 sit
853 3633 1114 3698 infamis
1168 3631 1546 3697 criminibus
1605 3634 2182 3719 compotationum,
2229 3630 2551 3713 ludorum,
2595 3629 2980 3696 tumultuum
3034 3627 3253 3693 turba·

397 3752 631 3796 rumve
674 3729 949 3796 ullarum
967 3782 986 3815 ,
1033 3733 1172 3797 sive
1213 3733 1274 3797 ei
1314 3732 1692 3797 inimicitiae
1734 3730 2066 3797 evidentes
2111 3740 2174 3795 et
2229 3751 2467 3815 graves
2524 3729 2653 3793 sint
2702 3751 2850 3794 cum
2906 3727 3118 3813 aliquo
3163 3750 3246 3791 ex
3268 3737 3334 3793 25

404 3832 745 3917 magistris
775 3830 1093 3896 bonarum
1131 3833 1387 3897 artium.
1460 3829 1610 3896 Erit
1650 3832 1851 3917 igitur
1893 3829 2001 3895 ille
2042 3833 2319 3917 primum
2364 3829 2441 3911 is,
2488 3830 2667 3894 cuius
2709 3851 2942 3894 nomen
2982 3829 3050 3892 in
3090 3827 3257 3893 libro

404 3932 683 3997 rectoris
740 3930 1116 3996 academiae
1169 3932 1601 4017 perscriptum
1662 3932 1778 4013 sit,
1841 3932 2079 4019 quique
2146 3938 2639 4017 praeceptorem
2698 3927 3048 3993 secundum
3110 3949 3257 3992 aca-

408 4032 664 4100 demiae
706 4040 950 4095 statuta
989 4030 1256 4112 habeat3
1315 4028 1550 4095 deinde
1594 4031 1775 4095 cuius
1818 4029 1993 4095 bona
2037 4029 2432 4095 existimatio
2474 4038 2538 4092 et
2580 4026 2662 4093 de
2705 4050 2830 4112 quo
2886 4028 3061 4093 bona
3104 4049 3254 4115 spes

403 4135 524 4216 sit,
573 4130 745 4219 quod
793 4129 879 4196 ad
921 4133 1123 4194 vitam
1165 4150 1508 4216 moresque
1550 4141 1613 4194 et
1673 4129 1886 4194 studia
1945 4132 2194 4194 attinet.
2281 4128 2445 4194 Cum
2490 4126 2684 4192 alicui
2730 4124 2899 4214 [135]
2934 4126 3259 4193 locabitur

409 4230 750 4311 habitatin,
788 4230 1117 4316 promittet
1141 4228 1267 4310 ille,
1294 4252 1362 4294 se
1385 4229 1651 4294 honeste
1675 4251 1818 4294 cum
1843 4228 2066 4294 debita
2096 4227 2542 4294 moderatione
2585 4236 2650 4291 et
2688 4229 3054 4292 reverentia
3095 4247 3253 4313 erga
3272 4237 3341 4293 30

408 4353 632 4397 omnes
681 4331 748 4394 in
793 4328 1066 4395 aedibus
1120 4329 1311 4394 huius
1356 4328 1609 4416 collegii
1655 4331 1907 4412 vivere,
1963 4327 2196 4394 decani
2249 4325 2683 4413 locatorisque
2741 4328 3075 4392 autoritati
3131 4350 3262 4392 non

404 4429 762 4516 refragari,
807 4450 1051 4516 poenas
1093 4430 1360 4493 meritas
1404 4431 1545 4493 sine
1601 4429 2007 4494 recusatione
2063 4429 2380 4492 sustinere
2422 4425 2627 4508 velle,
2687 4434 2753 4491 et
2806 4427 3075 4513 insuper
3117 4426 3259 4508 hoc,

409 4529 585 4618 quod
630 4551 758 4594 non
813 4526 971 4593 velit
1023 4526 1293 4593 aedibus
1358 4537 1475 4593 aut
1528 4527 1723 4593 rebus
1781 4527 1931 4593 ullis
1982 4526 2239 4613 collegii
2294 4526 2485 4591 huius
2539 4547 2775 4591 nocere
2829 4524 3262 4612 damnumque

405 4631 565 4696 dare
606 4630 818 4698 sciens
870 4628 1020 4693 dolo
1064 4626 1236 4692 malo
1257 4676 1275 4710 ‚
1319 4637 1384 4692 et
1429 4629 1484 4692 si
1528 4627 1701 4715 quod
1758 4630 2136 4714 cognoverit
2185 4626 2656 4713 resciveritque
2713 4624 3078 4711 periculum
3133 4627 3259 4692 hac

402 4732 469 4796 in
511 4738 734 4818 parte,
773 4727 1047 4794 locatori
1090 4728 1308 4792 statim
1346 4727 1657 4794 indicare.
3265 4735 3334 4792 35

1672 4895 1886 4960 Caput
1921 4896 1989 4948 11.

570 5013 702 5094 Qui
772 5010 1158 5079 conductam
1228 5010 1692 5078 habitationem
1747 5013 1814 5076 in
1872 5011 1973 5076 his
2029 5008 2300 5075 aedibus
2368 5008 2671 5073 habuerit
2741 5007 2984 5073 diutius
3040 5031 3263 5075 mense

403 5136 551 5195 uno,
595 5120 942 5200 antequam
986 5133 1222 5178 nomen
1262 5112 1471 5197 ipsius
1513 5113 1579 5176 in
1621 5111 1789 5177 libro
1828 5111 2102 5175 rectoris
2146 5107 2522 5173 academiae
2579 5116 2845 5173 nostrae
2899 5108 3261 5194 perscribe·

404 5223 613 5292 retur,
669 5221 801 5294 aut,
841 5212 952 5299 qui
996 5232 1211 5276 secum
1254 5209 1540 5294 habitet,
1582 5211 1774 5276 talem
1824 5211 2144 5296 receperit
2187 5208 2684 5295 retinueritque,
2728 5206 3062 5294 persolvet
3100 5208 3260 5274 mul-

402 5321 536 5378 tam
577 5310 797 5378 florini
843 5312 1058 5377 unius.
3275 5321 3342 5376 40
