4038 6358
821 637 938 704 198
1964 637 2075 687 Das
2112 649 2301 701 grosse
2334 635 2543 700 colleg.

820 827 1017 908 petue
1059 841 1101 885 a
1142 819 1415 907 collegio
1457 820 1540 885 sit
1580 819 1903 886 exclusus.
1960 817 2034 886 Si
2074 841 2232 885 vero
2276 819 2642 885 convicium
2681 818 2788 883 vel
2834 819 3080 884 crimen
3120 817 3436 903 magistro
3468 818 3662 906 impo-

817 927 963 1003 nat,
1024 921 1198 986 infra
1253 928 1389 987 tres
1452 918 1592 985 dies
1656 919 2016 987 satisfaciat
2077 921 2264 986 iuxta
2328 919 2655 985 dictamen
2716 916 3005 1005 collegii,
3068 917 3235 984 alias
3299 938 3341 982 a
3406 915 3662 1005 collegio

819 1018 1199 1107 expellatur.

1318 1191 1414 1254 48.
1459 1203 1555 1252 ΒΕ
1594 1202 1825 1252 roam
1864 1203 2290 1253 murmuri-m
2331 1202 2649 1263 Amorum
2685 1201 2760 1250 m
2803 1199 3174 1250 οοΒΒΕαιο.

731 1330 764 1385 5
981 1313 1102 1405 [Bl.
1135 1322 1173 1384 9
1187 1316 1239 1404 ²]
1284 1318 1449 1384 Item
1494 1320 1860 1407 quicunque
1899 1318 2179 1408 aliquem
2219 1320 2288 1383 in
2329 1316 2600 1406 collegio
2642 1315 3062 1399 mutilaverit,
3111 1322 3427 1404 perpetue
3467 1338 3506 1380 a
3547 1316 3664 1381 col-

813 1417 986 1503 legio
1031 1418 1117 1482 sit
1160 1416 1480 1484 exclusus.
1564 1417 1634 1484 Si
1677 1441 1835 1484 vero
1879 1419 2069 1485 aliter
2106 1419 2532 1505 percusserit,
2586 1425 2847 1504 praeter
2887 1416 3134 1482 scilicet
3177 1413 3663 1499 mutilacionem‚

818 1516 1029 1584 donec
1067 1517 1244 1603 parti
1284 1515 1503 1582 laesae
1548 1528 1613 1583 et
1652 1518 1926 1606 collegio
1971 1518 2392 1601 satisfecerit,
2445 1519 2530 1582 sit
2573 1515 2894 1601 exclusus,
2950 1527 3017 1582 et
3059 1514 3441 1602 collegiatus
3483 1513 3666 1580 talem

815 1617 1044 1682 fovens
1100 1638 1218 1683 sua
1269 1625 1491 1683 careat
1545 1620 1877 1705 porcione,
1928 1617 2139 1686 donec
2199 1618 2295 1684 sic
2353 1617 2733 1704 percuciens
2791 1638 2833 1682 a
2892 1615 3164 1703 collegio
3222 1615 3310 1680 sit
3362 1612 3667 1701 repulsus.

815 1715 906 1782 Et
952 1714 1025 1780 id
1083 1723 1389 1782 statutum
1433 1739 1579 1785 cum
1630 1717 2004 1784 immediate
2058 1715 2476 1805 praecedenti
2519 1717 2730 1782 eciam
2772 1717 3098 1803 respicere
3143 1713 3338 1781 debet
3381 1712 3669 1780 combur-

740 1825 803 1882 10
821 1812 1011 1882 sales.
2219 1823 2225 1828 ’

1026 2031 1142 2097 VI.
1198 2030 1524 2098 Statuta
1564 2031 2123 2118 respiciencia
2165 2043 2708 2099 conventores
2747 2040 2828 2098 et
2870 2030 3472 2098 combursales.

1477 2201 1573 2264 49.
1613 2215 1707 2262 ΕΤ
1749 2214 1965 2264 mmo
2005 2216 2101 2263 ΒΕ
2144 2216 2346 2266 mono
2385 2216 2697 2265 Locmm
2735 2214 3015 2263 BuRsAs.

981 2327 1236 2395 Placuit
1270 2328 1562 2416 collegi0,
1618 2329 1792 2417 quod
1833 2329 2134 2398 decetero
2175 2330 2357 2398 nulla
2394 2331 2742 2397 bursarum
2785 2328 3044 2417 collegii
3086 2328 3283 2395 alicui
3325 2327 3533 2394 locari
3574 2325 3674 2391 de·

817 2426 970 2494 beat
1012 2429 1150 2494 sine
1191 2427 1601 2494 fideiussoris
1639 2430 1964 2496 caucione.

741 2619 799 2674 15
866 2614 962 2676 50.
1003 2626 1097 2674 DE:
1140 2626 1483 2676 PRomsso
1522 2627 2009 2679 OONVENTORIS
2052 2630 2316 2680 FmNDo
2361 2630 2796 2680 PRAEPOSITO
2842 2628 3170 2677 TEMPORE
3209 2627 3625 2678 Locacloms

791 2736 801 2745 ‘
2051 2731 2439 2780 Btmssmm.
2937 2731 2942 2736 ’

980 2841 1147 2907 Item
1184 2841 1455 2930 quilibet
1493 2854 1845 2910 conventor
1887 2853 2183 2933 tempore
2225 2845 2684 2912 convencionis
2725 2843 2965 2909 bursae
3006 2853 3264 2909 tenetur
3303 2845 3676 2930 promittere

817 2941 1190 3028 praeposito
1232 2940 1509 3028 collegii,
1555 2942 1749 3029 quod,
1811 2945 1868 3010 si
1910 2945 2275 3030 contingat,
2337 2946 2553 3032 ipsum
2594 2942 2877 3032 aliquem
2916 2965 3259 3009 excessum
3299 2943 3369 3007 in
3413 2939 3675 3028 collegio

817 3048 1215 3127 perpetrare,
1258 3040 1431 3128 quod
1471 3064 1666 3129 super
1702 3041 1813 3108 illo
1856 3042 2015 3109 velit
2058 3052 2232 3110 stare
2273 3045 2343 3109 in
2385 3044 2739 3110 dictamine
2775 3041 3062 3128 collegii,
3119 3051 3183 3109 et
3224 3040 3404 3130 quod
3439 3039 3676 3106 nullum

734 3136 974 3205 zovelit
1014 3138 1101 3204 ad
1140 3139 1407 3206 bursam
1450 3139 1808 3225 admittere,
1867 3142 1997 3208 nisi
2040 3145 2220 3231 prius
2277 3142 2405 3209 sibi
2454 3142 2855 3230 promiserit,
2912 3140 3107 3230 quod,
3169 3142 3228 3206 si
3271 3162 3420 3207 eum
3462 3149 3679 3208 contra

818 3246 1061 3305 statuta
1100 3239 1356 3326 collegii
1398 3238 1714 3305 excedere
1758 3243 2122 3327 contingat,
2186 3264 2465 3330 poenam
2506 3244 2576 3307 in
2624 3241 2868 3307 eisdem
2924 3263 3308 3328 expressam
3350 3250 3584 3328 sponte
3619 3250 3676 3304 et

816 3334 1180 3403 voluntarie
1222 3338 1380 3404 velit
1433 3337 1668 3422 subire,
1729 3349 1796 3404 et
1850 3340 2022 3428 quod
2075 3343 2145 3406 in
2201 3339 2346 3406 aliis
2401 3340 2781 3407 excessibus
2834 3342 2905 3405 in
2961 3338 3235 3425 collegio
3292 3339 3674 3428 perpetratis

817 3438 887 3502 in
930 3435 1281 3503 dictamine
1323 3437 1579 3525 collegii
1621 3438 1780 3504 velit
1825 3448 2017 3504 stare.

923 3624 1024 3684 51.
1071 3636 1166 3685 ΒΕ
1205 3635 1438 3684 Pon-NA
1481 3636 1852 3687 m'rmrls
1898 3637 2307 3688 conmemu
2345 3640 2657 3689 ΑΜΒΝΒΕ
2702 3638 2895 3701 QUAM
2938 3638 3074 3687 ΡΕΕ
3116 3636 3398 3686 vnvm
3443 3637 3584 3687 ΛΒΤ

736 3728 805 3783 25
1112 3718 1119 3729 “
1913 3738 2202 3787 pomum
2242 3736 2594 3788 commu.

984 3850 1148 3916 Item
1189 3850 1404 3918 nullus
1446 3853 1645 3919 intret
1690 3853 2035 3939 collegium
2077 3854 2184 3920 vel
2241 3862 2437 3920 exeat
2478 3852 2743 3921 aliunde
2790 3855 2920 3920 nisi
2964 3875 3083 3941 per
3123 3852 3389 3919 valvam
3427 3852 3671 3939 collegii

816 3949 922 4015 vel
963 3971 1083 4036 per
1125 3960 1383 4038 portam
1425 3951 1732 4038 eiusdem,
1790 3952 1910 4018 sub
1956 3975 2170 4041 poena
2203 3954 2603 4027 ⁴exclusionis
2649 3976 2690 4018 a
2732 3951 3005 4038 collegio
3047 3951 3154 4016 vel
3195 3953 3388 4017 unius
3431 3951 3671 4033 floreni,

826 4048 1246 4115 effectualiter
1288 4073 1408 4138 pro
1446 4059 1772 4116 structura
1815 4051 2076 4138 collegii
2117 4052 2559 4119 convertendi.

958 4233 1054 4295 52.
1098 4248 1193 4295 ΒΕ
1237 4248 1466 4297 Pon-NA
1508 4250 2074 4301 mruonncmwns
2116 4253 2210 4301 AD
2258 4232 2321 4323 [9
2335 4232 2387 4324 ¹³]
2437 4252 2843 4302 commum
2884 4249 3338 4301 ΜΕΕΕΤΕΙΟΕΜ
3379 4252 3523 4300 Aur

735 4339 804 4392 3ο
1999 4352 2454 4401 ΕΕοῐΡῑΕΝΤιε.
2471 4337 2492 4378 ¹

981 4459 1149 4524 Item
1196 4460 1409 4526 nullus
1454 4461 1539 4526 ad
1587 4463 1928 4550 collegium
1979 4467 2353 4533 introducat
2396 4468 2502 4533 vel
2554 4468 2621 4531 in
2678 4489 2753 4533 eo
2806 4467 3085 4554 recipiat
3138 4464 3224 4530 ad
3277 4464 3672 4531 commodum

819 4580 1007 4624 suum
1048 4561 1452 4625 meretricem
1495 4560 1600 4626 vel
1652 4574 1868 4628 actum
1909 4587 2257 4632 venereum
2309 4566 2474 4631 inibi
2515 4576 2853 4650 exerceat,
2913 4565 3034 4632 sub
3076 4586 3290 4653 poena
3333 4575 3674 4653 perpetuae

818 4656 1211 4723 exclusionis
1268 4681 1308 4722 a
1354 4657 1624 4746 collegio
1668 4661 1773 4726 vel
1828 4685 1944 4728 sex
1988 4664 2383 4732 florenorum
2425 4667 2815 4748 renensium,
2874 4689 2995 4753 pro
3053 4674 3378 4729 structura
3435 4663 3673 4751 collegii

818 4755 1292 4826 solvendorum.
1377 4758 1467 4824 Et
1527 4758 1597 4824 id
1661 4770 1971 4828 statutum
2038 4786 2183 4829 cum
2245 4764 2679 4852 praecedente
2742 4766 2949 4830 eciam
3016 4764 3347 4829 concernit
3405 4761 3671 4830 scolares

735 4866 801 4921 35
820 4857 1301 4942 magistrorum.

979 5124 1002 5176 1
1044 5121 1211 5178 Diese
1249 5124 1632 5182 Ueberschrift
1675 5127 1811 5199 geht
1846 5127 1950 5184 auf
1975 5128 2110 5185 zwei
2145 5128 2334 5184 Seiten
2367 5128 2482 5183 und
2531 5148 2592 5184 so
2627 5129 2703 5184 ist
2735 5129 2834 5186 der
2868 5127 3070 5183 Fehler
3106 5127 3417 5183 veranlasst
3452 5130 3672 5200 worden,

818 5205 953 5344 ξω
996 5207 1140 5354 sagei5
1175 5208 1378 5265 Ziffern
1421 5209 1583 5265 dabei
1629 5216 1846 5282 gesetzt
1891 5211 2032 5267 sind.
2105 5213 2318 5268 Fortan
2363 5211 2482 5267 also
2527 5212 2677 5267 zahlt
2714 5213 2817 5267 das
2851 5211 3105 5283 original
3138 5211 3262 5266 eine
3298 5212 3468 5269 Ziffer
3500 5212 3670 5282 hahet,

859 5307 905 5343 ns
941 5306 1011 5343 zu
1145 5296 1192 5345 7.
