4038 6358
1159 593 1337 649 Vierte
1378 592 1909 657 Stawtemedaction,
1942 608 2052 645 von
2089 592 2434 649 1499—1522.
3087 596 3210 659 479

255 796 513 857 nosse,
566 784 657 841 et
720 798 1097 865 procurare
1134 778 1377 844 bonum
1414 777 1763 843 facultatis.
1844 776 1955 843 Sic
2010 799 2116 843 me
2185 776 2344 842 deus
2397 776 2664 841 adiuvet
2715 784 2779 841 et
2818 783 3044 841 sancta
3106 772 3212 839 dei

266 873 773 960 evangelia.“

458 974 725 1056 „Item
783 978 947 1058 ium,
990 973 1165 1061 quod
1206 977 1377 1041 infra
1419 1000 1676 1060 annum,
1719 999 1760 1041 a
1796 976 1924 1041 fine
1954 976 2274 1041 examinis
2300 975 2754 1063 computando,
2798 975 2868 1039 in
2901 976 3030 1038 ista
3069 975 3205 1037 uni·

271 1073 649 1138 versitate
702 1076 793 1141 in
836 1076 1085 1141 artibus
1126 1078 1415 1163 incipere
1452 1076 1681 1158 velim,
1748 1077 1874 1141 nisi
1918 1076 2262 1141 terminum
2306 1099 2347 1140 a
2386 1074 2694 1141 facultate
2736 1075 2982 1139 arcium
3044 1072 3204 1139 obti-

274 1194 511 1237 nuero
566 1171 993 1261 longiorem.
3261 1180 3295 1235 5

474 1272 767 1357 ‚‚Item‚
811 1274 985 1362 quod
1020 1296 1152 1340 non
1191 1273 1387 1341 velim
1429 1275 1715 1361 incipere
1755 1275 1823 1339 in
1867 1273 2118 1340 artibus
2163 1276 2294 1339 nisi
2336 1276 2536 1361 petito
2578 1275 2805 1339 favore
2832 1295 2873 1337 a
2908 1271 3216 1337 facultate

288 1374 585 1436 arcium
642 1382 726 1437 et
775 1372 1058 1439 obtento.

484 1471 747 1554 „Item
790 1470 969 1559 quod
1007 1472 1180 1538 infra
1222 1472 1644 1559 quindenam,
1716 1495 1757 1537 a
1796 1472 1925 1537 fine
1968 1471 2290 1537 examinis
2337 1471 2770 1560 computando
2784 1520 2802 1555 ,
2859 1471 3052 1536 velim
3097 1470 3218 1537 sol-

298 1592 473 1635 vere
522 1570 870 1637 facultati
908 1572 1087 1637 tres¹
1142 1570 1425 1637 florenos
1478 1595 1780 1637 renenses
1824 1593 1943 1658 pro
1986 1573 2256 1655 signeto,
2300 1572 2427 1636 nisi
2469 1594 2509 1636 a
2538 1571 2844 1636 facultate
2884 1570 3219 1637 obtinuero

308 1692 567 1734 eorum
617 1669 1088 1736 dimissionem
1130 1669 1234 1735 vel
1277 1669 1663 1736 dilacionem
1706 1670 1791 1737 ad
1836 1672 2182 1735 terminum
2227 1671 2602 1757 longiorem.
3238 1676 3299 1735 10

498 1770 753 1853 „Item
794 1769 969 1857 quod
1008 1768 1204 1835 velim
1249 1768 1498 1835 solvere
1547 1791 1666 1857 pro
1707 1769 1865 1836 fisco
1908 1771 2352 1835 universitatis
2395 1793 2591 1836 unum
2634 1768 2965 1835 florenum.
2991 1772 3016 1812 ²

500 1868 771 1953 ‚,Ite1n,
816 1866 988 1957 quod
1027 1890 1158 1933 non
1200 1868 1395 1933 velim
1437 1870 1727 1955 incipere
1764 1868 1892 1933 nisi
1936 1869 2186 1953 signeto
2229 1868 2450 1934 habito
2493 1893 2534 1934 a
2577 1869 2843 1936 decano,

507 1968 754 2051 „Item
794 1970 957 2051 iuro,
993 1967 1167 2055 quod
1207 1990 1325 2055 per
1366 1966 1527 2033 duos
1560 1990 1763 2033 annos
1804 1964 2189 2054 [secundum
2232 1966 2627 2056 conclusum]
2649 1972 2674 2012 ³
2715 1971 2782 2033 in
2822 1970 2950 2035 ista
2966 1971 3222 2035 univer·

328 2068 543 2131 sitate
589 2067 831 2155 legam
874 2076 939 2133 et
979 2066 1345 2155 disputabo,
1388 2068 1515 2131 nisi
1559 2090 1809 2132 mecum
1856 2090 2050 2154 super
2092 2066 2218 2132 hoc
2257 2068 2453 2132 fuerit
2497 2067 2962 2155 dispensatum.

522 2167 761 2251 „Item
774 2216 793 2251 ,
856 2166 1032 2254 quod
1073 2175 1317 2231 statuta
1358 2175 1421 2230 et
1463 2167 1835 2250 statuenda,
1902 2188 2072 2254 quae
2118 2176 2266 2231 sunt
2307 2188 2426 2253 pro
2471 2166 2641 2233 bono
2669 2169 3124 2234 'universitatis
3166 2178 3231 2233 et
3248 2180 3306 2234 15

339 2265 734 2349 facultatiS,
780 2265 978 2331 velim
1019 2266 1291 2330 firmiter
1331 2265 1696 2334 observare.

526 2366 780 2450 ,‚Item,
824 2365 998 2453 quod
1034 2366 1229 2431 istum
1269 2362 1543 2450 gradum
1582 2367 1651 2429 in
1694 2364 1873 2429 nulla
1914 2364 2047 2429 alia
2087 2366 2508 2431 universitate
2551 2387 2891 2432 resumam.

525 2465 758 2548 „Item
778 2512 797 2546 ,
854 2462 1028 2552 quod
1068 2462 1307 2527 bonum
1353 2464 1542 2528 huius
1584 2464 2026 2530 universitatis
2067 2473 2129 2529 et
2167 2464 2498 2529 facultatis
2544 2467 2821 2549 arcium,
2885 2464 2984 2530 ad-
3011 2488 3226 2553 quem—

356 2586 629 2653 cunque
678 2572 921 2628 statum
963 2560 1301 2647 devenero,
1346 2562 1543 2627 velim
1584 2584 1957 2650 procurare.

532 2664 760 2747 „Item
800 2664 964 2745 iuro,
1010 2660 1184 2747 quod
1227 2683 1543 2747 personae
1587 2661 1691 2726 vel
1733 2664 2051 2749 personis,
2096 2673 2324 2728 contra
2365 2686 2559 2751 quam
2601 2663 2707 2729 vel
2749 2685 2912 2750 quas
2952 2663 3314 2729 facultasm

364 2764 623 2829 arcium
676 2771 947 2849 propter
988 2782 1139 2825 suos
1180 2782 1487 2825 excessus
1533 2760 1946 2845 exclusionis,
1992 2765 2434 2850 suspensionis
2477 2786 2592 2829 seu
2633 2763 2764 2829 alia
2806 2765 3035 2849 quavis
3079 2786 3224 2828 con-

365 2861 578 2948 digna
626 2883 847 2949 poena
885 2863 1274 2947 processerit
1317 2870 1431 2925 aut
1482 2860 1833 2947 procedere
1892 2864 2233 2947 contigerit
2247 2912 2265 2945 ,
2341 2862 2702 2929 nullatenus
2763 2862 2958 2927 velim
3013 2871 3229 2928 astare

371 2970 485 3026 aut
528 2981 687 3026 eam
717 2959 823 3024 vel
866 2982 1012 3041 eas,
1066 2960 1120 3023 si
1162 2958 1316 3046 quid
1362 2968 1591 3024 contra
1631 2959 1872 3025 dictam
1926 2961 2295 3027 facultatem
2353 2971 2619 3049 propter
2662 2960 3035 3027 huiusmodi
3075 2985 3225 3049 poe-

370 3082 531 3125 nam
574 3059 712 3124 sibi
750 3058 1064 3123 inflictam
1107 3067 1493 3145 attemptare
1532 3062 2046 3147 praesumpserit
2074 3059 2173 3124 vel
2197 3062 2776 3148 praesumpserint,
2821 3063 2890 3125 in
2923 3084 3039 3127 suo
3085 3084 3230 3149 pro-

378 3161 597 3246 posito
645 3158 875 3248 quovis
917 3156 1108 3226 modo
1127 3158 1519 3223 ·confortare
1567 3157 1669 3223 vel
1712 3158 2026 3224 adiuvare
2075 3181 2196 3224 nec
2230 3160 2436 3224 eciam
2482 3160 2743 3245 factum,
2792 3169 3044 3226 certam
3087 3170 3314 3249 per-25

384 3281 621 3324 sonam
670 3281 787 3323 seu
829 3267 1039 3322 certas
1084 3279 1397 3343 personas
1443 3279 1835 3323 concernens
1847 3307 1866 3341 ,
1946 3259 2166 3323 facere
2228 3259 2567 3324 nacionale
2620 3269 2734 3324 aut
2787 3269 2859 3325 ut
2897 3259 3236 3326 nacionale

384 3357 519 3441 fiat,
560 3357 693 3423 hoc
718 3365 835 3440 est,
880 3355 1054 3443 quod
1094 3357 1281 3421 nacio
1327 3379 1469 3422 sese
1512 3357 1594 3422 de
1635 3356 2007 3422 huiusmodi
2034 3358 2207 3422 facto
2243 3360 2648 3441 intromittat,
2690 3361 3073 3442 consentire,
3114 3382 3236 3424 nec

387 3458 620 3539 eciam,
667 3455 815 3520 aliis
856 3458 925 3520 in
965 3455 1140 3521 idem
1182 3455 1761 3538 consencientibus,
1802 3477 1921 3550 per
1962 3477 2068 3520 me
2105 3455 2212 3522 vel
2254 3478 2372 3543 per
2411 3457 2643 3540 alium,
2701 3457 2948 3524 directe
2990 3458 3096 3523 vel
3139 3459 3232 3524 in-

391 3554 641 3622 directe
706 3576 819 3620 seu
883 3555 1113 3641 quovis
1169 3553 1297 3619 alio
1354 3557 1643 3639 quaesito
1701 3555 1932 3637 colore,
1990 3554 2332 3621 consilium
2373 3556 2477 3621 vel
2521 3555 2833 3621 auxilium
2877 3567 3235 3644 praestare,

392 3677 512 3720 nec
558 3657 770 3721 eciam
812 3652 1394 3719 convocacibnibus
1439 3663 1550 3718 aut
1590 3655 1810 3718 verius
1869 3653 2361 3737 conventiculis,
2442 3654 2552 3720 ubi
2621 3654 2778 3720 talia
2841 3656 3070 3722 fierent
3125 3667 3236 3721 aut
3250 3667 3319 3722 30

399 3762 854 3837 tractarentur,
898 3751 1385 3842 quomodolibet
1424 3753 1753 3835 interesse,
1799 3751 1917 3818 sub
1955 3774 2171 3838 'poena
2213 3753 2482 3840 periurii
2535 3763 2599 3818 et
2653 3777 2783 3820 non
2825 3755 3235 3822 admissionis

398 3863 693 3940 tempore
734 3875 850 3918 suo
896 3851 982 3917 ad
1040 3851 1377 3918 consilium
1433 3851 1761 3916 facultatis
1835 3873 1913 3916 ac
1964 3852 2302 3917 carenciae
2359 3854 2644 3918 omnium
2688 3853 3238 3922 emolimentorum

410 3951 619 4018 dictae
661 3950 988 4017 facultatis
1029 3961 1092 4016 et
1134 3961 1393 4016 actuum
1433 3950 1968 4036 magistralium.“

817 4051 963 4139 Hys
1007 4050 1189 4115 lectis
1229 4050 1537 4115 iurabunt
1579 4050 1665 4115 ad
1704 4073 1935 4115 manus
1979 4050 2228 4134 decani,
2272 4050 2590 4116 dicentes:
2634 4049 2821 4138 „Ego
2863 4052 3071 4118 iuro“.

460 4213 583 4304 [Bl.
626 4213 771 4302 27⁸]
817 4220 919 4283 23.
960 4232 1285 4281 mmonss
1326 4233 1655 4281 mffls‘rm
1699 4233 1953 4282 surm
1993 4233 2172 4281 Pos‘r
2213 4234 2455 4284 nomm
2497 4233 3006 4283 Paouocmm
3044 4233 3190 4283 non
3255 4225 3321 4281 35

458 4334 734 4383 maur
776 4331 1245 4381 rAcun'rA'rnn
1284 4333 1747 4381 Psonovnnm
1775 4333 1909 4381 unc
1952 4333 2164 4380 rmn‘r
2192 4334 2330 4380 rna
2351 4333 2762 4400 memoras,
2810 4335 2985 4395 coss
3017 4333 3199 4382 ‘runc

1342 4432 1659 4499 LEGmwr,
1741 4430 2306 4480 seruansnnrns.

564 4549 859 4614 Iuniores
905 4548 1200 4634 magistri
1243 4549 1461 4612 statim
1515 4554 1664 4634 post
1720 4568 1940 4612 eorum
1998 4549 2508 4634 promocionem,
2592 4558 2936 4635 antequam
3002 4547 3241 4612 fuerint

419 4657 875 4735 acturegentes,
916 4669 1045 4714 non
1082 4645 1326 4712 habent
1364 4645 1732 4711 facultatem
1775 4645 2023 4732 aliquos
2065 4645 2511 4733 promovendi,
2553 4645 2668 4712 sed
2699 4648 2883 4734 prius
2909 4671 3029 4734 pro
3067 4656 3239 4712 actu-

422 4750 715 4834 regencia
753 4770 873 4835 per
914 4747 1361 4833 recepcionem
1405 4745 1721 4812 ordinarii
1762 4745 1849 4811 ad
1887 4745 2011 4811 hoe
2055 4768 2124 4811 se
2165 4744 2402 4811 debent
2443 4745 2761 4812 abilitare.
2845 4746 2935 4813 Et
2989 4749 3086 4813 sic
3126 4756 3326 4835 per40

581 5019 604 5069 1
636 5021 744 5069 oreo
775 5011 923 5067 steht
956 5009 1061 5067 auf
1086 5011 1284 5067 Rasur.

573 5103 605 5153 2
642 5097 837 5153 Dieser
872 5093 1087 5151 Absatz
1121 5095 1199 5149 ist
1228 5091 1664 5151 durchstzichen.

575 5185 607 5236 3
641 5181 751 5236 Die
783 5179 1303 5252 eingeklammerten
1340 5181 1539 5236 Worte
1572 5180 1695 5235 sind
1731 5197 1819 5234 am
1856 5179 2054 5236 Raude
2085 5179 2232 5236 links
2254 5179 2668 5253 nachgetragen
2691 5181 2808 5238 und
2822 5181 3075 5238 daneben
3099 5179 3252 5236 steht

426 5279 525 5320 von.
548 5265 845 5322 deraelbm·
866 5264 1051 5320 Hand.
1069 5265 1321 5320 addim
1358 5270 1503 5320 1520.
