4038 6358
882 626 1004 693 436
1869 626 1972 679 Die
2014 624 2452 692 philosophische
2483 624 2738 681 Facultiit.

887 808 1166 895 desuper
1241 818 1385 874 octo
1445 808 1807 877 senioribus
1859 810 1943 876 de
2000 819 2274 897 quatuor
2335 809 2719 876 nacionibus
2775 810 3145 875 convocatis
3188 819 3252 875 et
3298 809 3548 876 auditis.
3620 811 3700 878 Et

887 930 1016 973 uno
1059 908 1329 976 absente
1366 908 1475 975 vel
1517 920 1894 996 aegrotante
1936 911 2208 992 seniore,
2249 931 2408 975 mox
2454 931 2730 996 sequens
2794 911 2864 973 in
2914 908 3142 975 ordine
3193 910 3261 975 in
3315 911 3451 975 eius
3505 911 3698 977 locum

887 1017 1281 1095 surrogetur,
1325 1020 1398 1075 ut
1441 1011 1536 1074 sic
1580 1009 1910 1076 discordia
1953 1010 2228 1075 evitetur
2269 1010 2750 1095 magistrorum.

1038 1181 1131 1241 11.
1177 1193 1273 1240 DE
1313 1192 1515 1242 mono
1560 1192 2059 1242 concanonnm
2100 1193 2175 1240 m
2214 1191 2535 1241 consum
2577 1192 3009 1242 FACULTATIS
3050 1194 3187 1241 PER
3227 1193 3576 1243 Daemon.

806 1313 839 1370 5
1048 1305 1126 1371 In
1204 1308 1824 1394 congregacionibus
1905 1332 2018 1374 seu
2102 1308 2674 1375 convocationibus
2759 1308 3087 1375 facultatis
3166 1308 3467 1374 concludi
3534 1307 3700 1373 debet

896 1405 1248 1472 secundum
1293 1407 1730 1495 pluralitatem
1766 1430 2018 1491 vocum,
2064 1410 2351 1496 exceptis
2394 1407 2969 1496 praeiudicialibus
3012 1418 3075 1473 et
3112 1409 3452 1494 graciosis.
3529 1407 3700 1472 Prae-

885 1504 1219 1572 iudicialia
1262 1517 1480 1572 autem
1518 1516 1778 1594 reputat
1816 1507 2115 1592 facultati,
2161 1510 2216 1573 si
2254 1530 2385 1574 non
2428 1518 2811 1595 acturegens
2852 1509 2921 1571 in
2963 1506 3437 1593 praeiudicium
3458 1504 3702 1571 aliorum

886 1606 1349 1690 magistrorum
1392 1608 1909 1692 acturegencium
1953 1605 2038 1671 ad
2079 1606 2359 1695 aliquem
2402 1617 2640 1689 actum,
2687 1615 2924 1672 statuto
2950 1605 3056 1670 vel
3091 1605 3550 1671 consuetudine
3574 1628 3704 1692 pro-

896 1703 1192 1788 hibitum,
1232 1705 1426 1771 vellet
1471 1705 1757 1788 admitti,
1825 1705 1930 1769 vel
1975 1705 2214 1789 eciam,
2284 1707 2340 1770 si
2381 1704 2615 1771 absens
2657 1706 2726 1770 in
2764 1705 3238 1795 praeiudicium
3277 1707 3705 1792 praesenciam

809 1812 873 1869 10
889 1803 974 1869 ad
1018 1802 1281 1890 aliquod
1319 1803 1599 1871 officium
1644 1804 1973 1870 facultatis
2021 1803 2322 1891 deputari
2363 1803 2470 1869 vel
2514 1800 2882 1888 consimile3
2938 1806 3242 1890 graciosa
3281 1814 3494 1869 autem
3536 1814 3701 1890 putat

886 1925 965 1968 ea
1007 1912 1072 1967 et
1114 1903 1493 1988 consimilia,
1539 1905 1595 1969 si
1639 1906 1782 1993 quis
1822 1905 2279 1990 magistrorum
2323 1914 2472 1968 ante
2516 1926 2701 1968 suam
2743 1904 3244 1990 complecionem
3280 1924 3406 1990 pro
3425 1905 3702 1988 ingressu

888 2002 974 2068 ad
1017 2003 1356 2069 consilium
1398 2002 1725 2069 facultatis
1763 2001 2057 2090 pulsaret
2098 2012 2163 2066 et
2204 2004 2411 2067 maior
2451 2025 2610 2090 pars
2653 2002 2736 2068 ob
2781 2004 3074 2068 favorem
3117 2004 3255 2067 eius
3291 2024 3414 2089 pro
3439 2001 3701 2066 eiusdem

887 2104 1328 2189 assumptione
1369 2112 1627 2168 votaret
1665 2112 1730 2167 et
1773 2101 2201 2189 dispensaret,
2244 2104 2457 2168 minor
2500 2124 2658 2188 pars
2703 2102 3152 2168 contradicens
3213 2101 3703 2187 assumpcionem

891 2199 1258 2267 huiusmodi
1311 2203 1553 2289 poterit
1620 2201 1970 2288 impedire,
2060 2200 2244 2266 salva
2298 2210 2517 2266 tamen
2568 2202 3032 2268 reformacione
3084 2200 3354 2266 illustris
3410 2200 3702 2287 principis

806 2309 868 2364 15
890 2299 1073 2365 ducis
1098 2299 1391 2389 ‘Georgii
1432 2311 1497 2366 et
1536 2300 1781 2366 domini
1823 2301 2116 2387 episcopi
2153 2298 2709 2386 Merssburgensis
2773 2301 3186 2388 disponente:
3230 2300 3333 2382 „si
3385 2300 3457 2362 in
3510 2297 3708 2385 aliqua

881 2402 1156 2466 nacione
1210 2402 1279 2465 in
1332 2398 1640 2465 facultate
1705 2401 1953 2464 arcium
2005 2398 2292 2464 defectus
2358 2400 2818 2484 magistrorum
2879 2401 3080 2484 foret,
3165 2409 3405 2465 extunc
3469 2408 3702 2485 tempus

885 2501 1207 2587 septennii
1251 2500 1600 2587 anticipari
1641 2509 1708 2564 et
1746 2498 2123 2564 abbreviari
2160 2499 2348 2562 iuxta
2390 2498 2854 2563 discrecionem
2900 2498 3228 2564 facultatis
3286 2498 3565 2584 poterit“
3578 2521 3595 2581 3
3644 2506 3707 2561 et

882 2600 1009 2664 isto
1052 2621 1228 2683 casu,
1274 2597 1337 2686 [3
1351 2596 1404 2686 ²]
1452 2608 1698 2665 attenta
1739 2597 1916 2663 dicta
1956 2598 2454 2681 reformacione,
2513 2620 2658 2663 cum
2700 2598 2955 2665 minore
2997 2607 3185 2685 parte
3225 2595 3555 2662 facultatis
3593 2619 3695 2684 per

886 2697 1200 2764 decanum
1243 2699 1450 2785 possit
1492 2697 1807 2765 concludi.

807 2872 876 2929 20
952 2870 1049 2931 12.
1106 2881 1301 2943 QUOD
1343 2880 1662 2931 DECANUS
1702 2881 1849 2930 NON
1891 2879 2335 2947 CONCLUDAT,
2374 2880 2514 2930 NISI
2553 2880 2773 2929 SUPER
2811 2867 2969 2947 ΗΠΒ,
3011 2879 3194 2940 QUAE:
3236 2881 3310 2929 m
3354 2878 3654 2928 SGEDULA

1707 2979 2261 3030 OONVOCAOIOMS
2307 2979 2494 3028 SUNT
2524 2980 2894 3029 EXPRESSA.

1056 3093 1332 3178 Placuit,
1376 3094 1552 3184 quod
1594 3095 1878 3160 decanus
1918 3096 2319 3183 peramplius
2362 3118 2491 3162 non
2535 3094 2804 3161 inducat
2843 3117 3050 3184 neque
3093 3093 3439 3160 concludat
3477 3097 3544 3159 in
3576 3116 3708 3160 con-

887 3198 1277 3283 gregacione
1321 3194 1574 3261 consilii
1612 3194 1958 3279 facultatis,
1999 3197 2127 3260 nisi
2168 3218 2366 3284 super
2420 3219 2548 3284 quo
2602 3196 2780 3261 facta
2833 3204 2932 3260 est
2986 3216 3299 3282 expressa
3341 3195 3709 3260 convocacio

884 3297 952 3360 in
1015 3295 1297 3364 scedula.
1381 3294 1471 3361 Et
1513 3297 1569 3360 si
1612 3318 1795 3360 secus
1847 3294 2146 3360 faciendo
2195 3296 2526 3382 quitquam
2582 3294 2995 3384 concluserit,
3065 3293 3214 3359 talis
3267 3293 3589 3359 conclusio
3640 3295 3709 3358 sit

808 3396 1080 3460 25irrita
1123 3405 1188 3460 et
1225 3396 1469 3478 inanis,
1512 3395 1640 3459 nisi
1680 3417 1877 3481 quam
1919 3396 1987 3458 in
2029 3392 2195 3478 illis,
2234 3417 2400 3482 quae
2451 3395 2793 3460 manifeste
2847 3403 3200 3481 sequuntur
3242 3402 3307 3458 et
3352 3394 3708 3479 contingunt

891 3494 977 3559 ad
1019 3504 1308 3561 tenorem
1353 3495 1857 3577 convocationis,
1901 3492 2251 3560 dummodo
2297 3503 2514 3559 tamen
2552 3494 2669 3559 fiat
2711 3496 2850 3559 sine
2891 3492 3040 3559 dolo
3083 3502 3147 3558 et
3194 3492 3442 3558 fraude.

1078 3665 1172 3728 13.
1213 3675 1498 3738 QUALEM
1539 3676 1824 3726 rosum
1866 3675 2186 3725 nncms
2229 3676 2303 3724 m
2343 3677 2619 3727 'ramosa
2658 3675 3248 3726 convocmmmffl
3287 3675 3524 3725 mmm*

2108 3775 2496 3825 OPPONERE.

1054 3891 1298 3977 Placet,
1343 3892 1516 3982 quod
1559 3891 1840 3958 decanus
1883 3913 2003 3979 pro
2046 3901 2338 3979 tempore
2379 3893 2661 3958 existens
2704 3893 2772 3956 in
2804 3890 3028 3956 arduis
3056 3893 3269 3957 causis
3304 3889 3699 3958 convocando

804 4001 872 4058 30
896 3992 1234 4058 consilium
1258 3985 1605 4058 'facultatis
1653 4001 1945 4080 apponat
1999 3989 2288 4056 debitum
2353 3992 2651 4077 praestiti
2715 3992 3094 4074 iuramenti,
3177 3992 3246 4056 in
3309 4013 3513 4056 causa
3574 4011 3702 4056 vero

891 4091 1160 4158 multum
1200 4090 1407 4157 ardua
1453 4113 1727 4179 poenam
1764 4090 2058 4180 periurii,
2101 4091 2171 4154 in
2213 4089 2358 4154 aliis
2400 4099 2614 4155 autem
2658 4083 3099 4156 communibus
3131 4092 3410 4176 negotiis
3434 4089 3698 4156 debitum

893 4191 1346 4275 obedienciae3
1404 4189 1730 4256 interdum
1775 4189 2124 4254 secundum
2166 4191 2507 4254 materiam
2551 4188 2906 4255 subiectam
2933 4210 3208 4277 poenam
3248 4212 3380 4255 non
3408 4187 3700 4255 contradi-

891 4290 1081 4358 cendi
1121 4291 1226 4356 vel
1274 4291 1611 4356 carenciae
1626 4338 1645 4373 ,
1702 4299 1776 4354 ut
1833 4290 1902 4353 in
1949 4287 2414 4355 distribucione
2465 4288 2874 4355 lectoriorum
2919 4300 2984 4355 et
3021 4289 3371 4355 lectionum
3410 4299 3477 4354 et
3521 4287 3695 4355 consi·

887 4391 1172 4457 milibus.
1254 4388 1542 4455 Poenam
1592 4390 1929 4454 carenciae
1972 4391 2465 4475 acturegenciae
2516 4387 2691 4454 nullo
2742 4398 2936 4476 pacto
2991 4399 3282 4476 apponat
3319 4390 3449 4453 nisi
3489 4390 3560 4454 in
3602 4387 3698 4453 dis-

802 4501 869 4557 35
885 4493 1261 4579 pensatione
1302 4512 1552 4556 morum
1595 4499 1660 4553 et
1699 4488 2008 4554 electione
2052 4487 2425 4554 officialium
2466 4487 2826 4571 facultatiS,
2866 4487 2972 4553 vel
3012 4498 3159 4554 octo
3202 4487 3573 4555 senioribus
3616 4507 3697 4554 seu

885 4592 1121 4656 maiori
1162 4592 1337 4680 parti
1379 4612 1464 4655 ex
1506 4611 1704 4655 causa
1745 4597 2015 4674 urgente
2056 4586 2126 4652 id
2166 4588 2376 4652 visum
2416 4587 2627 4654 fuerit.

897 4763 993 4825 14.
1050 4774 1147 4822 DE
1217 4769 1541 4822 Paomms
1591 4769 1869 4820 FIENDIS
1927 4771 2001 4819 m
2052 4765 2451 4819 PEccnmAM
2501 4771 2637 4818 PER
2687 4770 3021 4820 DEcAmm
3081 4771 3296 4818 mma
3340 4767 3693 4820 mammos

1090 4833 1095 4840 ’
1830 4870 1925 4918 DE
1968 4869 2290 4919 consmo
2332 4870 2782 4920 rAcuL'rA'ns.

1054 4988 1284 5054 Placet
1300 5038 1318 5071 ,
1382 4985 1554 5073 quod
1609 4985 1893 5052 decanus
1947 4987 2015 5051 in
2072 4987 2546 5067 convocacione
2603 4985 2852 5052 consilii
2890 4983 3219 5051 facultatis
3260 5007 3390 5051 non
3431 4986 3692 5075 propinet

889 5088 970 5154 de
1033 5089 1349 5175 peccunia
1402 5085 1750 5168 facultatis,
1802 5087 1929 5150 nisi
1970 5094 2264 5171 tempore
2307 5085 2638 5151 electionis
2683 5108 2836 5150 suae
2898 5095 2962 5150 et
3016 5085 3346 5151 electionis
3406 5087 3688 5151 examina·

801 5198 870 5255 40
888 5199 1099 5253 torum
1120 5198 1203 5253 =et
1253 5189 1320 5252 in
1366 5184 1593 5251 diebus
1642 5196 2015 5250 sanctorum
2057 5183 2322 5270 Aegidii
2364 5196 2428 5250 et
2471 5184 2777 5272 Gregorii
2829 5187 2898 5250 in
2950 5187 3334 5272 recepcione
3379 5184 3686 5252 ordinario·

884 5310 1048 5374 rum,
1105 5297 1170 5352 et
1211 5298 1365 5353 tunc
1407 5308 1537 5350 una
1579 5285 1720 5352 vice
1772 5283 1882 5348 det
1920 5285 2266 5372 unicuique
2310 5285 2391 5350 de
2431 5284 2698 5353 consilio
2741 5287 3198 5371 magistrorum
3239 5293 3495 5353 tantum
3533 5302 3684 5353 unum
