4038 6358
1401 641 1504 693 Die
1536 640 1770 694 δίκαιαι
1805 656 1928 693 vom
1964 642 2129 693 Jahre
2166 640 2309 695 1543.
3156 636 3269 700 571

1503 878 1597 926 ΒΕ
1639 876 2222 928 PBOMOTIONIBUS.

1694 1000 1738 1051 C
1748 1015 1782 1050 a
1794 1015 1828 1064 p
1841 1016 1876 1049 u
1892 1007 1912 1049 t
1946 999 2039 1050 VI.

609 1112 812 1178 Nemo
881 1111 1259 1180 admittatur
1322 1114 1408 1180 ad
1486 1114 1765 1203 gradum
1806 1113 2229 1201 doctoratus,
2302 1110 2429 1175 nisi
2502 1108 2937 1196 quinquennio
3001 1104 3279 1172 audierit

415 1213 881 1277 enarrationes
924 1214 1284 1301 scripturae
1318 1215 1735 1303 propheticae
1778 1225 1842 1281 et
1883 1212 2275 1301 apostolicae
2326 1233 2366 1275 a
2408 1208 2799 1291 doctoribus,
2843 1205 3169 1272 ordinarie
3208 1206 3279 1269 in

414 1309 666 1376 schola
717 1312 1260 1399 praelegentibus,
1317 1316 1455 1379 sive
1506 1313 1613 1379 hic
1658 1315 1795 1380 sive
1839 1313 1994 1379 alibi
2046 1313 2114 1378 in
2171 1309 2516 1399 gymnasio
2566 1307 2991 1395 amplectente
3043 1326 3275 1393 puram
3327 1311 3359 1365 5

415 1408 800 1476 doctrinam
845 1409 1181 1497 evangelii.
1265 1413 1489 1479 Placet
1531 1424 1594 1479 et
1648 1436 1766 1501 per
1808 1412 2167 1495 intervalla,
2224 1413 2278 1475 si
2329 1432 2461 1474 non
2504 1406 2717 1472 obstat
2758 1406 2996 1473 iniuria
3034 1415 3276 1491 tempo-

415 1532 602 1593 rum,
650 1533 729 1576 ac
768 1534 899 1577 non
939 1511 1338 1577 transsultim
1376 1512 1619 1599 gradus
1663 1513 1961 1579 conferri.

609 1609 982 1697 Tyronibus
1026 1611 1369 1698 adsignato
1412 1611 1690 1696 biennio,
1748 1635 1873 1699 quo
1931 1609 2271 1676 audiendis
2324 1604 2883 1696 praelectionibuS‚
2939 1624 3277 1691 argumen-

415 1709 655 1792 tando,
713 1710 1116 1798 excipiendis
1159 1714 1553 1797 argumentis
1595 1721 1658 1777 et
1698 1709 2171 1799 respondendo,
2228 1709 2379 1774 dum
2421 1707 2583 1772 iussi
2623 1704 2889 1787 fuerint,
2943 1704 3028 1770 ad
3078 1725 3278 1791 usque

410 1807 1000 1876 baccalaureatum
1058 1810 1255 1876 studii
1309 1813 1409 1876 sui
1474 1814 1799 1900 specimen
1842 1809 2217 1899 praebeant.
2295 1810 2432 1875 Nec
2473 1805 2770 1871 volumus
2813 1804 3274 1870 baccalaureos
3300 1811 3362 1866 10

415 1909 581 1974 fieri
623 1908 1005 1996 theologiae,
1045 1911 1175 1975 nisi
1214 1912 1561 1996 magistros
1603 1911 1841 1977 artium
1884 1922 1995 1976 aut
2034 1910 2310 1975 aliarum
2351 1905 2725 1972 facultatum
2767 1903 3126 1970 licentiatos
3170 1911 3281 1967 aut

420 2007 757 2074 doctores.

600 2106 708 2173 Ad
753 2106 1154 2175 doctoratum
1194 2118 1267 2174 ut
1309 2109 1727 2197 designentur
1773 2109 2165 2187 (licentiatos
2206 2115 2491 2190 vocant),
2533 2108 2879 2172 triennium
2926 2105 3176 2185 damus,
3211 2103 3279 2166 in

419 2229 564 2295 quo
610 2231 738 2274 non
794 2207 1063 2274 audiant
1111 2208 1301 2274 modo
1355 2219 1417 2275 et
1474 2208 1985 2296 argumentando
2047 2206 2625 2295 respondendoque
2682 2205 2888 2271 seduli
2946 2205 3106 2286 sint,
3167 2201 3281 2268 sed

422 2308 634 2371 etiam
689 2307 949 2372 biennio
993 2316 1150 2389 toto,
1207 2309 1512 2395 quicquid
1556 2308 1637 2374 de
1679 2306 1917 2374 iudicio
1959 2306 2284 2372 facultatis
2331 2329 2450 2394 pro
2492 2316 2781 2393 tempore
2818 2305 2977 2370 iussi
3018 2302 3275 2384 fuerint,
3298 2310 3361 2365 15

419 2407 502 2470 in
547 2429 715 2471 novo
756 2415 1137 2472 testamento
1181 2409 1480 2494 primum,
1523 2408 1755 2474 dehinc
1797 2409 1864 2473 in
1892 2408 2098 2472 veteri
2134 2406 2395 2494 publice
2434 2405 2683 2491 legant3
2728 2414 2792 2470 et
2831 2426 2947 2491 per
2986 2400 3278 2488 singulos

427 2527 644 2571 annos
690 2507 756 2570 in
799 2506 1113 2593 canicula,
1160 2508 1311 2573 dum
1352 2510 1667 2574 feriantur
1709 2507 2025 2589 doctores,
2068 2508 2198 2594 ipsi
2240 2529 2359 2594 per
2403 2505 2693 2571 ordinem
2740 2503 3091 2590 disputent.

607 2602 728 2691 [131.
770 2604 878 2692 3¹²]
921 2607 1059 2672 Nec
1102 2610 1314 2673 minus
1355 2609 1421 2672 in
1466 2618 1739 2695 quatuor
1782 2616 2143 2694 temporum
2185 2604 2601 2672 conventibus
2646 2604 2851 2669 sacris
2886 2601 3090 2666 latine
3131 2622 3278 2687 con·

426 2706 781 2786 tionentur,
825 2728 867 2770 a
908 2728 1038 2794 qua
1079 2730 1151 2773 re
1188 2731 1271 2773 ne
1311 2706 1673 2773 licentiatos
1718 2707 1996 2795 quidem,
2044 2707 2100 2771 si
2138 2728 2244 2771 res
2288 2707 2551 2793 exigere
2594 2701 2939 2785 videbitur,
2982 2710 3243 2767 exortes
3259 2700 3279 2740 ¹

427 2825 579 2868 esse
620 2801 935 2870 volumus.
3288 2804 3361 2863 m

1525 2941 1737 2990 RATIO
1781 2940 2202 2990 DOCTRINAE.

1667 3060 1712 3111 C
1722 3075 1756 3110 a
1769 3077 1803 3125 p
1815 3076 1849 3111 u
1864 3067 1886 3110 t
1917 3059 2058 3110 VII.

603 3172 884 3238 Necesse
942 3182 1154 3238 autem
1213 3184 1312 3239 est
1364 3175 1433 3240 in
1492 3174 1800 3242 discendo
1853 3174 2098 3257 videre,
2158 3174 2267 3262 qui
2326 3174 2456 3240 sint
2512 3175 2847 3263 praecipui
2905 3172 3050 3254 loci,
3112 3191 3277 3256 quae

436 3273 652 3355 initia,
707 3294 872 3359 quae
929 3275 1419 3360 progressiones
1462 3284 1527 3339 et
1567 3285 1776 3340 metae
1820 3276 1959 3341 eius
2001 3273 2356 3356 doctrinae,
2412 3297 2603 3362 quam
2647 3275 2972 3359 sequimur
3018 3281 3081 3337 et
3118 3272 3279 3335 inte-

431 3394 628 3458 gram
672 3373 1008 3458 percipere
1051 3373 1361 3460 cupimus.
1416 3373 1554 3439 Hos
1598 3374 1775 3440 locos
1817 3384 1882 3438 et
1922 3372 2043 3438 has
2084 3382 2289 3438 metas
2332 3396 2570 3459 magna
2613 3396 2696 3439 ex
2736 3381 2921 3459 parte
2961 3377 3360 3436 monstratffi

435 3470 721 3558 epistola
779 3470 866 3536 ad
923 3471 1266 3538 Romanos.
1348 3473 1487 3538 Imo
1550 3474 1605 3537 si
1666 3472 1868 3538 addes
1909 3471 2272 3537 doctrinam
2331 3471 2412 3537 de
2464 3463 2751 3537 trinitate
2804 3493 2888 3537 ex
2941 3468 3276 3556 evangelio

432 3570 722 3653 Ioannis,
766 3570 1087 3657 integrum
1129 3593 1361 3659 corpus
1405 3572 1605 3637 habes
1647 3572 1980 3637 doctrinae
2024 3571 2516 3636 ecclesiasticae.

606 3667 781 3735 Olim
826 3677 966 3735 erat
1006 3669 1400 3736 consuetudo
1442 3670 1659 3758 legere
1689 3669 2219 3756 Longobardum‚
2263 3670 2379 3735 sed
2420 3672 2575 3758 quia
2616 3670 2934 3758 quaedam
2975 3670 3045 3734 in
3085 3670 3276 3735 tertio

433 3768 519 3834 de
557 3768 1027 3852 iustificatione,
1072 3768 1277 3834 multa
1319 3769 1388 3834 in
1423 3779 1653 3857 quarto
1698 3769 1779 3835 de
1820 3771 2238 3835 sacramentis
2283 3770 2670 3835 dissentiunt
2711 3793 2752 3835 a
2787 3792 2953 3857 pura
2982 3768 3275 3834 doctrina

433 3867 774 3954 evangelii,
818 3889 1010 3957 quam
1057 3867 1436 3955 profitentur
1479 3867 1789 3934 ecclesiae
1829 3879 2109 3951 nostrae,
2151 3869 2320 3952 ideo,
2363 3879 2672 3958 percepta
2711 3874 2812 3951 (ut
2853 3868 3099 3934 dictum
3140 3875 3266 3946 est)
3286 3878 3355 3934 30

434 3990 686 4033 summa
742 3966 1074 4033 doctrinae
1129 3988 1213 4031 ex
1252 3967 1477 4051 Paulo,
1528 3991 1699 4034 nunc
1753 3968 1929 4056 legat
1983 3972 2437 4036 sententiarius
2493 3970 2573 4035 de
2626 3969 2871 4035 iudicio
2920 3967 3150 4034 decani
3203 3978 3267 4032 et

438 4067 712 4132 senioris
753 4064 1081 4132 facultatis
1121 4066 1530 4154 theologicae
1566 4068 1817 4156 aliquos
1863 4067 2149 4155 psalmos
2194 4079 2305 4134 aut
2347 4069 2592 4157 aliquid
2634 4093 2716 4134 ex
2760 4067 3108 4156 prophetis.

1697 4252 2028 4301 smum.

1651 4370 1861 4434 Caput
1894 4371 2072 4432 v111.

603 4482 696 4549 Ut
734 4505 890 4549 vero
934 4492 1000 4549 et
1037 4482 1237 4549 titulis
1278 4485 1484 4549 maior
1529 4484 1886 4551 authoritas
1930 4484 2230 4569 accedat,
2285 4507 2405 4550 nec
2448 4485 2677 4553 horum
2731 4490 2948 4576 specie
3000 4489 3267 4556 homini-
3286 4498 3354 4555 35

434 4584 560 4651 bus
599 4585 967 4672 inponatur,
1011 4582 1360 4669 adigantur
1398 4585 1592 4649 etiam
1634 4583 1719 4649 ad
1759 4584 2052 4650 discendi
2094 4608 2314 4652 curam
2358 4588 2650 4653 exactius
2692 4587 2985 4671 studiosi,
3034 4590 3274 4654 exami-

440 4675 635 4749 nibus
696 4682 928 4748 dehinc
989 4681 1308 4769 agendum
1375 4705 1706 4749 censemus
1766 4685 1876 4766 sic,
1939 4696 2010 4748 ut
2071 4684 2551 4768 baccalaureus,
2613 4689 2997 4774 praestituto
3061 4687 3276 4776 aliquo

440 4784 814 4849 testamenti
872 4783 1026 4848 novi
1081 4782 1270 4866 libro,
1329 4805 1455 4848 uno
1510 4804 1816 4848 consessu
1871 4783 2306 4870 designandus
2362 4786 2430 4849 in
2481 4788 2686 4851 veteri
2738 4810 3033 4874 novoque
3084 4796 3275 4854 testa-

441 4891 663 4948 mento
705 4904 823 4969 per
863 4891 1068 4948 totum
1112 4881 1451 4969 collegium
1495 4881 1866 4968 exploretur
1909 4891 1972 4948 et
2019 4883 2106 4949 ad
2157 4885 2555 4971 interrogata
2604 4885 2874 4972 singulis
2930 4909 3048 4975 per
3103 4887 3272 4954 ordi-

437 5003 584 5047 nem
625 4980 1035 5068 respondeat.
1120 4980 1267 5062 Qua
1320 4983 1387 5046 in
1426 5004 1498 5046 re
1539 4976 1881 5057 ἐπιεικῶς,
1942 4985 2202 5048 minime
2244 5006 2398 5049 vero
2442 4984 2790 5072 sophistice
2845 4995 2957 5051 aut
3016 5009 3265 5053 amaru-
3284 4998 3351 5053 40

436 5081 661 5164 lenter,
707 5078 822 5145 sed
857 5081 1008 5167 pie,.
1028 5079 1315 5147 modeste
1360 5103 1438 5146 ac
1479 5082 1767 5169 graviter
1809 5081 2233 5147 incedendum
2275 5081 2682 5150 arbitramur.

610 5318 633 5370 1
671 5312 809 5372 Also
842 5331 991 5370 mass
1022 5330 1083 5371 ss
1115 5312 1271 5383 oben,
1304 5312 1361 5371 S.
1383 5319 1498 5384 299,
1530 5318 1612 5379 28,
1647 5312 1805 5370 nicht
1835 5321 2067 5372 ammos
2101 5314 2336 5372 sondern
2368 5313 2638 5372 ebenfalls
2670 5322 2879 5372 emor-us
2913 5314 3143 5377 heisten.
