4038 6358
699 631 782 696 60
1652 635 1754 686 Die
1789 637 2029 690 Statnten
2064 655 2185 690 vom
2230 639 2395 690 Jahn
2434 641 2563 687 1⁴10

699 811 948 878 cialiter
989 813 1076 880 ad
1119 813 1242 880 hoc
1285 815 1460 882 facta
1473 865 1492 899 ,
1543 827 1616 882 ut
1651 817 2041 905 quibusdam
2082 817 2556 902 criminalibus,
2618 827 2887 908 propter
2927 839 3093 906 quae
3134 812 3663 882 universitas

703 934 898 1000 saepe
939 923 1039 980 est
1079 916 1456 1002 inquietata,
1500 929 1806 1008 quantum
1849 919 1992 985 fieri
2034 921 2273 1008 poterit
2312 920 2721 1008 aliquatenus
2764 917 3080 1000 obvietur,
3120 913 3657 983 concorditer

702 1034 820 1099 per
859 1035 1082 1080 omnes
1123 1016 1432 1082 naciones
1475 1019 1842 1085 conclusum
1883 1019 2037 1085 fuit:

864 1129 1118 1214 Primo,
1174 1131 1347 1221 quod
1406 1133 1677 1220 quilibet
1732 1145 2025 1222 repertus
2086 1137 2154 1201 in
2203 1134 2549 1202 homicidio
2608 1133 2973 1200 remittatur
3028 1131 3116 1198 ad
3159 1132 3651 1219 episcopum

649 1237 684 1292 5
703 1231 1033 1316 perpetuis
1075 1231 1446 1300 carceribus
1488 1234 1974 1322 mancipandus.

865 1345 1031 1411 Item
1084 1349 1152 1414 in
1213 1371 1413 1415 causa
1461 1351 1616 1418 furti
1675 1351 1953 1439 placuit,
2015 1349 2190 1439 quod
2231 1352 2299 1416 in
2336 1371 2715 1439 quocunque
2756 1349 2927 1414 furto
2970 1355 3265 1434 repertus
3310 1369 3361 1412 a
3424 1365 3643 1432 gre-

703 1445 833 1510 mio
873 1447 1313 1514 universitatis
1356 1450 1757 1517 excludatur.
1841 1447 1918 1516 Si
1971 1461 2189 1516 tamen
2243 1451 2387 1538 quis
2430 1449 2498 1514 in
2538 1447 2811 1514 notabili
2852 1448 3022 1512 furto
3065 1455 3371 1534 repertus
3436 1446 3637 1510 fue-

703 1545 822 1628 rit,
861 1545 1035 1612 ultra
1076 1547 1200 1614 hoc
1237 1551 1526 1616 mittatur
1567 1549 1654 1616 ad
1698 1552 2077 1639 episcopum
2114 1571 2327 1638 poena
2366 1547 2690 1635 condigna
2728 1545 3116 1636 puniendus.

1487 1739 1584 1800 20.
1631 1731 1756 1822 [Bl.
1791 1732 1926 1823 18⁸]
1983 1753 2124 1804 νοω
2158 1753 2240 1804 26.
2273 1753 2475 1804 saum
2516 1751 2659 1804 1470.

627 1884 690 1940 10
869 1876 1060 1945 Anno
1119 1881 1362 1948 domini
1414 1881 2869 1974 millesimoquadringentesimoseptuagesimo
2884 1928 2904 1962 ,
2980 1877 3089 1944 die
3154 1900 3311 1946 vero
3370 1881 3617 1944 vioe-

707 1977 875 2043 sima
909 1987 1098 2046 sexta
1127 1983 1368 2046 mensis
1401 1983 1707 2066 Ianuarii,
1748 1985 2123 2050 conclusum
2142 1984 2264 2050 fuit
2290 1985 2357 2050 in
2376 1981 2667 2068 generali
2689 1978 3163 2046 convocacione
3190 1980 3605 2066 magistro-

701 2099 844 2142 rum
887 2081 1346 2164 universitatis,
1391 2083 1759 2170 specialiter
1800 2083 1888 2149 ad
1927 2083 2053 2150 hoc
2092 2083 2285 2165 facta,
2328 2091 2392 2148 et
2429 2105 2548 2170 per
2591 2089 2865 2168 quatuor
2899 2078 3209 2144 naciones
3246 2077 3605 2146 eiusdem

701 2177 1147 2253 universitatis
1188 2182 1594 2251 concorditer
1635 2182 2073 2270 approbatum
2118 2190 2246 2248 est:

875 2303 928 2362 1.
990 2295 1182 2378 Quod
1250 2297 1496 2364 nullum
1563 2301 2002 2366 universitatis
2058 2301 2467 2386 suppositum
2530 2295 2836 2383 deinceps
2894 2293 3146 2361 habitet
3196 2297 3265 2362 in
3316 2294 3595 2384 aliquo

625 2400 686 2456 15
703 2392 830 2460 alio
869 2393 1014 2462 loco
1056 2396 1228 2464 ultra
1266 2421 1554 2468 mensem
1593 2421 1786 2485 quam
1827 2422 1976 2466 cum
2022 2397 2379 2486 collegiatis
2410 2407 2523 2464 aut
2560 2397 2627 2462 in
2654 2395 2869 2462 bursis
2900 2415 3018 2482 per
3046 2397 3587 2463 universitatem

700 2494 1084 2580 approbatis
1098 2546 1119 2581 ‚
1175 2497 1420 2564 ibidem
1477 2498 1828 2566 secundum
1886 2500 2033 2564 iura
2080 2497 2375 2566 bursalia
2424 2493 2707 2562 vivendo
2722 2545 2742 2578 ,
2798 2505 2913 2562 aut
2968 2517 3115 2560 cum
3156 2496 3581 2564 doctoribus

701 2590 889 2658 huius
941 2597 1415 2665 universitatis:
1479 2599 1662 2666 salvo
1719 2597 1895 2686 quod
1931 2599 2229 2686 magistri
2270 2599 2547 2680 arcium,
2598 2597 2669 2660 in
2712 2593 2989 2662 decretis
3028 2593 3132 2660 vel
3172 2597 3575 2664 medicinae

700 2692 1053 2760 baccalarii
1103 2699 1355 2784 possint
1408 2697 1612 2765 libere
1667 2707 1842 2764 stare
1901 2721 2022 2786 pro
2066 2697 2373 2764 decencia
2416 2705 2621 2764 status
2660 2717 2881 2762 eorum
2922 2703 3113 2762 extra
3152 2693 3301 2762 loca
3340 2719 3573 2783 prae-

703 2792 879 2859 dicta
923 2816 1068 2860 cum
1107 2819 1236 2862 uno
1278 2797 1582 2864 familiari
1621 2799 1978 2864 dumtaxat.
2062 2797 2136 2864 Si
2173 2807 2392 2864 tamen
2430 2793 2696 2884 aliquod
2736 2792 2842 2882 [18
2857 2792 2909 2884 ¹³]
2951 2797 3385 2883 suppositum,
3430 2821 3569 2864 cu-

618 2901 688 2956 20
704 2893 1058 2981 iuscunque
1097 2895 1424 2964 facultatis
1464 2900 1686 2982 fuerit,
1729 2921 1814 2964 ex
1853 2897 2237 2964 racionabili
2278 2919 2478 2963 causa
2517 2895 2857 2963 comodose
2900 2903 3073 2960 stare
3120 2919 3251 2962 non
3292 2899 3563 2985 poterit

702 2993 771 3058 in
825 2992 1116 3082 collegiis
1169 3007 1284 3063 aut
1321 2981 1538 3064 bursis
1585 3007 1700 3064 aut
1741 3019 1892 3063 cum
1934 2995 2339 3079 doctoribus,
2396 3007 2469 3062 ut
2510 2995 2977 3083 praemittitur,
3038 3005 3277 3062 extunc
3316 3007 3562 3064 rector

703 3114 823 3179 pro
877 3101 1167 3182 tempore
1221 3097 1539 3181 existens,
1591 3097 1976 3163 informatus
2031 3120 2149 3186 per
2204 3095 2637 3177 ordinarium,
2702 3095 2761 3159 si
2800 3103 2900 3160 est
2940 3093 3214 3161 scolaris
3254 3098 3325 3161 in
3370 3096 3555 3181 iure,

701 3193 808 3259 vel
851 3193 1166 3261 decanum
1207 3195 1473 3263 alterius
1514 3198 1842 3263 facultatis
1859 3245 1878 3280 ‚
1921 3200 2102 3264 cuius
2141 3196 2471 3263 facultatis
2514 3196 2831 3277 extiterit,
2876 3195 2957 3260 de
2999 3194 3309 3282 qualitate
3322 3244 3341 3279 ,
3386 3218 3555 3263 con-

705 3293 958 3359 dicione
1009 3304 1074 3360 et
1130 3318 1330 3362 causa
1384 3318 1733 3383 personae:
1805 3320 1970 3387 quae
2024 3299 2083 3363 si
2136 3297 2551 3363 racionabilis
2608 3296 2803 3361 fuerit
2854 3306 2921 3361 et
2970 3293 3290 3380 legittima
3304 3344 3323 3377 ,
3380 3306 3553 3363 tunc

615 3402 684 3458 25
703 3402 918 3459 rector
959 3415 1108 3459 cum
1145 3396 1277 3461 suis
1319 3395 1758 3462 assessoribus
1800 3396 2135 3485 dispenset
2174 3407 2240 3463 et
2276 3396 2649 3482 indulgeat3
2694 3403 2759 3459 et
2786 3393 2869 3460 de
2893 3394 3021 3459 hac
3042 3392 3553 3483 dispensacione

703 3493 972 3559 scolaris
1014 3495 1332 3581 signetum
1371 3495 1659 3563 obtineat
1699 3518 1742 3561 a
1783 3507 2035 3563 rectore
2074 3498 2300 3582 gratis,
2340 3496 2461 3561 sub
2506 3516 2722 3581 poena
2752 3495 2941 3559 unius
2988 3493 3239 3577 floreni,
3282 3496 3543 3561 tociens

705 3593 1009 3679 quociens
1053 3595 1448 3661 contrarium
1489 3597 1704 3662 facere
1745 3597 2285 3683 praesumpserit,
2328 3604 2396 3660 et
2435 3595 2837 3682 privacionis
2879 3596 3367 3680 promocionum
3420 3616 3551 3681 per

705 3693 900 3758 istum
953 3715 1190 3761 annum
1245 3696 1314 3759 in
1367 3696 1542 3761 omni
1593 3693 1902 3761 facultate
1953 3716 2207 3761 necnon
2266 3696 2602 3761 carenciae
2658 3692 3049 3759 defensionis
3092 3694 3549 3760 universitatis

701 3790 814 3857 illa
864 3792 1024 3857 vice.
1105 3792 1192 3858 Et
1247 3793 1419 3880 quod
1474 3804 1687 3861 rector
1743 3795 1827 3859 sit
1878 3796 2183 3861 astrictus
2228 3792 2397 3882 [19⁸]
2454 3792 2575 3859 sub
2620 3816 2737 3859 suo
2782 3794 3141 3860 iuramento
3187 3792 3275 3859 ad
3320 3803 3543 3861 extor-

619 3899 689 3955 30
708 3888 1034 3979 quendum
1073 3914 1348 3980 poenam
1391 3895 1948 3977 contrafacientis3
2003 3914 2257 3959 necnon
2306 3893 2533 3959 famuli
2573 3892 2663 3960 ad
2700 3891 3044 3979 diligenter
3082 3892 3543 3979 inquirendum

700 4000 766 4056 et
818 3992 1057 4056 rectori
1109 3991 1652 4059 denunctiandum
1707 3994 1872 4060 tales
1930 4002 2157 4059 contra
2214 3992 2580 4059 huiusmodi
2636 3998 2879 4059 statuta
2918 3990 3365 4080 delinquentes
3409 3992 3537 4059 sub

702 4091 835 4158 suis
879 4092 1256 4158 iuramentis
1303 4093 1431 4159 sint
1471 4094 1736 4159 astricti.

866 4212 923 4273 2.
971 4206 1200 4275 Placet
1246 4231 1366 4296 pro
1419 4209 1742 4275 communi
1785 4218 1958 4275 statu
1995 4208 2437 4274 universitatis
2478 4215 2542 4272 et
2582 4206 2979 4273 incremento
3020 4208 3529 4295 suppositorum,

701 4306 877 4397 quod
928 4316 1144 4375 rector
1183 4331 1303 4396 pro
1358 4316 1648 4395 tempore
1691 4310 1980 4373 existens
2021 4308 2091 4371 in
2133 4307 2307 4372 omni
2346 4306 2709 4371 mutacione
2726 4354 2745 4389 ,
2788 4328 2831 4371 a
2874 4314 3167 4393 tempore
3214 4328 3371 4372 suae
3412 4307 3539 4373 ele-

616 4416 684 4472 35
704 4406 934 4473 ctionis
985 4408 1158 4473 infra
1214 4405 1377 4473 duos
1431 4430 1684 4474 menses
1699 4458 1718 4490 ,
1770 4409 2061 4495 requirat
2104 4414 2389 4470 rectores
2432 4413 2495 4469 et
2538 4415 2961 4471 conventores
3002 4404 3419 4491 collegiorum
3474 4416 3542 4473 et

700 4505 1044 4573 bursarum
1100 4507 1185 4573 ad
1243 4506 1788 4594 praesentandum
1848 4517 1913 4572 et
1963 4502 2400 4571 exhibendum
2456 4502 2582 4569 sibi
2624 4504 2841 4569 omnia
2885 4514 2949 4571 et
2994 4504 3256 4591 singula
3298 4528 3537 4594 suppo-

703 4608 826 4673 sita
866 4608 935 4673 in
981 4608 1238 4695 scriptis
1283 4607 1351 4671 in
1392 4607 1555 4692 ipsis
1598 4604 1884 4691 collegiis
1927 4615 1993 4671 et
2035 4603 2250 4669 bursis
2294 4605 2787 4668 commorancia.
2874 4602 3131 4684 Quibus
3174 4602 3301 4669 sibi
3346 4626 3535 4691 prae-

703 4706 968 4773 sentatis
1023 4715 1238 4772 rector
1285 4728 1431 4770 cum
1475 4703 1602 4771 sibi
1645 4704 1963 4769 adiunctis
2007 4701 2451 4769 assessoribus
2492 4724 2711 4767 omnes
2755 4712 2819 4767 et
2862 4702 3153 4789 singulas
3194 4702 3431 4768 bursas
3474 4713 3540 4770 et

703 4803 976 4892 collegia
1031 4806 1203 4871 infra
1255 4814 1510 4891 tempus
1551 4803 1952 4891 praedictum
1995 4800 2426 4891 personaliter
2464 4802 2711 4883 visitet,
2764 4823 2807 4866 a
2846 4801 3119 4888 singulis
3160 4798 3265 4889 [19
3282 4799 3335 4890 1’]
3380 4825 3537 4890 sup-

619 4905 933 4992 40positis
960 4904 1084 4970 sibi
1121 4907 1186 4968 in
1217 4906 1477 4991 scriptis
1504 4902 1860 4989 designatis
1879 4902 2211 4989 sigillatim
2235 4898 2638 4986 inquirende,
2665 4901 2732 4963 in
2763 4900 3213 4987 quafacultate
3226 4901 3537 4969 lectiones

701 5012 766 5068 et
819 5026 860 5069 a
915 5026 1040 5091 quo
1097 5003 1200 5069 vel
1247 5026 1288 5069 a
1331 5002 1564 5091 quibus
1605 5001 1886 5068 audiant.
1971 5002 2059 5067 Et
2105 5002 2160 5065 si
2203 4998 2463 5087 aliquod
2506 5001 2911 5087 suppositum
2952 5010 3283 5087 repertum
3322 5002 3538 5084 fuerit,

702 5101 874 5192 quod
914 5101 1221 5169 lectiones
1261 5124 1389 5168 non
1433 5101 1691 5185 audiat,
1744 5100 1920 5167 istud
1972 5100 2253 5187 desuper
2292 5107 2628 5164 moneatur
2670 5108 2763 5180 et,
2816 5101 2873 5163 si
2912 5107 3064 5186 post
3104 5103 3539 5167 monicionem

698 5203 936 5268 factam
979 5201 1152 5267 infra
1191 5211 1336 5267 octo
1377 5200 1516 5267 dies
1559 5201 1908 5267 monicioni
1949 5199 2221 5265 rectoris
2266 5219 2337 5263 se
2376 5218 2507 5262 non
2548 5195 3120 5283 obtemperaverit,
3162 5199 3247 5265 ab
3278 5202 3535 5267 univer·

701 5303 894 5369 sitate
934 5300 1282 5389 relegetur.
