4038 6358
1247 616 1351 669 Die
1383 616 1624 671 statuam
1664 632 1788 671 vom
1825 618 1990 673 διὲκ
2034 616 2176 673 1628.
3017 616 3138 686 283

670 970 718 1021 5.
760 970 881 1019 DIE
919 969 1302 1023 STATUTEN
1337 963 1478 1023 1³15ss
1515 973 1640 1023 DIE
1677 971 2095 1035 INQUILINEN
2130 970 2289 1023 VOM
2321 972 2552 1025 JARRE
2596 971 2763 1023 1628.ι

277 1134 502 1185 nuens
559 1134 653 1181 m·
709 1132 1313 1183 cons'rrrnrlolms
1371 1136 1464 1184 nr:
1519 1136 1684 1186 vrrs
1737 1138 1828 1184 ET
1883 1136 2190 1185 uomens
2244 1134 2759 1209 mqulnmontm
2815 1133 3143 1183 commu

355 1237 419 1283 B.
461 1232 772 1282 vmcmrs
813 1234 1070 1283 mmm
1115 1234 1452 1297 QUARTUM
1491 1234 1892 1284 nsscoemn
1933 1236 2026 1283 Er
2064 1219 2626 1301 nocuum-Arm,
2671 1234 2858 1284 Anno
2902 1234 3059 1283 msu
3198 1218 3208 1228 '

1173 1332 1456 1384 ‚cnms'm
1495 1318 1802 1403 Σωτῆρος
1842 1334 2237 1383 uncxxvm.

1373 1480 1462 1568 [S.
1511 1478 1568 1571 1]
1614 1499 2052 1549 Pnoommm.
3189 1485 3223 1542 5

444 1614 608 1681 Cum
651 1612 1056 1702 reipublicae
1097 1636 1176 1680 ac
1219 1616 1750 1681 communitatum
1797 1633 2325 1703 quarumcunque
2368 1614 2499 1679 sint
2523 1611 2788 1679 vincula
2828 1633 2909 1677 ac
2938 1608 3138 1675 veluti

290 1715 466 1780 nervi
517 1712 720 1798 legen,
774 1714 986 1778 visum
1031 1722 1131 1779 est
1181 1713 1570 1797 faciendum,
1623 1723 1696 1781 ut
1740 1716 1961 1800 capita
2006 1713 2328 1802 quaedam
2372 1722 2693 1791 certarum
2740 1710 3139 1777 constitutio-

291 1836 453 1895 num,
491 1812 730 1899 quibus
767 1811 1072 1897 inquilini
1111 1812 1364 1897 collegii
1415 1812 1605 1879 huius
1647 1822 2039 1895 tenerentur,
2096 1823 2247 1901 post
2295 1812 2493 1877 duum
2533 1820 2955 1890 mercatuum,
2992 1830 3136 1873 ver-

293 1910 444 1977 nalis
483 1911 789 1976 nimirum
833 1922 897 1976 et
940 1911 1348 1994 autumnalia,
1392 1911 1592 1977 ferias
1633 1913 2085 1995 recitarentur,
2126 1934 2252 1999 quo
2297 1912 2399 1977 sui
2438 1910 2715 1999 quisque
2756 1906 2954 1975 officii
2994 1904 3137 1971 dili-

294 2010 531 2097 gentius
571 2009 1044 2075 admoneretur.
1127 2009 1232 2076 Ea
1273 2020 1439 2094 sunt,
1483 2030 1650 2097 quae
1693 2019 2070 2097 sequuntur.
3156 2013 3223 2069 10

1279 2164 1376 2241 nn
1419 2190 1733 2243 ransom
1775 2192 2137 2255 motuum.

1509 2311 1840 2362 Statntum
1879 2313 1923 2364 1.

455 2424 842 2510 Quicunque
881 2423 1240 2491 conducere
1279 2423 1454 2491 {volet
1491 2423 1560 2489 in
1601 2425 1724 2491 hoc
1764 2423 2037 2513 collegio
2079 2425 2564 2508 habitationem,
2604 2424 2779 2491 hunc
2822 2420 2909 2511 [2]
2954 2421 3141 2489 nolu-

305 2547 430 2589 mus
483 2524 586 2589 vel
644 2545 728 2587 ex
784 2521 912 2589 alio
955 2532 1139 2589 coetu
1194 2523 1567 2589 academico
1610 2522 1943 2589 exclusum
1999 2524 2441 2611 relegatumve
2492 2523 2599 2590 vel
2651 2532 2875 2589 nostro
2927 2522 3140 2588 aliove

308 2623 554 2709 collegio
621 2623 914 2687 eiectum.
997 2622 1314 2688 Nolumus
1373 2624 1566 2697 etiam
1621 2622 1877 2688 admitti
1928 2625 2235 2689 infamem
2288 2623 2667 2688 criminibus
2719 2623 3221 2711 compotatio-15

307 2746 460 2805 num,
497 2720 817 2804 ludorum,
859 2720 1245 2786 tumultuum
1273 2720 1697 2788 turbarumve
1737 2722 2032 2805 ullarum,
2078 2725 2215 2788 sive
2259 2723 2362 2787 cui
2397 2722 2776 2787 inimicitiae
2805 2720 3139 2786 evidentes

317 2832 370 2886 et
402 2842 628 2907 graves
665 2820 795 2884 sint
835 2842 982 2884 cum
1025 2820 1242 2909 aliquo
1281 2844 1365 2886 ex
1409 2820 1674 2907 collegis
1719 2832 1782 2887 et
1824 2822 2106 2888 dominis
2150 2822 2381 2887 harum
2425 2820 2701 2885 aedium.

451 2918 597 2983 Erit
637 2918 836 3004 igitur
880 2918 1148 2984 idoneus
1190 2918 1542 3008 inquilinus
1587 2922 1868 3007 primum
1910 2922 2008 3003 is,'
2047 2922 2158 3009 qui
2212 2922 2473 3007 pietatis
2524 2929 2587 2984 et
2629 2940 2826 2984 verae
2880 2918 3138 3005 religio·

317 3020 405 3085 nis
456 3039 698 3100 amans,
754 3018 938 3104 pacis
992 3027 1059 3083 et
1100 3018 1417 3084 bonarum
1474 3022 1714 3085 artium
1767 3018 2117 3102 studiosus,
2173 3018 2556 3107 tranquillus
2603 3040 2681 3084 ac
2723 3016 2979 3083 sobrius
3026 3031 3143 3084 est.

317 3114 548 3184 Deinde
608 3116 790 3204 cuius
847 3140 1080 3184 nomen
1133 3119 1202 3183 in
1261 3117 1430 3184 libro
1475 3120 1746 3184 rectoris
1808 3117 2185 3184 academiae
2240 3120 2675 3206 perscriptum
2710 3118 2845 3202 -sit,
2903 3119 3226 3206 quiquezo

317 3227 778 3306 praeceptorem
839 3215 1286 3305 secun[3]dum
1345 3218 1717 3284 academiae
1781 3227 2024 3284 statuta
2085 3219 2412 3305 privatum
2474 3217 2743 3301 habeat,
2809 3216 2916 3283 vel
2958 3218 3140 3284 -alias

317 3316 546 3404 publice
584 3315 887 3382 docentes
933 3315 1276 3402 diligenter
1319 3317 1561 3400 audiat,
1611 3329 1675 3382 et
1715 3317 1797 3382 de
1840 3339 1966 3404 quo
2009 3317 2183 3383 bona
2223 3340 2372 3404 spes
2420 3319 2533 3400 sit,
2586 3316 2758 3404 quod
2811 3316 2897 3381 ad
2939 3319 3143 3382 vitam

320 3438 630 3506 moresque
671 3425 734 3479 et
780 3415 997 3480 studia
1041 3417 1287 3481 attinet.
1366 3415 1499 3497 Qui
1538 3439 1692 3482 vero
1736 3415 1908 3482 ultra
1948 3439 2255 3498 mensem,
2311 3417 2691 3503 priusquam
2734 3415 2972 3480 rectori
3014 3416 3141 3480 ius·

319 3515 626 3582 iurandum
671 3513 931 3596 dixerit,
982 3515 1050 3579 in
1093 3513 1193 3579 his
1237 3513 1506 3580 aedibus
1549 3515 1965 3598 habitaverit,
2014 3525 2128 3580 aut
2168 3513 2384 3598 talem,
2441 3515 2553 3602 qui
2608 3512 2785 3600 apud
2823 3522 3140 3578 rectorem

319 3638 519 3682 nomen
561 3637 743 3678 suum
789 3635 920 3678 non
957 3613 1287 3700 professus
1332 3623 1449 3696 est,
1494 3615 1668 3702 apud
1713 3637 1782 3680 se
1809 3564 2109 3680 habitare
2143 3635 2377 3700 passus
2418 3614 2632 3695 fuerit,
2668 3615 2857 3676 unius
2893 3612 3137 3678 ioachi-
3155 3619 3222 3678 25

321 3717 448 3784 mici
486 3711 790 3778 mulctam
835 3709 1068 3779 solvito
1114 3721 1228 3778 aut
1270 3734 1353 3777 ex
1394 3712 1663 3799 collegio
1707 3712 2088 3779 excluditor.

457 3811 751 3898 Denique
806 3813 909 3875 cui
969 3810 1188 3897 aliqua
1238 3810 1553 3877 habitatio
1607 3809 1945 3894 locabitur,
2008 3811 2117 3876 ille
2175 3809 2486 3898 stipulata
2537 3833 2734 3876 manu
2788 3811 3141 3898 promittet,

321 3935 376 3976 se
391 3910 640 3976 honeste
678 3931 822 3974 cum
848 3908 1068 3974 debita
1110 3910 1550 3976 moderatione
1587 3921 1651 3975 et
1691 3907 2154 3998 reveren[4]tia
2192 3932 2352 3996 erga
2391 3931 2633 3992 omnes,
2676 3918 2813 3976 tum
2842 3908 3137 3974 dominos

319 4011 518 4076 harum
558 4007 814 4074 aedium
868 4017 1008 4072 tum
1050 4007 1399 4098 inquilinos
1440 4008 1632 4075 huius
1677 4008 1952 4096 collegii,
1991 4012 2236 4092 vivere,
2295 4010 2654 4096 praepositi
2708 4017 2773 4074 et
2824 4009 3141 4073 curatoris

321 4121 410 4175 aut
447 4109 572 4174 eius
615 4109 792 4172 vices
837 4108 1122 4193 gerentis
1165 4107 1537 4173 auctoritati
1581 4131 1660 4174 ac
1704 4109 1965 4174 monitis
2006 4131 2139 4174 non
2178 4108 2500 4196 refragari
2544 4116 2607 4172 et
2661 4130 2908 4195 poenas
2951 4108 3225 4173 meri-30

321 4221 417 4294 tas,
465 4210 517 4274 si
564 4228 727 4295 quas
783 4207 1145 4290 incurrerit,
1206 4207 1342 4272 sine
1397 4209 1803 4274 recusatione
1859 4209 2176 4274 sustinere
2230 4206 2424 4273 velle:
2485 4228 2565 4272 ac
2623 4206 2912 4293 insuper,
2968 4205 3141 4296 quod

463 4445 486 4496 1
527 4437 1012 4494 Wahrscheinlich
1059 4439 1134 4494 im
1171 4439 1426 4512 Original
1469 4438 1746 4512 erhalten,
1795 4445 1860 4496 22
1902 4438 2006 4494 ΒΗ.
2054 4439 2261 4510 Papier
2302 4437 2470 4508 (nach
2513 4436 2705 4494 Seiten
2752 4436 2999 4508 gethR,
3038 4437 3143 4492 mit

326 4523 604 4580 Aumahme
642 4522 739 4578 des
773 4521 1162 4598 Titelblattes)‚
1210 4522 1269 4578 in
1304 4523 1643 4595 Pergament
1690 4521 2000 4594 gebunden.
2075 4521 2274 4577 Zuerst
2321 4521 2596 4595 gedruckt
2637 4521 2696 4575 in
2742 4521 2842 4576 der
2882 4522 3025 4578 oben
3059 4538 3141 4577 er·

324 4608 537 4663 wissmten
571 4605 798 4675 Solu-ist,
847 4605 903 4662 S.
947 4611 1166 4677 38—4·1‚
1213 4623 1323 4662 von
1374 4607 1480 4662 mir
1507 4605 1676 4675 'aber,
1719 4605 1820 4661 wie
1864 4605 2001 4662 alles
2036 4603 2437 4675 Vorstehende,
2482 4623 2583 4660 aus
2631 4605 2731 4661 der
2774 4603 3143 4661 Handschrift

325 4692 463 4748 selbot
499 4690 961 4763 her-ausgegeben.
1031 4689 1263 4746 Obwohl
1305 4690 1398 4746 die
1431 4689 1788 4762 vorliegende
1831 4690 2143 4745 Redaction
2192 4690 2279 4744 ins
2325 4687 2472 4745 Jahr
2510 4694 2635 4746 1628
2680 4689 2833 4760 mut,
2879 4707 2941 4745 so
2977 4689 3139 4746 stand

325 4777 396 4830 ich
423 4773 550 4830 doch
583 4773 740 4829 nicht
771 4791 860 4842 an,
909 4774 990 4830 sie
1021 4773 1144 4830 hier
1175 4773 1598 4844 aufznnehmen‚
1636 4771 1840 4830 einmal
1871 4773 1946 4828 da
1981 4772 2061 4828 sie
2098 4773 2217 4828 sich
2254 4774 2338 4829 als
2388 4781 2701 4844 quartum
2732 4775 3015 4844 rot-oquin
3047 4773 3139 4830 be·

326 4858 548 4926 michaea
585 4855 702 4912 also
737 4858 796 4912 in
828 4857 986 4913 ihren
1013 4855 1314 4929 Anfflngen
1350 4856 1552 4914 hachet
1579 4855 2035 4920 wahrscheinlich
2069 4856 2155 4912 bis
2192 4857 2249 4912 in
2282 4855 2375 4912 die
2409 4856 2528 4912 hier
2558 4855 2885 4914 behandelte
2908 4857 3141 4916 Periode

326 4939 671 4998 zuriickreicht
716 4941 881 5010 (etwa
925 4939 1010 4994 ins
1044 4941 1084 4996 J
1086 4941 1190 4996 ahr
1231 4947 1356 4998 1558
1367 4943 1436 5014 ‘?),
1481 4941 1692 4997 sodann
1727 4940 1850 4999 weil
1893 4957 1995 4994 aus
2036 4941 2199 5010 jener
2244 4940 2422 4998 iiltern
2460 4940 2585 4996 Zeit
2616 4957 2723 5013 gar
2757 4941 2921 4998 keine
2953 4942 3139 4998 Statu-

328 5033 400 5082 ten
433 5027 554 5080 iiber
584 5023 686 5078 das
711 5021 1015 5079 Vei-halten
1051 5024 1150 5080 der
1183 5023 1504 5096 Inquilinen
1540 5023 1644 5079 auf
1671 5042 1775 5078 uns
1809 5023 2139 5095 gekommen
2175 5023 2316 5079 sind.
2376 5023 2502 5079 Aur
2527 5025 2618 5081 die
2650 5023 2947 5080 theilweise
2978 5028 3139 5081 wort-

329 5109 444 5164 liche
461 5106 1028 5179 Uebereinstimmung
1063 5109 1165 5162 mit
1202 5109 1309 5164 den
1343 5108 1911 5180 Inquilinenstatuten
1948 5107 2047 5162 des
2084 5123 2314 5178 grossen
2352 5109 2465 5163 und
2505 5109 2727 5165 kleinen
2750 5109 2971 5181 Collega
3002 5109 3136 5182 (vgl.

329 5193 442 5250 oben
473 5191 523 5248 S.
557 5195 654 5247 218
694 5189 772 5262 fg.
807 5191 924 5244 und
959 5191 1014 5247 S.
1050 5195 1144 5248 261
1181 5191 1285 5262 fg.)
1321 5194 1542 5262 genfige
1577 5209 1636 5247 es
1670 5190 2043 5248 aufmerksam
2072 5189 2334 5261 gemacht
2366 5209 2437 5247 zu
2468 5191 2667 5250 haben.

465 5281 494 5332 2
521 5274 596 5332 So
627 5273 777 5330 steht
809 5273 1186 5348 gmehriebon.
