4038 6358
1430 590 1532 643 Dio
1569 590 1806 643 smum
1841 606 1950 643 von
1991 592 2337 647 isos-1520.
3192 592 3315 658 603

407 771 870 839 autenticam
908 792 1114 857 suam,
1160 772 1228 839 in
1271 796 1400 861 qua
1437 772 1669 841 modus
1707 796 1863 840 suae
1892 776 2331 864 promocionis
2352 775 2744 860 continetur3
2791 774 3022 842 deinde
3055 772 3316 862 publice

406 870 484 935 in
537 870 776 938 scolis
821 867 1253 939 determinare
1296 873 1488 942 debet
1531 875 1975 965 quaestionem
2015 874 2469 941 medicinalem
2508 874 2591 940 de
2632 875 2859 942 fauore
2904 885 2968 940 et
3001 896 3317 941 consensu

409 970 658 1037 tocius
708 970 1056 1037 facultatis
1096 973 1406 1058 medicae,
1450 974 1534 1041 ad
1579 998 1774 1063 quam
1813 974 2237 1063 respondebit
2279 973 2649 1041 doctoribus
2708 983 2771 1039 et
2825 973 3123 1041 omnibus
3167 974 3315 1040 aliis

411 1069 834 1137 medicinae
879 1071 1240 1139 scolaribus
1281 1096 1555 1161 arguere
1595 1072 1991 1157 volentibus3
2053 1073 2245 1139 debet
2288 1084 2628 1161 praeterea
2669 1074 3049 1161 promittere
3102 1072 3311 1139 eidem

413 1150 712 1245 decano
763 1182 828 1237 et
867 1174 990 1237 toti
1030 1172 1341 1255 facultati,
1384 1173 1578 1261 quod,
1625 1174 1946 1262 completa
1989 1196 2107 1239 sua
2147 1174 2589 1289 responsione,
2636 1173 2985 1239 inmediate
3024 1172 3183 1239 velit
3203 1195 3311 1261 pe-
3368 1181 3403 1237 5

423 1278 586 1335 tere
637 1272 1177 1359 assumpcionem
1221 1271 1306 1337 ad
1347 1272 1742 1339 facultatem.
1781 1273 2079 1340 Habetur
2124 1276 2327 1340 eciam
2352 1272 2502 1338 talis
2524 1272 2787 1359 publica
2812 1274 3151 1361 responsio
3173 1272 3317 1338 loco

418 1370 813 1436 examinis.

621 1517 761 1606 [ΒΙ.
813 1516 950 1609 10¹³]
997 1518 1267 1604 Doctor,
1311 1530 1644 1608 promotus
1689 1522 1754 1586 in
1797 1520 1930 1588 alia
1969 1522 2416 1604 universitate,
2461 1519 2644 1586 dabit
2682 1522 2944 1587 famulis
2998 1522 3309 1588 universi-

421 1619 608 1683 tatis
685 1629 980 1707 tempore
1043 1642 1200 1687 suae
1266 1620 1737 1708 assumpcionis
1803 1620 1889 1687 ad
1947 1621 2323 1687 facultatem
2382 1619 2741 1688 medicinae
2806 1621 2970 1689 duos
3037 1622 3319 1689 florenos

423 1738 793 1785 renenses.
3342 1731 3406 1787 10

633 1888 868 1955 Nullus
915 1888 1212 1954 decetero
1254 1889 1610 1975 recipiatur
1654 1887 1880 1955 doctor
1923 1887 2081 1953 alibi
2120 1898 2451 1975 promotus
2494 1888 2579 1955 ad
2619 1887 2997 1955 facultatem
3029 1898 3323 1958 nostram

435 1986 858 2071 medicinae,
903 1988 1033 2053 nisi
1075 2010 1192 2076 per
1233 1988 1580 2052 triennium
1624 1988 1694 2051 in
1736 1987 1868 2053 alia
1905 1990 2329 2053 universitate
2366 1990 2629 2054 famosa
2662 1989 2915 2053 steterit
2972 1997 3041 2053 et
3078 1986 3323 2053 ibidem

437 2084 772 2153 doctores
813 2087 1174 2155 medicinae
1215 2086 1558 2173 diligenter
1599 2088 1668 2151 in
1709 2086 2095 2155 lectionibus
2140 2086 2437 2153 audierit.
2507 2086 2596 2152 Et
2635 2088 2759 2154 hoc
2802 2110 2914 2154 suo
2956 2090 3318 2153 iuramento

441 2186 903 2253 confirmabit.

639 2354 887 2422 Doctor
949 2351 1216 2418 alterius
1265 2351 1710 2417 universitatis
1727 2400 1745 2434 ,
1833 2352 2055 2418 volens
2130 2354 2338 2440 recipi
2386 2352 2473 2419 ad
2526 2352 2901 2419 facultatem
2953 2352 3315 2419 medicinae
3338 2362 3399 2418 1⁵

449 2452 666 2521 huius
706 2453 1178 2535 universitatis,
1249 2453 1305 2517 si
1345 2460 1444 2516 est
1484 2449 1948 2517 baccalaureus
1989 2447 2276 2519 eiusdem
2292 2501 2310 2535 ,
2394 2450 2718 2517 tenebitur
2774 2451 2933 2518 dare
2976 2451 3317 2519 duodecim

451 2553 530 2619 fl.
581 2554 677 2620 rh.
725 2550 1100 2620 doctoribus
1140 2550 1221 2617 de
1261 2549 1531 2618 consilio
1575 2549 1935 2637 facultatis3
2012 2554 2068 2616 si
2122 2574 2254 2619 non
2302 2562 2399 2617 est
2448 2550 2915 2619 baccalaureus
2956 2551 3319 2617 medicinae

454 2652 664 2719 huius
707 2653 928 2734 studii,
970 2652 1154 2717 dabit
1195 2650 1422 2717 decem
1467 2660 1532 2715 et
1575 2659 1718 2715 octo
1762 2650 1824 2716 fl.
1865 2673 2172 2718 renenses
2214 2650 2588 2717 doctoribus
2630 2650 2977 2717 facultatis.
2992 2653 3013 2695 ¹

640 2818 869 2885 Nullus
911 2818 1140 2885 doctor
1181 2816 1342 2884 alibi
1379 2824 1718 2905 promotus
1779 2818 1848 2881 in
1914 2794 2171 2885 actibus
2224 2817 2619 2885 solemnibus
2677 2827 2742 2883 et
2783 2816 3063 2906 publicis
3103 2818 3317 2886 locum

463 2918 719 2985 habeat
757 2920 924 2984 inter
967 2917 1325 2985 medicinae
1368 2915 1664 2983 doctores
1702 2916 1891 2982 huius
1936 2916 2155 3001 studii,
2196 2919 2325 2983 nisi
2368 2918 2454 2982 sit
2495 2929 2865 3006 assumptus
2908 2917 2997 2983 ad
3038 2918 3305 2985 faculta-
3331 2928 3399 2985 20

463 3029 606 3085 tem
647 3018 1007 3085 medicinae
1049 3004 1404 3083 secundum
1444 3026 1690 3083 statuta
1728 3016 2015 3083 eiusdem
2056 3016 2413 3100 facultatis3
2455 3038 2664 3105 neque
2687 3016 3075 3083 kathedram
3099 3016 3315 3083 docto-

467 3118 677 3184 ralem
721 3117 1050 3201 ascendat,
1092 3115 1367 3203 legendo
1414 3126 1478 3181 et
1520 3115 1911 3205 disputando
1957 3118 2026 3182 in
2068 3116 2427 3201 medicinis,
2466 3117 2595 3182 nisi
2638 3116 2719 3183 de
2756 3138 3071 3183 consensu
3092 3116 3320 3184 decani

469 3227 543 3283 et
586 3218 921 3286 doctorum
959 3219 1170 3284 tocius
1211 3214 1558 3281 facultatis.

645 3382 873 3449 Nullus
911 3383 1158 3467 doctor,
1195 3381 1354 3449 alibi
1393 3392 1728 3471 promotus
1769 3383 1838 3447 in
1882 3383 2221 3450 medicinis
2264 3395 2329 3450 et
2364 3383 2472 3448 hic
2514 3393 2882 3470 assumptus
2924 3381 3009 3448 ad
3052 3382 3319 3450 faculta-

489 3492 640 3566 tem,
685 3484 894 3571 recipi
936 3481 1173 3549 debeat
1215 3483 1302 3548 ad
1346 3481 1680 3548 consilium
1722 3482 2055 3548 facultatis
2100 3481 2405 3564 eiusdem,
2447 3484 2575 3547 nisi
2618 3485 2683 3547 in
2726 3483 2853 3548 hac
2890 3483 3313 3550 universitate
3334 3493 3399 3550 25

484 3583 818 3649 biennium
860 3589 1014 3670 post
1053 3583 1158 3648 sui
1199 3583 1714 3669 assumpcionem
1775 3580 2226 3669 compleverit,
2278 3580 2563 3669 aliquam
2618 3582 2959 3648 lectionem
3010 3583 3078 3648 in
3120 3583 3319 3649 medi-

495 3685 658 3749 cinis
701 3681 976 3768 legendo
1017 3682 1205 3748 iuxta
1242 3692 1485 3749 statuta
1530 3681 1810 3770 desuper
1853 3682 2046 3748 edita.

645 3847 934 3930 Quilibet
973 3848 1401 3916 assumendus
1447 3849 1534 3915 ad
1569 3848 1948 3916 facultatem
1989 3848 2372 3930 medicinae,
2414 3847 2572 3914 alibi
2614 3857 2945 3936 promotus
2986 3859 3317 3937 tamquam

477 3948 706 4014 doctor
761 3946 1158 4032 medicinae,
1242 3959 1392 4015 ante
1447 3950 1548 4015 sui
1611 3951 2127 4036 assumpcionem
2169 3948 2255 4015 ad
2295 3947 2668 4014 facultatem
2711 3947 3036 4014 tenebitur
3075 3950 3316 4036 iurare,

476 4047 648 4136 quod
683 4047 840 4112 velit
881 4068 1236 4136 procurare
1277 4049 1519 4116 bonum
1569 4047 1660 4138 [11
1683 4046 1736 4136 ⁸]
1778 4047 2107 4114 facultatis
2150 4047 2507 4112 medicinae
2548 4047 2739 4112 huius
2799 4047 2993 4114 studii
3036 4048 3311 4136 Lipzen·
3332 4059 3402 4114 30

476 4149 585 4229 sis,
631 4159 942 4235 quantum
981 4148 1051 4211 in
1091 4167 1168 4213 eo
1211 4157 1328 4231 est,
1373 4147 1459 4214 ad
1503 4169 1943 4237 quemcunque
1989 4155 2229 4212 statum
2272 4146 2621 4230 devenerit,
2662 4155 2727 4212 et
2769 4145 2944 4235 quod
2983 4147 3143 4213 velit
3183 4171 3313 4214 ser-

476 4267 635 4312 vare
677 4254 922 4312 statuta
963 4254 1029 4311 et
1069 4247 1432 4331 statuenda,
1477 4270 1646 4337 quae
1688 4257 1834 4314 sunt
1880 4256 1944 4312 et
1987 4255 2176 4312 erunt
2235 4269 2355 4334 pro
2412 4245 2579 4312 bono
2640 4247 2971 4313 facultatis
3030 4246 3315 4312 eiusdem

475 4344 845 4433 approbata
887 4345 994 4410 vel
1033 4345 1484 4433 approbanda.

639 4512 806 4578 Item
847 4511 1091 4579 iurabit
1117 4511 1292 4580 idem
1329 4511 1558 4607 doctor
1597 4512 1754 4579 alibi
1798 4521 2148 4600 promotus,
2190 4510 2612 4578 assumendus
2652 4510 2741 4578 ad
2784 4521 3077 4578 nostram
3116 4511 3315 4580 facul·

475 4621 676 4678 tatem
717 4611 1097 4696 medicinae,
1139 4610 1565 4699 corporaliter
1609 4611 1727 4677 sub
1767 4613 1890 4678 hac
1931 4613 2173 4678 forma:
2261 4610 2447 4697 „Ego
2495 4611 2586 4676 .N.
2633 4612 2774 4677 iuro
2830 4612 3017 4678 vobis
3061 4611 3309 4680 decano
3331 4625 3399 4681 ‘35

476 4714 838 4800 vestrisque
879 4712 1362 4780 successoribus
1406 4709 1850 4778 obedienciam
1895 4722 1959 4776 et
2012 4711 2455 4778 reverenciam
2510 4711 2577 4776 in
2637 4708 2835 4777 licitis
2888 4721 2953 4776 et
3006 4712 3315 4798 honestis,

477 4821 544 4877 et
583 4834 848 4878 servare
887 4820 1130 4878 statuta
1165 4821 1236 4878 et
1277 4809 1621 4878 statuenda
1660 4833 1781 4899 pro
1821 4833 2021 4899 posse
2059 4811 2261 4876 meo.“

645 5081 664 5131 1
713 5074 909 5130 Dieser
941 5072 1158 5132 Absatz
1192 5076 1268 5131 ist
1300 5079 1488 5148 spater-
1519 5073 1938 5132 durchstrichen
1971 5074 2087 5130 und
2118 5074 2385 5131 darunter
2419 5072 2804 5147 geschrieben:
2836 5074 3017 5130 Palea
3067 5087 3159 5144 eet,
3200 5093 3311 5130 non

481 5161 698 5232 legitur.
763 5160 874 5215 Am
907 5159 1102 5214 Raude
1138 5159 1312 5216 steht:
1346 5163 1478 5218 Hoc
1511 5161 1782 5216 sublatum
1814 5167 1906 5229 est,
1939 5159 2065 5215 loco
2100 5157 2215 5216 αὐο
2245 5159 2495 5214 ultimam
2525 5157 2639 5232 leffe
2662 5159 2829 5228 solio
2861 5159 3107 5232 aequanti
3152 5177 3311 5216 verso

469 5245 604 5318 (ng.
638 5245 746 5301 den
781 5243 1186 5300 Zusatzartikel
1221 5245 1328 5301 auf
1357 5245 1441 5302 ΒΙ.
1483 5251 1538 5302 11
1557 5243 1626 5318 b).
