4038 6358
834 637 951 701 190
1353 644 1361 650 ’
1953 635 2064 684 Das
2101 648 2288 697 grosse
2320 632 2531 699 colleg.

829 837 948 902 pro
988 813 1146 879 fisco
1191 811 1463 899 collegii,
1519 811 1639 878 sub
1687 835 1901 901 poena
1946 816 2284 881 carenciae
2339 814 2599 898 bursae,
2656 834 2850 902 quam
2909 814 3324 901 praepositus
3381 812 3505 878 sub
3567 834 3689 877 suo

827 917 1187 979 iuramento
1231 911 1356 977 sibi
1399 922 1652 977 tenetur
1697 912 2097 996 subtrahere,
2158 916 2212 979 si
2272 914 2642 1001 praedictos
2689 936 2807 978 sex
2848 912 3129 979 florenos
3181 935 3312 980 non
3361 911 3692 1001 persolvit

831 1010 957 1101 [21’]
1000 1014 1171 1078 infra
1210 1021 1466 1099 tempus
1508 1022 1975 1098 praenotatum.
2017 1014 2160 1098 (Am
2199 1018 2447 1077 Raude.-
2490 1014 2666 1078 infra
2702 1011 2810 1078 fol.
2859 1010 2982 1097 13.)

990 1207 1044 1266 4.
1089 1216 1183 1263 DE
1228 1213 1534 1262 PRANDIO
1574 1213 1743 1263 Novl
1784 1212 2206 1263 COLLEGIATI
2246 1214 2613 1264 MAGISTRIS
2654 1215 2862 1263 INFRA
2905 1214 3175 1263 PRIMUM
3216 1214 3493 1263 mam(

742 1309 776 1365 5
1988 1314 2468 1364 PRAESTANDO.

992 1449 1157 1514 Item
1200 1446 1469 1536 quilibet
1512 1446 1591 1511 de
1634 1469 1803 1513 novo
1845 1449 2096 1512 intrans
2141 1446 2482 1533 collegium
2531 1455 2782 1512 tenetur
2833 1446 3006 1510 infra
3054 1447 3338 1534 primum
3390 1468 3684 1512 mensem

830 1551 931 1614 sui
971 1549 1268 1614 introitus
1308 1546 1656 1634 prandium
1702 1569 1887 1614 suum
1930 1569 2050 1634 pro
2095 1546 2366 1634 collegio
2408 1547 2585 1627 dare,
2637 1545 2757 1611 sub
2797 1568 3010 1632 poena
3049 1547 3390 1613 carenciae
3426 1547 3684 1634 porcio-

827 1651 929 1713 nis
969 1671 1122 1713 suae
1164 1647 1369 1713 donec
1410 1647 1650 1714 fecerit.
2645 1649 2649 1653 Δ

1152 1838 1209 1898 5.
1252 1848 1349 1895 DE
1388 1847 1928 1895 INHABITACIONE
1974 1846 2304 1896 COLLEGII
2346 1848 2479 1894 PER
2515 1846 2762 1895 Novum
2805 1846 3319 1896 COLLEGIATUM.

748 1991 811 2046 10
992 1980 1156 2045 Item
1206 1978 1474 2066 quilibet
1525 1979 1677 2045 talis
1730 1978 2052 2045 tenebitur
2105 1981 2277 2045 infra
2327 1982 2610 2067 primum
2665 2002 2950 2045 mensem
3006 2003 3163 2046 suae
3206 1979 3534 2046 electionis
3575 1981 3675 2043 in·

823 2091 998 2146 trare
1038 2091 1104 2145 et
1138 2078 1504 2144 inhabitare
1541 2078 1906 2166 collegium,
1962 2077 2082 2144 sub
2119 2099 2331 2166 poena
2373 2080 2710 2148 carenciae
2751 2082 3077 2168 porcionis
3131 2102 3287 2145 suae
3344 2101 3677 2166 quousque

827 2179 1165 2266 collegium
1204 2179 1475 2245 intrabit
1515 2189 1578 2244 et
1617 2178 2023 2245 inhabitabit.

1111 2368 1171 2430 6.
1210 2381 1304 2427 DE
1346 2379 1734 2428 LABORIBUS
1774 2379 2103 2428 MAGISTRI
2144 2378 2238 2426 DE
2275 2378 2467 2427 NOVO
2506 2378 2912 2428 COLLEGIUM
2949 2379 3337 2428 INTRANTIS.

988 2513 1155 2577 Item
1199 2510 1479 2598 quilibet
1512 2510 1593 2575 de
1633 2533 1803 2576 novo
1847 2510 2189 2598 collegium
2232 2515 2483 2577 intrans
2525 2510 2740 2598 legere
2779 2521 2972 2600 atque
3014 2511 3350 2599 disputare
3401 2513 3468 2578 in
3519 2513 3666 2577 arti·

750 2624 809 2679 15
831 2612 950 2676 bus
1015 2609 1338 2675 tenebitur
1410 2609 1696 2698 qualibet
1759 2614 2156 2695 mutacione,
2222 2611 2531 2699 quamdiu
2603 2634 2914 2698 praesens
2978 2614 3045 2677 in
3121 2611 3394 2700 collegio
3459 2613 3663 2695 fuerit,

828 2712 1113 2776 maxime
1158 2711 1211 2775 si
1256 2710 1341 2775 sit
1383 2709 1669 2775 defectus
1708 2712 2169 2797 magistrorum
2223 2710 2579 2797 legencium
2638 2722 2832 2798 atque
2886 2711 3387 2799 disputancium,
3439 2712 3561 2777 nisi
3600 2713 3660 2776 in

829 2812 959 2877 alia
994 2809 1300 2875 facultate
1342 2818 1677 2896 promotus
1720 2821 1891 2875 esset
1935 2821 2049 2875 aut
2086 2822 2593 2897 promoveretur,
2633 2834 2746 2876 seu
2785 2813 2963 2877 senio
3003 2810 3108 2876 vel
3149 2811 3486 2877 debilitate
3524 2833 3658 2897 gra·

826 2922 1111 2994 varetur‚
1152 2909 1271 2975 sub
1311 2931 1521 2996 poena
1561 2911 1897 2975 carenciae
1939 2911 2264 3000 porcionis
2308 2931 2463 2975 suae
2503 2933 2833 2999 quousque
2874 2911 2997 2977 hoc
3034 2913 3279 2979 fecerit.

907 3127 991 3195 Π.
1046 3126 1370 3194 Statuta
1413 3128 1842 3215 sequencia
1885 3127 2371 3215 specialiter
2415 3131 2981 3218 praepositum
3024 3127 3352 3218 collegii
3396 3151 3577 3195 con-

738 3237 807 3294 20
2061 3239 2418 3294 cernunt.

1117 3398 1170 3460 7.
1213 3412 1305 3459 ΕΤ
1346 3411 1613 3459 PRIMUM
1656 3412 1750 3459 DE
1792 3410 2119 3460 TEMPORE
2161 3410 2706 3462 ACCEPTACJONIS
2747 3412 3334 3464 PRAEFoslTURAE.

991 3544 1352 3632 Collegium
1396 3553 1648 3609 tenetur
1690 3542 1931 3609 habere
1972 3545 2418 3630 praepositum
2476 3554 2539 3609 et
2595 3566 2849 3632 semper
2909 3548 3321 3633 praepositus
3376 3549 3663 3634 proxime

824 3645 1075 3709 futurus
1145 3654 1397 3709 tenetur
1458 3644 1979 3730 praeposituram
2046 3652 2389 3729 acceptare
2452 3666 2570 3730 per
2634 3666 2704 3708 se
2767 3644 2867 3709 vel
2932 3668 3116 3710 suum
3181 3657 3664 3733 procuratorem

826 3746 1001 3810 circa
1040 3746 1271 3809 festum
1316 3745 1525 3809 sancti
1571 3742 1859 3828 Georgii,
1915 3741 2036 3807 sub
2077 3765 2290 3830 poena
2329 3744 2518 3807 unius
2558 3762 2939 3829 sexagenae.
3018 3744 3106 3809 Et
3142 3744 3292 3811 talis
3336 3748 3663 3834 praeposi-

741 3853 932 3911 25tus
971 3847 1223 3910 futurus
1266 3844 1333 3907 in
1374 3843 1583 3930 primo
1624 3841 1729 3907 die
1771 3864 1924 3906 suae
1969 3842 2461 3929 praepositurae
2504 3852 2756 3908 tenetur
2781 3844 2998 3908 iurare
3024 3844 3459 3913 iuramentum
3486 3869 3663 3934 prae·

825 3946 1021 4032 positi
1060 3965 1280 4010 coram
1322 3941 1613 4028 collegio,
1660 3941 1778 4007 sub
1820 3941 2049 4007 eadem
2088 3964 2320 4028 poena,
2362 3942 2608 4008 scilicet
2650 3945 2838 4009 unius
2881 3966 3264 4030 sexagenae.

821 4133 881 4197 8.
925 4144 1269 4206 SEQUITUR
1314 4123 1375 4213 [3
1392 4122 1442 4211 ⁸]
1488 4143 1944 4191 mRAMEN‘rnM
1987 4140 2416 4206 rumpo-sm,
2461 4140 2675 4189 muno
2721 4143 2839 4190 mn
2885 4144 3055 4193 suan
3099 4144 3664 4195 PRAEPosrrum

1638 4242 1873 4291 coam-1
1914 4240 2266 4290 confflem
2308 4241 2833 4290 namsi-annun.

952 4376 1132 4463 -Ego
1174 4376 1267 4442 .N.
1309 4378 1448 4442 iuro
1489 4375 1800 4463 pecunias
1827 4372 2104 4459 collegii,
2149 4374 2203 4437 si
2248 4394 2416 4459 quae
2457 4373 2543 4438 ad
2581 4396 2811 4440 manus
2850 4398 3030 4440 meas
3066 4376 3467 4461 devenerint,
3507 4377 3670 4444 velle

737 4476 1097 4544 aofideliter
1138 4476 1534 4564 dispensare,
1591 4472 2046 4562 aequalitatem
2095 4494 2220 4559 quo
2275 4472 2359 4537 ad
2403 4474 2753 4558 magistros
2804 4474 3158 4541 observare
3205 4477 3303 4553 (in
3341 4475 3457 4543 illo
3503 4478 3668 4544 scili·

825 4586 956 4660 cet,
1010 4575 1185 4663 quod
1243 4574 1480 4641 nullius
1524 4573 1821 4660 magistri
1876 4571 1960 4637 (le
2004 4571 2276 4657 collegio
2317 4592 2664 4659 personam
2715 4596 2873 4661 prae
2928 4574 3056 4641 alio
3101 4576 3249 4642 volo
3302 4588 3667 4665 acceptare,

821 4678 935 4743 sed
980 4688 1311 4762 tamquam
1353 4697 1632 4761 persona
1673 4672 2030 4738 communis
2080 4673 2147 4736 iu
2198 4672 2388 4736 factis
2442 4672 2697 4759 collegii
2739 4673 2887 4741 volo
2931 4674 3419 4756 administrare)
3467 4688 3535 4744 et
3585 4677 3668 4743 ad

820 4779 1257 4861 cuiuscunque
1319 4774 1618 4860 magistri
1678 4772 1761 4837 de
1824 4770 2099 4857 collegio
2161 4773 2657 4856 requisicionem
2671 4821 2689 4854 ,
2755 4777 3268 4863 quociescunque
3338 4800 3462 4864 per
3525 4800 3666 4843 eum

820 4878 1170 4963 requisitus
1230 4875 1432 4956 fuere,
1487 4871 1653 4937 velle
1713 4869 2056 4956 collegium
2113 4872 2284 4936 infra
2345 4870 2513 4936 diem
2567 4873 2929 4939 naturalem
2985 4896 3368 4961 convocare,
3426 4876 3666 4944 bonum

737 4985 803 5041 35
825 4975 1079 5061 collegii
1148 4995 1529 5062 procurare,
1599 4981 1839 5037 statuta
1907 4981 1970 5035 et
2032 4970 2405 5054 statuenda,
2471 4973 2897 5058 respiciencia
2968 4984 3208 5041 statum
3285 4980 3664 5064 praepositi,

818 5075 1086 5139 firmiter
1138 5072 1509 5155 observare,
1590 5074 1684 5137 ita
1735 5070 1905 5158 quod
1962 5092 2046 5135 ex
2103 5069 2232 5135 levi
2291 5069 2715 5158 negligencia,
2772 5094 2936 5160 quae
2990 5096 3120 5139 non
3172 5076 3246 5141 fit
3287 5098 3371 5141 ex
3428 5100 3661 5165 propo-

823 5176 965 5253 sit0,
1013 5173 1365 5260 periurium
1407 5195 1535 5237 non
1575 5173 1921 5237 incurram.
