4038 6358
853 620 972 686 106
1766 625 1875 676 Des
1910 627 2181 679 Iohannes
2216 629 2375 681 Fabri
2417 631 2485 680 de
2522 630 2752 681 Werdea

928 806 1027 869 29·
1096 822 1484 872 MANDATUH
1527 825 1980 876 ExcLUSIONIs
2026 827 2463 887 QUORUNDAM
2502 824 3025 877 RELEGATORUM
3063 824 3274 879 num-A
3317 830 3621 879 Tmn’us

1743 927 2251 976 RELEGATIOMS
2294 928 2776 978 REDEUNTIUM.

1006 1033 1131 1125 [Bl.
1177 1036 1318 1127 15⁸]
1376 1040 1512 1105 Nos
1555 1041 1653 1105 .N.
1697 1050 1816 1107 etc.
1863 1051 2096 1108 rector.
2184 1042 2592 1130 Quamquam
2642 1045 2741 1109 .N.
2786 1050 2850 1109 et
2891 1040 3022 1128 .N.,
3064 1052 3330 1110 nostrae
3370 1044 3712 1109 universi-

844 1136 996 1203 tatis
1041 1137 1388 1223 studentes,
1432 1150 1700 1228 propter
1743 1165 1860 1207 sua
1902 1145 2194 1229 patentia
2237 1143 2553 1209 demerita
2593 1142 3039 1229 notabilesque
3061 1165 3369 1210 excessus
3403 1143 3505 1219 de,
3542 1165 3718 1208 com-

796 1244 829 1302 5
846 1238 1025 1301 muni
1080 1259 1397 1304 consensu
1453 1239 1884 1328 concordique
1937 1245 2256 1308 sententia
2316 1244 2776 1330 magistrorum
2825 1243 3342 1310 consiliariorum
3381 1264 3432 1309 a
3476 1254 3717 1309 nostra

844 1335 1021 1402 alma
1060 1339 1486 1404 universitate
1530 1338 1617 1405 ad
1660 1351 1903 1409 certum
1946 1350 2203 1431 tempus
2245 1345 2410 1409 iuste
2451 1344 2694 1408 fuerint
2731 1342 3005 1429 relegati
3025 1393 3044 1427 ,
3085 1345 3216 1431 ipsi
3263 1354 3495 1409 tamen
3513 1392 3535 1427 ,
3581 1365 3713 1409 non

843 1443 1090 1501 attenta
1157 1459 1369 1524 poena
1441 1441 1665 1504 statuti
1731 1450 1958 1507 contra
2016 1442 2359 1508 redeuntes
2415 1434 2890 1509 rationabiliter
2944 1442 3134 1527 editi,
3200 1443 3374 1508 infra
3442 1456 3716 1530 tempus

847 1559 1001 1602 suae
1056 1536 1471 1623 relegationis
1529 1539 1760 1605 frivole
1810 1561 1890 1606 ac
1943 1562 2106 1608 ausu
2160 1544 2504 1610 temerario
2556 1542 2642 1607 ad
2702 1564 3013 1630 praesens
3067 1541 3379 1631 oppidum
3442 1565 3535 1608 ac
3580 1552 3714 1608 stu-

842 1636 1018 1702 dium
1057 1636 1273 1702 redire
1316 1660 1446 1703 non
1485 1639 1935 1724 formidarunt,
1977 1642 2251 1730 ideoque
2292 1644 2521 1729 vigore
2561 1642 2928 1708 huiusmodi
2969 1644 3195 1708 statuti
3229 1644 3367 1708 sine
3398 1642 3713 1709 ulteriori

761 1746 824 1802 10
844 1737 1181 1819 citatione,
1239 1740 1702 1804 convocatione
1752 1763 1830 1805 ac
1867 1744 2220 1808 monitione
2262 1740 2593 1830 praefatos
2639 1742 2737 1807 .N.
2782 1751 2846 1807 et
2889 1742 2986 1811 .N.
3034 1765 3077 1808 a
3124 1764 3401 1831 corpore
3445 1752 3519 1809 et
3564 1764 3711 1830 gre-

837 1837 967 1903 mio
1027 1835 1391 1903 antedictae
1448 1840 1889 1906 universitatis
1940 1852 2272 1929 tamquam
2330 1843 2623 1907 membra
2673 1841 2937 1929 putrida
2994 1863 3113 1930 per
3155 1843 3547 1930 praesentia
3592 1863 3707 1928 pu-

848 1934 1019 2001 blice
1060 1936 1485 2002 rescindimus
1529 1948 1592 2003 et
1638 1939 2062 2026 excludimus,
2106 1940 2489 2008 mandantes
2530 1941 2826 2008 omnibus
2868 1950 2934 2005 et
2976 1941 3253 2028 singulis
3300 1941 3706 2007 universita-

841 2037 925 2100 tis
968 2045 1232 2102 nostrae
1274 2039 1661 2125 suppositis,
1718 2063 1800 2106 ne
1841 2063 1986 2107 cum
2029 2044 2566 2129 praememoratis
2609 2042 2703 2106 .N.
2747 2050 2811 2106 et
2849 2041 2947 2106 .N.
2993 2040 3277 2108 exclusis
3317 2042 3389 2107 in
3433 2040 3705 2108 actibus

844 2134 1250 2203 scholasticis
1293 2136 1555 2224 publice
1596 2143 1974 2207 conversari
2016 2152 2456 2230 praesumant.
2542 2140 2678 2207 Sub
2722 2163 2937 2229 poena
2980 2147 3102 2206 etc.

761 2313 822 2369 15
1328 2309 1426 2373 30.
1493 2324 1882 2377 MANDATUM
1921 2327 2014 2374 DE
2063 2327 2335 2376 sunno
2379 2328 2451 2375 m
2492 2326 2692 2375 L001s
2734 2325 3185 2375 APPROBA'ns.

1002 2435 1277 2502 Mandat
1319 2438 1618 2505 omnibus
1661 2450 1812 2505 etc.:
1860 2450 2176 2528 quatenus
2219 2441 2517 2507 nullum
2499 2463 2793 2529 ipsorum
2836 2440 3143 2528 deinceps
3185 2443 3254 2506 in
3303 2440 3529 2530 aliquo
3567 2440 3700 2508 alio

838 2537 981 2603 loco
1038 2560 1231 2625 quam
1273 2538 1343 2603 in
1386 2537 1674 2626 collegiis
1719 2564 1832 2606 seu
1872 2541 2088 2608 bursis
2129 2565 2247 2629 per
2289 2542 2779 2607 universitatem
2819 2539 3238 2654 approbatis,
3298 2542 3550 2608 ibidem
3601 2566 3698 2607 se·

839 2636 1116 2703 cundum
1168 2639 1313 2702 iura
1363 2636 1721 2705 bursalium
1773 2642 2086 2725 vivendo,
2156 2641 2454 2707 habitare
2518 2662 2631 2705 seu
2690 2641 2933 2704 morari
2984 2651 3360 2727 praesumat
3429 2654 3550 2708 aut
3615 2641 3697 2706 de

837 2759 1005 2803 novo
1068 2735 1334 2802 bursam
1388 2738 1528 2803 sive
1590 2738 2042 2807 domunculam
2104 2739 2596 2807 inhabitandam
2657 2747 2982 2825 acceptet,
3046 2734 3217 2827 [15¹²]
3280 2739 3402 2806 sub
3471 2763 3696 2829 poena

754 2838 1027 2903 20unius
1069 2836 1300 2902 floreni
1314 2886 1332 2920 ,
1396 2839 1805 2904 universitati
1859 2843 2108 2906 tociens
2152 2842 2449 2927 quotiens
2493 2839 2664 2904 ultra
2706 2858 3022 2921 mensem,
3074 2861 3117 2904 a
3158 2838 3332 2904 datis
3375 2862 3694 2926 praesen-

837 2935 1012 3001 tibus
1074 2935 1607 3024 computandum,
1666 2938 1733 3004 in
1792 2938 2160 3006 huiusmodi
2199 2940 2360 3005 locis
2405 2961 2535 3004 non
2577 2938 2961 3026 approbatis
3006 2940 3284 3022 steterit,
3336 2939 3691 3005 irremissi-

832 3035 1049 3101 biliter
1089 3035 1522 3123 persolvendi.
1616 3038 1689 3104 Si
1730 3062 1886 3106 vero
1933 3039 2197 3125 aliquod
2242 3040 2651 3126 suppositum
2693 3039 2760 3101 in
2804 3036 3097 3124 collegiis
3143 3059 3259 3103 seu
3303 3036 3526 3104 bursis
3573 3061 3690 3125 ap-

835 3135 1131 3224 probatis
1174 3137 1257 3203 ob
1298 3146 1512 3203 certas
1554 3137 1976 3205 rationabiles
2040 3149 2103 3206 et
2146 3139 2475 3228 legitimas
2516 3158 2750 3203 causas
2793 3137 3140 3205 comodose
3188 3147 3363 3204 stare
3403 3138 3509 3204 vel
3552 3160 3688 3204 mo·

831 3238 966 3302 rari
1012 3238 1393 3323 nequiverit,
1436 3236 1596 3303 illud
1636 3238 1965 3304 dominum
2007 3248 2329 3305 rectorem
2364 3237 2446 3304 de
2470 3238 2782 3327 qualitate
2812 3247 2876 3303 et
2896 3237 3305 3325 legitimitate
3337 3261 3689 3305 causarum

746 3345 812 3402 25
829 3336 1194 3403 huiusmodi
1235 3339 1518 3402 instruat
1558 3348 1622 3403 et
1664 3338 1992 3422 certificet,
2038 3339 2121 3406 ab
2167 3338 2521 3426 eodemque
2564 3338 3119 3426 dispensationem
3168 3339 3313 3405 sive
3354 3337 3683 3405 indultum

832 3435 914 3501 de
960 3435 1193 3503 stando
1238 3448 1426 3503 extra
1466 3436 1832 3505 huiusmodi
1876 3440 2246 3527 approbata
2295 3439 2443 3505 loca
2486 3461 2630 3503 cum
2676 3442 3051 3503 extorsione
3093 3440 3329 3525 signeti
3372 3439 3683 3504 effectua-

832 3535 979 3602 liter
1018 3539 1320 3625 impetret
1361 3547 1427 3603 et
1466 3537 1781 3623 obtineat,
1835 3562 2049 3627 poena
2088 3540 2206 3604 sub
2252 3539 2616 3627 praemissa
2656 3539 2902 3603 tociens
2946 3540 3242 3625 quotiens
3284 3540 3685 3604 contrarium

832 3636 1048 3702 facere
1091 3640 1619 3726 praesumpserit.
1704 3639 1955 3705 Datum
1996 3648 2359 3704 rectoratus
2403 3650 2520 3703 etc.
2599 3636 2789 3703 Anno
2855 3647 2973 3703 etc.

972 3810 1072 3872 31.
1115 3822 1505 3872 monum
1539 3823 1632 3871 DE
1674 3824 1818 3873 NON
1851 3824 2378 3873 mTEREsssnno
2415 3821 2947 3872 DISPENSATIONI
2992 3822 3241 3871 nomm
3283 3822 3533 3874 BACCA·

749 3911 818 3969 30
1897 3921 2266 3972 mmm
2307 3921 2609 3972 morum.

997 4019 1103 4084 Ex
1147 4020 1451 4086 concordi
1498 4045 1815 4088 consensu
1862 4032 2054 4108 atque
2098 4024 2551 4088 commissione
2589 4022 2997 4090 dominorum
3020 4023 3360 4088 doctorum
3392 4023 3677 4087 omnium

835 4118 1212 4186 facultatum
1254 4119 1618 4187 antedictae
1661 4124 2106 4188 universitatis
2159 4122 2429 4188 mandat
2471 4122 2769 4188 omnibus
2812 4131 2876 4187 et
2920 4119 3192 4207 singulis
3234 4119 3678 4187 baccalarian·

832 4218 965 4304 dis,
1021 4242 1313 4307 pronunc
1362 4224 1731 4308 promoveri
1785 4224 2225 4310 cupientibus,
2283 4222 2638 4289 districtius
2691 4219 3043 4287 inhibendo
3058 4271 3077 4305 ,
3144 4229 3460 4337 quatenus
3503 4223 3677 4287 iura-

833 4321 1060 4403 menti,
1113 4329 1408 4407 tempore
1464 4321 2093 4388 immatriculationis
2140 4346 2295 4388 suae
2338 4323 2668 4409 praestiti,
2723 4343 3070 4403 memores,
3129 4320 3342 4386 nullus
3384 4324 3677 4409 ipsorum

747 4428 814 4484 35
835 4417 1030 4485 hodie
1087 4429 1200 4485 aut
1255 4418 1561 4507 deinceps
1608 4420 2080 4507 dispensationi
2123 4444 2372 4487 morum
2413 4423 2725 4486 interesse
2768 4432 2882 4486 aut
2926 4441 3071 4486 sese
3112 4422 3399 4485 examini
3446 4425 3678 4506 quovis

831 4517 1023 4585 modo
1088 4519 1469 4585 submittere
1531 4528 1935 4607 praesumat,
2009 4521 2433 4610 quoadusque
2498 4543 2765 4604 causae,
2831 4522 3002 4586 inter
3071 4516 3243 4608 [16⁸]
3310 4520 3518 4586 dictos
3564 4521 3675 4586 do·

830 4621 1040 4684 minos
1096 4617 1396 4685 doctores
1451 4642 1534 4685 ex
1585 4643 1716 4686 una
1774 4630 1836 4685 et
1887 4624 2237 4708 magistros
2282 4622 2362 4687 de
2407 4621 2677 4687 consilio
2719 4621 3044 4685 facultatis
3088 4621 3329 4684 artium
3372 4621 3677 4708 partibus

829 4742 915 4786 ex
971 4719 1181 4784 altera
1232 4728 1558 4784 vertentes
1574 4770 1592 4804 ,
1648 4720 1837 4808 plene
1889 4722 2304 4806 totaliterque
2364 4721 2696 4787 discussae
2750 4721 3003 4788 fuerint.
3092 4717 3227 4784 Sub
3274 4739 3488 4806 poena
3528 4743 3697 4808 per--

828 4821 998 4902 iurii,
1041 4818 1218 4906 quod
1244 4820 1714 4886 contrafaciens
1736 4821 1879 4907 ipso
1905 4822 2082 4887 facto
2109 4822 2400 4904 incurrit,
2451 4830 2515 4885 et
2543 4843 2621 4884 .x.
2655 4819 3066 4903 florenorum,
3111 4818 3522 4886 universitati
3555 4832 3674 4886 etc.

746 4998 814 5055 40
892 4992 992 5057 32.
1050 5004 1438 5054 mummi
1477 5005 1570 5052 ns
1615 5004 1761 5053 non
1804 5005 2134 5056 VAoAnno
2180 5006 2559 5056 Noc'runno
2605 5004 2954 5068 ramosa,
2993 5004 3319 5052 vASALms
3358 5005 3616 5054 Pamm-

1425 5103 1569 5152 pma
1611 5104 1699 5154 Ac
1742 5104 2340 5155 cmcnnAromsus
2383 5105 2529 5154 nou
2576 5102 3083 5154 orrsuosnms

998 5202 1173 5285 Quia
1222 5200 1641 5268 illustrissimi
1690 5227 1770 5269 ac
1812 5204 2263 5270 humanissimi
2306 5204 2502 5270 duces
2548 5203 2876 5270 Saxoniae
2887 5252 2906 5287 ,
2962 5201 3296 5292 praefatae
3355 5207 3669 5270 universi-

831 5304 981 5370 tatis
1023 5302 1399 5369 fundatores
1442 5304 2094 5390 magnificentissimi,
2154 5327 2276 5391 pro
2320 5305 2643 5370 communi
2686 5306 2786 5370 sui
2827 5304 3140 5369 territorii
3179 5304 3458 5372 utilitate
3498 5329 3669 5372 nunc
