4038 6358
802 643 924 705 496
1796 642 1895 691 Die
1927 641 2366 704 philosophische
2398 640 2652 691 Faculffit.

803 823 940 886 eius
979 822 1418 886 incarceratus
1470 820 1694 904 fuerit,
1749 821 1852 887 vel
1904 824 1962 887 si
2018 822 2317 910 publicus
2376 820 2856 886 meretricarius
2912 819 3135 902 fuerit,
3198 814 3446 883 scilicet
3486 816 3677 904 quod

798 921 866 984 in
910 919 1099 986 domo
1145 919 1565 985 habitationis
1603 920 1935 986 mulierem
1980 931 2348 1009 suspectam
2396 920 2653 1007 publice
2692 920 2988 1000 tenuerit,
3032 916 3135 982 vel
3180 917 3266 982 ad
3310 919 3667 983 comodum

801 1018 1037 1084 bursae
1093 1041 1247 1084 suae
1302 1018 1498 1083 talem
1541 1020 1995 1104 introduxerit,
2056 1021 2161 1086 vel
2217 1020 2348 1085 alia
2402 1020 2594 1085 domo
2638 1042 2753 1083 seu
2803 1017 3191 1082 domuncula
3230 1017 3335 1082 vel
3385 1017 3672 1082 comodo

800 1120 1122 1183 meretrici
1169 1119 1469 1206 publicae
1510 1119 1616 1184 vel
1669 1121 2119 1187 meretricibus
2163 1119 2441 1208 publicis
2482 1126 2901 1184 conversatus
2944 1118 3159 1201 fuerit,
3203 1116 3307 1182 vel
3352 1119 3425 1182 in
3470 1116 3673 1182 colla-

717 1227 750 1282 5
807 1217 1087 1282 tionibus
1138 1230 1249 1283 aut
1305 1218 1619 1305 prandiis,
1677 1220 1788 1285 ubi
1845 1219 2042 1284 talem
2083 1220 2187 1285 vel
2245 1219 2408 1284 tales
2467 1241 2609 1283 esse
2666 1219 2958 1299 sciverit,
3020 1218 3239 1297 fuerit,
3290 1217 3400 1281 vel
3452 1216 3671 1281 locum

812 1327 1204 1403 suspectum,
1261 1318 1563 1383 videlicet
1620 1319 2074 1405 prostibulum,
2130 1320 2521 1400 visitaverit,
2576 1328 2642 1383 et
2684 1318 2764 1382 de
2818 1317 2942 1382 hoc
2984 1319 3320 1382 convictus
3363 1315 3470 1380 vel
3514 1338 3670 1380 con-

805 1417 1013 1480 fessus
1057 1416 1163 1481 vel
1209 1441 1327 1503 per
1372 1428 1824 1483 conventorem
1877 1432 2144 1506 propter
2185 1419 2357 1483 hunc
2411 1429 2476 1481 et
2528 1416 2881 1504 quemlibet
2931 1416 3129 1481 alium
3184 1437 3525 1481 excessum
3580 1414 3670 1478 de

803 1514 1003 1580 bursa
1046 1537 1164 1580 sua
1208 1517 1514 1603 expulsus
1554 1519 1779 1600 fuerit,
1838 1518 1944 1582 vel
1989 1522 2056 1583 in
2100 1516 2459 1605 prostibulo
2502 1516 2607 1581 vel
2666 1527 2854 1582 extra
2908 1515 3168 1602 publice
3211 1539 3283 1580 se
3326 1537 3669 1603 percusse-

802 1617 918 1696 rit,
963 1615 1064 1680 vel
1115 1616 1205 1680 ibi
1249 1616 1624 1684 vulneratus
1667 1640 1750 1682 ex
1795 1617 1986 1704 culpa
2030 1640 2149 1682 sua
2205 1618 2400 1681 fuerit
2464 1628 2691 1703 captus
2734 1626 2844 1680 aut
2887 1614 3356 1701 deprehensae,
3402 1612 3509 1678 vel
3556 1614 3661 1700 qui

725 1725 786 1778 10
805 1715 891 1779 ad
935 1715 1193 1780 taxillos
1235 1717 1300 1779 in
1341 1715 1630 1781 tabernis
1674 1716 1934 1803 publice
1975 1715 2222 1798 luserit,
2268 1717 2372 1780 vel
2416 1716 2832 1780 hastiludium
2876 1716 2942 1779 in
2982 1716 3123 1784 foro
3168 1714 3431 1801 publice
3475 1734 3654 1777 exer·

804 1816 1026 1897 cuerit,
1084 1815 1188 1879 vel
1250 1817 1362 1902 qui
1403 1816 1622 1881 verbis
1676 1818 2008 1882 iniuriosis
2068 1816 2350 1903 aliquem
2389 1817 2853 1901 magistrorum
2907 1813 3166 1901 publice
3220 1813 3507 1894 laeserit,
3563 1810 3661 1876 vel

800 1915 1010 2000 ipsum
1053 1915 1364 1980 iniuriose
1422 1919 1844 2001 percusserit,
1903 1915 2004 1981 vel
2061 1917 2305 1980 furtum
2362 1927 2475 1979 aut
2529 1913 2690 1980 alios
2734 1936 3060 1997 excessus,
3118 1936 3280 2001 quos
3320 1913 3660 1977 comitatur

802 2013 1070 2077 infamia
1112 2012 1213 2077 vel
1259 2013 1655 2096 scandalum,
1704 2016 2103 2081 commiserit
2144 2013 2246 2078 vel
2292 2015 2786 2101 perpetraverit.
2872 2015 3167 2094 Quorum
3208 2012 3429 2078 nullus
3472 2012 3653 2076 etiam

797 2113 853 2176 si
910 2111 991 2176 de
1045 2111 1259 2197 aliquo
1320 2114 1798 2198 praedictorum
1855 2137 2239 2179 excessuum
2296 2124 2631 2200 suspectus
2689 2112 2792 2178 vel
2849 2114 3199 2178 infamatus
3253 2112 3485 2193 fuerit,
3539 2112 3655 2174 nisi

721 2220 782 2274 15
804 2210 884 2276 de
927 2208 1040 2275 tali
1087 2234 1155 2276 se
1198 2233 1322 2297 per
1368 2234 1549 2276 suum
1595 2214 2025 2278 iuramentum
2071 2216 2560 2300 expurgaverit,
2619 2213 2703 2277 ad
2758 2235 3032 2279 examen
3085 2211 3187 2278 vel
3245 2221 3655 2297 temptamen,

802 2311 893 2374 uti
937 2312 1373 2396 praemissum
1419 2324 1535 2394 est,
1581 2312 1796 2400 aliquo
1840 2314 2031 2379 modo
2077 2314 2477 2378 admittatur.

1261 2483 1350 2543 19.
1403 2474 1522 2563 [Bl.
1566 2475 1711 2566 36b]
1757 2496 1851 2543 ns
1895 2497 2159 2546 marro
2207 2496 2737 2545 suprosrronuu
2783 2497 2854 2543 m
2905 2495 3219 2545 ARTmUS.

972 2610 1204 2676 Nullus
1249 2608 1725 2698 promovendus
1769 2612 1834 2676 in
1878 2613 2148 2695 artibus,
2205 2614 2343 2677 sive
2402 2613 2486 2677 sit
2540 2611 2951 2677 baccalarius
2997 2613 3135 2677 sive
3192 2609 3475 2698 simplex
3532 2619 3652 2674 stu-

805 2709 985 2793 dens,
1040 2710 1392 2792 inhoneste,
1451 2719 1521 2775 ut
1564 2712 1631 2774 in
1675 2710 1980 2776 tunicella
2022 2711 2127 2777 vel
2171 2711 2391 2799 pallio,
2447 2734 2614 2799 quae
2654 2712 2826 2777 ultra
2886 2734 3100 2798 genua
3141 2734 3270 2776 non
3329 2707 3653 2797 protendi-

718 2818 929 2892 20tur‚
993 2809 1253 2895 publice
1294 2809 1554 2874 incedat
1592 2819 1706 2874 aut
1744 2809 1909 2875 alias
1953 2821 2167 2876 vestes
2211 2811 2582 2876 indecentes
2639 2811 2917 2894 deferat,
2976 2833 3184 2899 neque
3245 2810 3494 2896 caligas
3550 2819 3655 2874 aut

801 2912 1088 2974 manicas
1132 2910 1425 2995 depictas
1471 2907 1572 2973 vel
1616 2909 1965 2976 florisatas.
2026 2911 2098 2974 Si
2142 2912 2286 2998 quis
2332 2921 2547 2975 autem
2590 2913 2985 2976 contrarium
3026 2911 3253 2975 fecerit
3292 2923 3404 2976 aut
3448 2910 3653 2973 facere

801 3010 1342 3096 praesumpserit,
1401 3006 1592 3073 talem
1658 3009 1928 3095 quilibet
1974 3012 2431 3096 magistrorum
2489 3031 2565 3075 eo
2621 3020 2935 3096 tempore,
2995 3031 3121 3096 quo
3174 3009 3456 3097 aliquem
3515 3031 3647 3094 gra·

799 3108 950 3172 dum
1007 3118 1226 3195 petere
1282 3120 1396 3173 aut
1439 3130 1769 3174 assumere
1815 3109 2122 3194 voluerit,
2181 3109 2572 3174 denunciare
2627 3118 2691 3174 et
2749 3109 3067 3197 impedire
3122 3119 3338 3198 potest
3383 3120 3449 3173 et
3489 3119 3649 3172 tene·

801 3220 926 3273 tur.
1010 3208 1098 3271 Et
1141 3209 1267 3271 nisi
1325 3230 1394 3272 se
1435 3207 1877 3273 emendaverit
1928 3219 1992 3274 et
2047 3211 2335 3276 moribus
2379 3219 2443 3274 et
2481 3211 2617 3274 vita
2662 3212 2902 3275 existat
2947 3209 3530 3290 commendandus,
3572 3208 3651 3273 ad

721 3319 789 3373 25
810 3329 1084 3373 examen
1123 3305 1227 3371 vel
1269 3316 1664 3393 temptamen
1704 3330 1819 3373 suo
1863 3317 2155 3396 tempore
2196 3331 2328 3374 non
2370 3308 2766 3376 admittatur.

858 3480 958 3541 20.
999 3490 1093 3537 DE
1136 3490 1562 3538 LATINITATE
1611 3492 1683 3541 IN
1729 3492 2096 3541 COLLEGIIS
2139 3493 2229 3541 ΕΤ
2274 3492 2514 3541 BURSIS
2558 3491 2850 3543 STRICTE
2896 3494 3031 3542 PER
3074 3490 3596 3541 PROMOVENDOS

1992 3592 2473 3640 OBSERVANDA.

966 3705 1242 3788 Placuit,
1297 3705 1470 3793 quod
1523 3708 1743 3772 stricte
1797 3707 2083 3773 latinitas
2142 3709 2209 3772 in
2263 3707 2560 3771 omnibus
2619 3717 2912 3773 servetur
2956 3708 3247 3795 collegiis
3308 3716 3372 3772 et
3426 3707 3657 3786 bursis,

805 3805 1038 3872 nedum
1095 3828 1212 3891 per
1257 3804 1583 3890 simplices
1637 3807 1968 3873 studentes
2011 3829 2237 3871 verum
2281 3807 2475 3871 etiam
2537 3806 2964 3890 baccalarios,
3019 3811 3203 3872 iuxta
3261 3818 3503 3871 statuta
3556 3805 3658 3869 de-

722 3918 790 3973 30
811 3929 1006 3992 super
1032 3905 1208 3971 edita
1250 3917 1314 3969 et
1351 3907 1418 3969 in
1462 3907 1917 3972 reformatione
1955 3906 2375 3971 illustrissimi
2414 3907 2730 3993 principis
2770 3928 3104 3994 expressa,
3140 3902 3445 3972 videlicet
3489 3903 3659 3992 quod

803 4008 870 4070 in
917 4005 1130 4070 bursis
1187 4014 1252 4070 et
1305 4003 1594 4092 collegiis
1653 4005 1923 4072 latinum
1983 4004 2266 4093 ydeoma
2327 4007 2625 4070 continue
2683 4005 2768 4071 ab
2826 4006 3126 4071 omnibus
3184 4002 3659 4093 promovendis,

812 4104 932 4170 sub
971 4114 1147 4168 certa
1189 4127 1401 4190 poena
1444 4105 1910 4192 extorquenda,
1955 4107 2344 4192 proseratur.
2397 4105 2486 4169 Et
2529 4105 2769 4171 debent
2812 4117 3234 4172 conventores
3276 4107 3463 4169 iuxta
3502 4106 3659 4168 anti·

804 4226 998 4289 quam
1057 4214 1122 4267 et
1177 4203 1292 4267 diu
1352 4203 1766 4271 observatam
1811 4204 2341 4270 consuetudinem‘
2394 4205 2583 4291 lupos
2639 4207 2778 4269 sive
2836 4207 3200 4292 signatores
3255 4205 3659 4283 constituere,

804 4305 913 4390 qui
955 4301 1448 4388 vulgarisantes'
1482 4303 1900 4368 conscribant
1940 4305 2027 4368 ad
2084 4316 2328 4369 certum
2374 4307 2741 4390 registrum,
2800 4306 2895 4383 eis
2940 4304 3327 4370 tradendum
3370 4313 3434 4368 et
3476 4324 3659 4390 prae-

722 4414 789 4469 35
813 4402 1195 4468 sentandum
1239 4403 1326 4468 ad
1369 4402 1626 4489 publice
1673 4401 2021 4489 legendum
2067 4407 2307 4490 quintis
2351 4406 2551 4469 feriis.
2628 4404 2846 4469 Debet
2887 4406 3081 4468 etiam
3125 4426 3166 4467 a
3206 4403 3659 4490 vulgarisanti·

808 4503 931 4568 bus
985 4524 1263 4588 poenam
1316 4504 1582 4588 exigere
1639 4503 1814 4569 omni
1872 4504 2267 4589 septimana3
2326 4513 2390 4568 et
2443 4504 2498 4567 si
2542 4503 2845 4590 poenales
2902 4525 3045 4567 eam
3101 4501 3355 4567 solvere
3406 4523 3661 4567 recusa·

805 4604 1050 4684 verint,
1106 4601 1345 4667 debent
1399 4611 1629 4688 postea
1689 4600 1773 4666 ab
1833 4604 1925 4667 eis
1983 4601 2249 4687 duplum
2307 4611 2719 4690 extorquere,
2777 4602 3051 4668 rebelles
3111 4612 3355 4685 autem,
3412 4600 3661 4666 solvere

806 4711 1047 4788 puncta
1089 4702 1348 4767 omnino
1391 4710 1788 4784 recusantes,
1844 4702 1930 4766 ad
1985 4701 2263 4788 gradum
2317 4701 2596 4789 aliquem
2639 4704 2705 4767 in
2750 4703 3000 4769 artibus
3045 4724 3161 4767 suo
3204 4711 3497 4787 tempore
3537 4722 3662 4764 non

808 4800 1251 4884 admittantur,
1311 4802 1438 4867 nisi
1496 4800 1861 4866 huiusmodi
1915 4811 2159 4887 puncta
2209 4824 2351 4865 cum
2401 4813 2579 4866 certa
2632 4824 2803 4868 nova
2844 4822 3076 4889 poena,
3133 4824 3252 4888 per
3290 4800 3661 4865 facultatem

739 4910 806 4964 40
827 4899 1155 4983 dictanda,
1212 4900 1472 4966 realiter
1515 4910 1578 4967 et
1618 4922 1759 4965 cum
1816 4901 2046 4965 effectu
2096 4894 2280 4987 'prius
2337 4901 2610 4966 solvant.
2691 4900 2975 4967 Pecunia
3024 4924 3203 4984 ver0,
3247 4922 3367 4987 pro
3412 4900 3664 4987 punctis

812 5022 926 5063 seu
983 4999 1127 5065 aliis
1181 5000 1591 5086 negligentiis
1649 5002 2132 5085 suppositorum
2191 5023 2310 5086 per
2374 4998 2797 5067 conventores
2842 5001 3132 5084 collecta,
3172 4999 3384 5064 -debet
3439 4998 3665 5063 cedere

818 5101 1010 5167 sociis
1055 5122 1174 5186 pro
1218 5100 1445 5165 solatio
1489 5099 1707 5186 aliquo
1752 5121 1866 5163 seu
1925 5102 2223 5165 convivio
2268 5099 2565 5165 habendo
2607 5101 2791 5166 iuxta
2833 5109 3289 5166 conventorum
3335 5099 3662 5164 discretio-

815 5221 981 5262 nem.
1035 5199 1283 5264 Poterit
1323 5208 1536 5263 tamen
1583 5198 1801 5286 aliqua
1842 5201 2076 5286 portic,
2118 5210 2188 5263 ut
2226 5201 2431 5264 tercia
2473 5213 2587 5265 aut
2628 5214 2860 5286 quarta
2902 5224 3080 5288 pam,
3123 5223 3244 5287 pro
3286 5197 3664 5265 utensilibus

813 5299 1129 5387 coquinae
1171 5299 1516 5365 reservari.
