4038 6358
7 5704 16 5852 f-*U-v

767 604 847 666 58
1799 615 1904 666 Die
1939 611 2179 666 Statuten
2218 629 2341 666 vom
2374 616 2541 668 Jahn-e
2580 623 2709 668 1⁴10

759 782 1066 852 Andreae
1105 786 1411 875 Ruperti,
1453 813 1681 858 sacrae
1719 795 2083 882 theologiae
2124 796 2511 864 baccalarii:
2576 799 2772 882 Quod
2814 803 3205 870 universitas
3246 805 3427 893 ipsa
3492 795 3729 866 velit

765 893 830 950 et
884 883 1078 950 debet
1131 910 1479 974 personam
1521 891 1896 980 deputatam
1937 905 2003 961 et
2046 895 2485 984 deputandam
2525 922 2647 987 pro
2692 901 3075 989 colligendis
3120 903 3551 970 redditibus
3604 895 3723 962 de

765 981 940 1050 villis
991 987 1401 1054 universitati
1441 991 1874 1080 incorporatis
1917 1005 2181 1062 servare
2222 995 2637 1086 indempnem
2676 1000 2762 1067 ab
2805 1003 3218 1090 impetit-ione
3260 1005 3723 1072 cuiuscun-

765 1105 890 1173 que
927 1087 1188 1153 nonn’ne
1231 1087 1550 1158 dictorum
1595 1093 1968 1162 reddituum
2009 1097 2403 1164 imminente.

709 1259 743 1314 5
1614 1265 1709 1327 17.
1755 1256 1879 1348 [Bl.
1929 1259 2073 1352 15⁸]
2126 1283 2263 1334 vom
2305 1283 2384 1335 13.
2419 1284 2531 1336 sun
2576 1285 2759 1338 ¹440.¹

925 1383 1116 1451 Anno
1159 1386 1406 1456 domini
1443 1390 1780 1461 millesimo
1824 1399 2031 1463 cccc⁰
2071 1397 2600 1486 quadragesimo,
2644 1400 2751 1467 die
2800 1423 2959 1468 vero
2998 1403 3237 1470 mensis
3277 1403 3443 1472 Iulii
3514 1411 3700 1466 tre-

767 1481 1048 1568 decimo,
1103 1486 1280 1552 facta
1330 1488 1525 1577 plena
1579 1499 2095 1581 congregacione
2152 1499 2595 1566 universitatis
2651 1499 2822 1568 lecta
2862 1511 2927 1568 et
2966 1499 3298 1589 publicata
3337 1505 3699 1570 fuerunt

767 1590 1010 1648 statuta
1063 1585 1461 1676 subscripta,
1527 1616 1670 1680 per
1729 1595 2084 1664 dominos
2143 1596 2781 1667 reformatores²
2834 1601 3005 1666 inter
3059 1611 3277 1668 cetera
3326 1611 3699 1691 protunc

765 1681 943 1748 edita
984 1694 1047 1749 et
1085 1709 1206 1774 per
1249 1699 1523 1776 quatuor
1563 1696 1868 1762 naciones
1909 1697 2083 1766 nullo
2128 1697 2611 1766 contradicente
2652 1699 2958 1766 conclusa
2999 1708 3065 1765 et
3102 1699 3419 1768 admissa.

689 1791 753 1846 10
944 1790 997 1849 1.
1048 1784 1303 1872 Primo,
1356 1800 1427 1856 ut
1469 1790 1707 1879 honor,
1763 1800 2140 1864 reverencia
2184 1810 2249 1865 et
2291 1798 2489 1866 decor
2530 1801 2975 1867 universitatis
3018 1801 3229 1886 magis
3272 1799 3690 1868 habundet

771 1892 834 1947 et
873 1891 1195 1970 teneatur,
1240 1890 1414 1977 quod
1457 1914 1677 1960 omnes
1720 1906 1785 1961 et
1827 1898 2063 1984 singuli
2105 1900 2436 1984 magistri,
2490 1900 2787 1966 doctores
2832 1909 2897 1966 et
2934 1899 3261 1968 licenciati
3302 1923 3679 1989 quarum-

774 2004 1025 2072 cunque
1065 1985 1443 2058 facultatum
1485 1996 1926 2061 universitatis
1969 2007 2231 2064 nostrae
2274 1997 2546 2085 singulis
2587 2000 2803 2066 missis
2827 2000 3267 2066 universitatis
3298 1999 3677 2072 decenter

765 2081 1082 2152 habituati
1123 2087 1441 2174 intersint,
1483 2094 1781 2182 magistri
1821 2096 2129 2164 videlicet
2166 2119 2313 2164 cum
2352 2098 2583 2165 habitu
2624 2099 2989 2188 magistrali
3008 2109 3335 2185 consueto,
3386 2101 3667 2168 docto-

767 2206 874 2249 res
926 2207 1048 2272 pro
1108 2187 1414 2255 decencia
1461 2202 1527 2259 et
1579 2193 1822 2261 honore
1873 2196 2193 2282 graduum
2236 2220 2457 2264 eorum
2470 2247 2489 2281 ,
2542 2220 2624 2264 ac
2662 2199 3019 2266 secundum
3060 2199 3357 2266 ordinem
3398 2210 3473 2266 et
3516 2222 3659 2266 ne-

687 2291 749 2348 15
768 2284 952 2350 nium
1007 2286 1078 2352 in
1115 2288 1378 2356 sedibus
1420 2294 1706 2360 existant
1720 2343 1741 2377 ,
1799 2295 1947 2362 aliis
1987 2293 2201 2362 locum
2242 2297 2615 2384 praebendo
2630 2347 2649 2381 ,
2708 2301 3034 2386 ceterique
3074 2297 3357 2366 scolares
3401 2321 3655 2366 nnus-

763 2385 1032 2471 quisque
1074 2389 1428 2458 secundum
1471 2395 1646 2462 vires
1688 2417 1952 2462 suarum
1989 2396 2407 2481 facultatum3
2472 2397 2775 2486 quodque
2826 2397 3040 2464 nullus
3081 2399 3377 2485 ipsorum
3416 2422 3647 2487 prae-

765 2482 1084 2555 dictorum
1134 2499 1288 2556 ante
1337 2491 1534 2558 finem
1586 2493 1826 2562 abinde
1877 2498 2016 2562 sine
2058 2519 2263 2564 causa
2300 2497 2621 2584 legittima
2658 2497 2956 2582 recedat,
3016 2497 3141 2564 sub
3184 2521 3399 2586 poena
3444 2501 3643 2566 irre-

763 2585 1110 2754 mimibqss
1159 2590 1428 2678 singulis
1479 2594 1878 2683 temporibus
1935 2619 1978 2662 a
2026 2605 2279 2664 rectore
2334 2598 2777 2664 universitatis
2834 2597 2969 2664 suis
3010 2597 3081 2664 in
3118 2598 3449 2666 mandatis
3492 2621 3635 2668 ex-

767 2707 1016 2772 pumen
1111 2737 1128 2754 .
2858 2703 2866 2709 '

683 2790 756 2850 20
939 2792 994 2852 2.
1021 2787 1046 2830 ³
1100 2788 1294 2874 Item,
1341 2802 1418 2859 nt
1467 2797 1780 2882 magister
1827 2817 1870 2860 a
1915 2795 2273 2864 scolaribus
2316 2795 2575 2864 differat
2617 2806 2681 2864 et
2722 2796 3161 2879 discernatur,
3205 2793 3376 2885 [15¹³]
3434 2797 3629 2886 quod

770 2884 1008 2970 singuli
1045 2888 1344 2976 magistri
1385 2895 1662 2978 arcium,
1717 2896 1845 2960 nisi
1899 2897 2193 2983 ipsorum
2228 2895 2518 2962 obstaret
2554 2896 2813 2984 religio,
2864 2898 2935 2964 in
2974 2895 3245 2984 plateis,
3302 2895 3499 2962 scolis
3540 2907 3619 2963 et

769 2983 928 3052 alibi
968 2986 1178 3075 longis
1220 2991 1540 3078 vestibus,
1582 3015 1712 3060 non
1756 2995 1970 3080 cincti,
2019 2998 2149 3062 sint
2188 2997 2417 3079 induti,
2460 2997 2705 3062 mitrati
2746 3006 2812 3063 et
2852 2997 2921 3062 in
2962 2995 3249 3083 scapulis
3292 2993 3399 3060 vel
3440 2996 3619 3062 collo

769 3089 1042 3174 capucia
1081 3089 1442 3160 deferentes
1485 3102 1548 3160 et
1585 3097 1940 3184 praecipue
1979 3099 2048 3162 in
2090 3095 2345 3164 actibus
2393 3094 2671 3185 publicis
2702 3105 2771 3162 et
2794 3099 2863 3162 in
2888 3095 3117 3162 diebus
3144 3093 3539 3162 solemnibus
3561 3099 3613 3181 ⁴,

768 3188 889 3254 sub
931 3210 1146 3276 poena
1187 3202 1460 3277 quatuor
1503 3217 1898 3281 grossorum,
1941 3198 2190 3263 tociens
2234 3197 2539 3284 quociens
2580 3198 2893 3281 requisiti.
2974 3194 3065 3261 Et
3087 3195 3174 3260 ad
3200 3196 3607 3262 uniuscuius-

683 3295 752 3353 25
773 3310 896 3376 que
945 3292 1442 3379 requisicionem
1493 3303 1706 3361 rector
1767 3304 2021 3363 tenetur
2072 3318 2343 3383 poenam
2398 3318 2441 3361 a
2493 3318 2872 3385 quocunque
2930 3297 3029 3363 sic
3082 3294 3436 3361 excedente
3492 3318 3610 3363 ex·—

768 3396 1088 3477 torquere.
2150 3414 2161 3421 ·

931 3494 988 3559 3.
1010 3492 1036 3531 ⁵
1083 3492 1246 3558 Item
1313 3512 1435 3580 pro
1499 3495 1732 3559 maiori
1789 3494 2239 3561 declaracione
2294 3494 2584 3561 eiusdem
2632 3496 2857 3561 statuti
2910 3492 3281 3565 conclusum
3336 3502 3437 3561 est
3492 3516 3609 3581 per

766 3591 1282 3675 universitatem,
1337 3592 1510 3681 quod
1567 3592 1894 3659 studentes
1908 3642 1927 3677 ,
1987 3596 2101 3681 qui
2142 3617 2273 3659 non
2316 3603 2466 3661 sunt
2505 3596 2805 3682 magistri
2846 3613 3055 3680 neque
3095 3592 3398 3661 doctores
3413 3642 3432 3677 ,
3496 3614 3609 3680 pu-

768 3688 936 3755 blice
989 3691 1360 3759 incedentes
1421 3693 1560 3757 sine
1608 3692 1822 3779 palliis
1836 3740 1854 3775 ,
1909 3694 2041 3759 sint
2094 3694 2290 3759 cincti
2330 3695 2399 3759 in
2440 3716 2821 3784 quacunque
2859 3700 3042 3761 veste
3078 3702 3195 3759 aut
3236 3694 3369 3759 sint
3409 3692 3609 3780 pallio

685 3800 756 3859 30
773 3790 1025 3861 decenti
1081 3792 1317 3875 induti,
1378 3791 1500 3857 sub
1553 3814 1766 3879 poena
1817 3792 2069 3859 dimidii
2122 3793 2353 3859 flore-ni
2365 3842 2384 3876 ,
2442 3795 2689 3861 tociens
2746 3797 3052 3882 quociens
3095 3814 3293 3879 super
3336 3792 3450 3859 illo
3494 3791 3603 3857 de-

770 3892 1098 3959 nuncciati
1137 3893 1378 3959 fuerint
1419 3900 1486 3957 et
1527 3894 1824 3958 convicti.

935 3996 989 4057 4.
1013 3992 1039 4033 ⁶
1084 3992 1252 4057 Item
1290 3991 1463 4078 quod
1506 3991 1802 4058 decetero
1847 3990 2117 4083 quilibet
2158 3993 2227 4057 in
2274 4014 2464 4058 sacra
2502 3994 2762 4079 pagina,
2807 3991 3011 4059 altero
3052 3991 3291 4057 iun-ium
3336 4010 3451 4057 seu
3478 4012 3611 4057 me-

775 4089 990 4156 dicina
1033 4091 1255 4157 volens
1293 4092 1576 4178 insignia
1616 4092 1981 4179 magisterii
2023 4090 2128 4157 vel
2170 4090 2540 4159 doctoratus
2583 4092 2906 4181 recipere,
2952 4090 3177 4157 ambos
3220 4090 3605 4155 universita-

772 4193 856 4255 tis
899 4189 1171 4257 famulos
1219 4189 1520 4257 decenter
1553 4192 1789 4257 vestiet
1830 4202 1942 4257 aut
1982 4192 2146 4279 ipsis
2188 4190 2501 4277 praebeat
2546 4214 2665 4279 pro
2700 4190 2943 4257 talibus
2986 4189 3445 4277 comparandis
3486 4187 3612 4255 ad-

691 4300 758 4357 35
776 4292 986 4356 minus
1033 4292 1311 4378 quinque
1353 4290 1632 4357 florenos
1676 4313 2025 4379 reynenses
2070 4300 2183 4357 aut
2222 4290 2543 4374 valorem,
2596 4292 2691 4356 sic
2738 4302 2957 4356 tamen
2998 4297 3070 4355 ut
3111 4292 3479 4376 praenotati
3518 4290 3611 4355 fa-

773 4389 932 4457 muli
977 4392 1232 4457 asta-icti
1273 4392 1403 4455 sint
1443 4393 1580 4457 suis
1624 4390 1988 4477 sumptibus
2032 4391 2122 4457 ad
2173 4388 2533 4457 kathedrae
2590 4390 3115 4477 singulorumque
3149 4408 3615 4477 scampnorum

773 4490 1112 4557 decentem
1151 4500 1575 4578 ornatamque
1618 4491 2133 4576 disposicionem.

907 4712 932 4763 1
971 4707 1057 4762 Im
1094 4705 1348 4778 Original
1383 4704 1519 4776 geht
1545 4704 1726 4761 dieser
1761 4702 2061 4761 Abschnitt
2092 4703 2218 4761 dem
2249 4703 2475 4775 vorigen
2508 4720 2696 4760 voran.
2756 4702 2893 4759 Man
2924 4702 3037 4775 vgl.
3066 4702 3161 4759 die
3190 4702 3549 4761 Blattsahlen

906 4797 937 4847 2
970 4778 1112 4863 vng
1135 4790 1278 4846 oben
1315 4788 1371 4846 S.
1411 4794 1468 4859 8,
1501 4794 1533 4845 8
1567 4788 1646 4859 fg.
1663 4830 1677 4857 ‚
1709 4786 2002 4844 besonders
2040 4788 2189 4843 Zeile
2222 4792 2302 4843 30.
2541 4792 2573 4843 3
2607 4787 2716 4842 Am
2752 4786 2947 4843 Rande
2980 4804 3095 4843 non
3128 4787 3349 4857 leym.

905 4882 940 4932 4
975 4874 1080 4929 Die
1120 4874 1317 4930 Worte
1353 4881 1404 4929 d
1429 4874 1734 4945 praecipue
1765 4872 1853 4927 bis
1887 4874 2215 4928 comnibus
2251 4872 2374 4928 sind
2417 4890 2525 4928 von
2558 4872 2803 4943 anderer,
2836 4872 2970 4929 aber
3007 4870 3421 4945 gleichzeitiger
3444 4874 3612 4929 Hand

775 4978 882 5017 nac
960 4965 1206 5030 eti-agen.
3320 4968 3323 4973 ·

882 4961 960 5099 ¹¹5g
977 5042 1196 5099 Artikel
1238 5048 1270 5099 3
1314 5044 1389 5099 ist
1431 5060 1541 5099 von
1587 5038 1871 5097 derselben
1915 5039 2340 5112 gleichzeitigen
2382 5040 2579 5110 Hand,
2633 5040 2723 5095 die
2768 5040 2911 5095 eben
2959 5039 3161 5096 voi-her
3210 5040 3613 5112 hiumam-ich,

776 5128 1192 5199 nachgetragen
1234 5127 1339 5183 auf
1387 5126 1545 5181 Blatt
1602 5130 1660 5183 16
1673 5142 1702 5171 ⁸
1744 5125 1857 5181 und
1907 5124 2010 5179 mit
2062 5124 2673 5197 Verweisungszeichen
2714 5124 2995 5180 versehen.
3064 5124 3172 5179 Am
3210 5125 3405 5182 Raude
3448 5128 3613 5183 stand

777 5210 1018 5285 anfangs
1055 5229 1166 5267 non
1197 5212 1434 5283 leym,
1465 5208 1610 5266 doch
1647 5210 1722 5265 ist
1755 5210 1858 5265 das
1890 5227 2002 5263 non
2024 5207 2349 5265 austadiert.
2577 5216 2609 5267 6
2644 5209 2754 5265 Am
2792 5208 2988 5267 Raude
3020 5226 3135 5265 non
3174 5213 3390 5280 leam.
