4038 6358
791 551 908 615 140
1707 555 1819 607 Des
1857 554 2126 604 Iohannes
2158 555 2316 631 Εξιδτί
2353 556 2421 603 de
2466 554 2694 603 Wcrdea

1025 727 1147 817 [Bl.
1167 730 1301 821 61¹²]
1328 732 1516 797 Anno
1549 755 1591 796 a
1610 732 1871 799 Christo
1900 742 2054 798 nato
2080 743 2200 799 etc.
2222 733 2694 801 MDXXXIHI
2717 734 3011 800 semestri
3036 734 3284 801 aestivo
3305 733 3661 800 dederunt

856 830 1203 916 prandium
1247 831 1395 913 loci,
1438 834 1748 918 magistro
1790 832 2129 898 Friderico
2162 834 2459 921 Peypuss
2490 834 2879 901 Forchemio
2913 843 3185 917 rectore,
3225 834 3515 921 graciosi
3556 855 3666 897 ac

853 932 1152 1017 generosi
1197 941 1261 996 et
1300 930 1551 996 nobiles
1596 930 1873 996 domini:
2756 932 2779 963 ⁹

856 1030 1052 1097 Dom.
1094 1028 1459 1095 Stanislaus
1504 1029 2062 1114 Ooschickleczki,
2104 1032 2433 1119 palatinus
2474 1030 2893 1099 Calisnensis.

731 1156 764 1210 5
821 1152 822 1155 ’
1099 1144 1422 1213 Iohannes
1465 1145 1780 1212 Albrecht

857 1244 1051 1313 Dom.
1090 1244 1413 1311 Iohannes
1456 1244 1753 1311 Gebhart
1944 1242 2222 1309 barones
2286 1254 2351 1310 et
2413 1246 2679 1311 comites
2739 1248 2806 1311 in
2881 1246 3190 1312 Mansfelt
3254 1255 3321 1310 et
3385 1243 3662 1311 domini

1091 1342 1413 1409 Iohannes
1453 1343 1680 1432 Hoyer
1940 1342 2192 1408 nobiles
2238 1345 2305 1408 in
2347 1343 2795 1432 Heldrungen.

1294 1443 1531 1508 fratres
1574 1447 1869 1531 germani
2290 1461 2526 1525 Actum
2567 1467 2667 1529 23.
2715 1463 2821 1528 die
2865 1461 3293 1550 Septembris.

1029 1575 1106 1642 A.
1154 1574 1400 1642 Christi
1447 1582 1597 1643 1551
1649 1577 1812 1641 XIII
1866 1576 2269 1663 Septembris
2321 1577 2670 1665 prandium
2728 1578 2855 1644 loci
2911 1578 3092 1643 dedit
3134 1578 3306 1644 dom.
3355 1579 3660 1644 Ioannes

703 1686 765 1740 10
864 1675 1249 1761 Lyatalsky,
1294 1696 1511 1740 comes
1554 1677 1620 1738 in
1667 1675 1996 1741 Lobussin
2035 1685 2151 1741 etc.

1027 1773 1217 1840 Anno
1280 1774 1342 1839 S.
1402 1774 1489 1837 H.
1548 1773 1876 1838 MDLVII
1942 1774 2047 1840 die
2113 1774 2313 1839 XXV
2372 1774 2595 1841 Martii
2654 1775 2834 1842 dedit
2889 1776 3060 1843 dom.
3123 1775 3657 1865 christophorus

860 1873 1356 1960 Komorowsky.

1032 1971 1220 2037 Anno
1278 1977 1434 2040 1563
1485 1972 1586 2038 XI
1644 1971 1993 2038 Februarii
2047 1972 2219 2038 dom.
2283 1972 2746 2041 Constantinus
2801 1996 2843 2039 a
2896 1973 3386 2058 Cholkowiecz,
3456 1976 3656 2041 Litu-

864 2073 1087 2137 anicus
1132 2071 1313 2137 baro.

705 2367 766 2422 15
947 2360 1064 2419 Die
1106 2380 1231 2420 mm
1256 2362 1585 2438 folqenden
1607 2360 1968 2418 Formulare
1991 2359 2132 2423 sind
2168 2380 2282 2419 von
2308 2362 2416 2419 der
2435 2360 2630 2419 Hand
2668 2360 2772 2419 des
2806 2358 3049 2438 Geor-9
3093 2381 3133 2420 a
3179 2361 3450 2434 Szoda,
3494 2363 3648 2422 aber

776 2461 937 2520 nicht
979 2480 1090 2518 aus
1137 2462 1266 2519 dem
1299 2461 1494 2519 Jahre
1538 2460 1728 2518 se'ines
1772 2461 2146 2539 Reum-ates,
2204 2462 2467 2518 sondern
2507 2480 2620 2519 aus
2662 2461 2777 2518 den
2815 2460 3054 2518 Jahren
3102 2462 3258 2525 1533
3302 2480 3360 2518 u.
3407 2462 3506 2533 34,
3555 2482 3646 2521 wo

779 2580 846 2619 er
895 2559 1482 2619 Universitcitsnotar
1522 2578 1672 2618 war.

1361 2742 1494 2805 119.
1542 2736 1662 2825 [Bl.
1707 2743 1789 2805 62
1803 2735 1855 2826 ⁸]
1900 2755 1994 2803 ns
2040 2753 2215 2802 PAcE
2262 2754 2589 2802 ΤΕΝΕΝΒΑ
2631 2754 2982 2806 nonnum.

947 2869 1293 2937 Oumnihil
1337 2893 1540 2957 aeque
1568 2871 1796 2938 deceat
1837 2871 2165 2938 hominem
2211 2868 2567 2935 studiosum
2610 2893 2802 2958 quam
2837 2872 3024 2958 pacis
3056 2881 3122 2937 et
3154 2873 3642 2960 tranquillitatis

699 2981 768 3038 20
787 2971 1088 3058 publicae
1131 2980 1457 3036 amantem
1506 2994 1666 3055 esse,
1713 2972 2101 3061 praesertim
2156 2993 2299 3035 cum
2351 2968 2514 3034 haec
2572 2969 2787 3034 studia
2843 2971 3261 3057 profiteamur
3318 2984 3382 3038 et
3430 2975 3504 3038 in
3558 2975 3641 3039 iis

784 3069 1035 3136 artibus
1074 3092 1426 3152 versemur,
1488 3093 1653 3158 quae
1706 3096 1747 3137 a
1800 3069 2077 3137 tumultu
2130 3072 2303 3135 omni
2355 3092 2624 3157 prorsus
2680 3068 2931 3135 alienae
2981 3079 3044 3135 et
3095 3074 3280 3158 pacis
3338 3072 3640 3138 alumnae

783 3193 1036 3259 semper
1079 3179 1228 3235 sunt
1277 3168 1561 3254 habitae,
1620 3193 1742 3236 nos
1785 3168 2116 3237 Arnoldus
2148 3168 2563 3236 Woestefelts
2610 3177 2754 3252 eto.,
2808 3169 3094 3257 inclytae
3150 3171 3339 3237 huius
3382 3174 3636 3238 univer-

783 3271 992 3336 sitatis
1049 3279 1282 3352 rector,
1339 3271 1640 3357 exigente
1695 3272 1788 3335 ita
1845 3272 2132 3335 omnium
2194 3269 2401 3334 salute
2457 3279 2521 3334 et
2573 3278 2794 3334 nostro
2852 3271 3046 3336 etiam
3098 3270 3312 3336 officio
3367 3283 3637 3359 propter

778 3370 1146 3436 hesternam
1207 3371 1420 3434 rixam
1483 3370 1578 3434 sic
1642 3368 2039 3456 postulante,
2106 3369 2560 3434 mandavimus
2619 3368 2918 3434 omnibus
2981 3391 3059 3435 ac
3124 3370 3396 3458 singulis
3460 3368 3566 3460 [62
3584 3369 3635 3460 b]

697 3469 1213 3536 25iurisdictioni
1270 3479 1531 3534 nostrae
1583 3468 1917 3552 obnoxiis,
1984 3480 2054 3533 ut
2110 3467 2194 3533 ab
2253 3469 2427 3533 omni
2483 3489 2752 3555 prorsus
2814 3469 3051 3533 iniuria
3109 3470 3500 3558 pellionibus
3560 3493 3637 3536 ac

777 3569 1044 3657 reliquis
1090 3566 1475 3633 cerdonibus
1520 3578 1631 3633 aut
1673 3569 1964 3656 ipsorum
2007 3569 2319 3632 ministris
2362 3565 2700 3632 inferenda
2743 3566 3132 3654 abstineant,
3175 3570 3269 3634 ita
3309 3578 3381 3634 ut
3423 3593 3632 3658 neque

777 3668 980 3734 verbo
1022 3690 1145 3733 nec
1189 3668 1363 3734 facto
1408 3690 1518 3732 eos
1562 3668 1648 3732 ad
1691 3667 2161 3733 contentionem
2205 3678 2317 3733 aut
2372 3690 2659 3755 pugnam
2713 3678 3100 3753 provocent,
3156 3669 3276 3734 sub
3317 3693 3366 3734 x
3413 3691 3635 3735 aureo-

779 3790 928 3833 rum
968 3766 1229 3850 mulcta,
1282 3768 1689 3832 universitati
1734 3768 1872 3831 sine
1921 3766 2055 3831 ulla
2099 3766 2568 3832 condonatione
2612 3764 3077 3852 persolvenda:
3135 3790 3281 3834 cum
3329 3770 3636 3855 ignorare

779 3890 911 3933 non
951 3865 1251 3949 debeant,
1294 3867 1587 3952 iniquum
1629 3866 1752 3930 hoc
1797 3887 1875 3930 ao
1914 3866 2108 3952 plane
2148 3864 2408 3930 foedum
2432 3874 2777 3930 *certamen
2819 3865 3122 3947 futurum,
3165 3868 3235 3932 in
3278 3890 3404 3955 quo
3451 3891 3634 3955 prae·

701 3977 770 4033 30
787 3966 968 4032 clara
1023 3967 1287 4054 ingenia
1331 3987 1410 4030 ac
1467 3965 1855 4031 nobilissimi
1913 3965 2357 4030 adolescentes
2401 3975 2466 4029 et
2508 3966 2573 4029 in
2619 3966 2837 4051 specie
2880 3988 3057 4030 max.
3099 3968 3237 4031 nati
3279 3977 3342 4032 et
3381 3966 3635 4033 educati

789 4088 935 4132 cum
977 4065 1182 4131 infimi
1223 4067 1482 4153 generis
1511 4064 1880 4129 hominibus
1925 4073 2401 4150 comparentur,
2446 4074 2535 4145 ut,
2583 4066 2779 4129 etiam
2826 4064 2881 4128 si
2925 4067 3300 4152 superiores
3344 4065 3628 4131 evadant

781 4188 914 4231 non
937 4187 1244 4250 magnam
1266 4176 1480 4229 tamen
1502 4165 1653 4228 hinc
1675 4165 1989 4229 victoriae
2013 4162 2275 4229 laudem
2300 4163 2428 4226 sint
2455 4162 2779 4251 adepturi,
2806 4162 2921 4228 sed
2946 4185 3067 4250 pro
3096 4163 3320 4252 spoliis
3340 4188 3475 4231 non
3498 4167 3630 4231 sine

784 4263 1034 4352 pudore
1077 4264 1317 4329 damna
1359 4263 1643 4332 relaturi.
1716 4264 1873 4329 Dat.
1919 4262 2040 4328 sub
2085 4260 2299 4347 sigillo
2344 4271 2521 4343 rect„
2566 4284 2734 4327 anno
2763 4261 3223 4347 MDXXXIII,
3266 4263 3432 4329 XVI
3462 4263 3633 4353 Maij.

1629 4451 1765 4513 120.
1813 4443 1934 4530 [Bl.
1973 4442 2117 4532 63⁸]
2164 4463 2325 4510 ALIA
2364 4461 2717 4511 FORMULA.

696 4592 762 4648 35
947 4581 1272 4663 Quoniam
1318 4603 1437 4668 per
1479 4580 1848 4645 hesternam
1905 4580 2124 4644 rixam
2178 4579 2403 4665 gravis
2445 4577 2755 4642 tumultus
2802 4587 3070 4644 exortus
3123 4588 3241 4663 est,
3295 4589 3368 4646 ut
3424 4583 3628 4666 etiam,

780 4680 955 4769 quod
1002 4703 1159 4746 sane
1197 4679 1387 4746 nobis
1431 4679 1728 4744 omnibus
1771 4688 1868 4741 est
1913 4675 2282 4759 dolendum,
2339 4676 2757 4742 homicidium
2806 4679 3188 4762 accesserit,
3239 4701 3361 4745 nos
3404 4679 3625 4747 Amol-

782 4781 902 4845 dus
948 4779 1365 4845 Woestefelts
1411 4788 1513 4844 etc
1531 4828 1548 4860 ,
1601 4787 1834 4860 rector,
1888 4778 2219 4864 cupientes
2263 4778 2549 4843 omnium
2595 4775 2790 4842 saluti
2835 4786 2900 4842 et
2936 4776 3242 4862 publicae
3286 4780 3536 4864 pariter
3573 4790 3631 4845 et

779 4881 1079 4967 privatae
1123 4878 1389 4944 utilitati
1431 4880 1824 4966 prospicere,
1880 4899 1962 4942 ne
2002 4877 2300 4960 fortasse,
2347 4876 2522 4964 quod
2560 4876 2748 4960 absit,
2807 4875 3056 4963 aliquid
3100 4876 3469 4943 detrimenti
3510 4901 3629 4944 res-

780 4977 1043 5065 publica
1090 4987 1317 5045 nostra
1363 4979 1601 5066 capiat,
1657 4976 2043 5042 mandamus
2088 4975 2385 5041 omnibus
2443 4998 2522 5040 ac
2584 4976 2856 5062 singulis
2914 4978 3351 5065 cuiuscunque
3396 4977 3628 5044 ordinis

697 5088 765 5143 40
785 5075 1206 5159 scholasticis,
1257 5100 1339 5142 ne
1382 5078 1489 5142 cui
1531 5077 1686 5142 dent
1732 5078 2140 5141 occasionem
2179 5074 2335 5139 mali
2376 5085 2441 5140 et
2479 5098 2559 5140 ne
2602 5095 2792 5160 quem
2837 5078 3032 5140 etiam
3074 5075 3339 5141 laedant
3377 5098 3460 5141 ex
3506 5099 3628 5142 cer·

782 5173 1060 5243 donibus
1104 5189 1217 5242 aut
1272 5175 1560 5242 eiusdem
1614 5175 1868 5242 farinae
1910 5174 2278 5241 hominibus
2319 5183 2432 5240 aut
2475 5173 2567 5262 ad,
2603 5175 2819 5240 rixam
2863 5184 2927 5240 et
2969 5176 3444 5242 contentionem
3489 5198 3628 5261 quo-
