4038 6358
830 617 951 691 500
1814 612 1915 669 Die
1952 606 2393 683 pbilosophische
2428 609 2682 670 Facuitiit.

1189 844 1244 900 4.
1299 852 1394 899 DE
1435 852 1806 934 ΜᾼΕΙΞΤΒῙΒ
1852 851 2349 900 SEXAGENARIIS
2392 850 2533 911 QUO
2574 851 2667 898 AD
2708 849 3326 900 ACTUREGENTIAM.

998 969 1103 1034 De
1164 970 1607 1056 sexagenariis
1671 966 1915 1054 placuit
1975 967 2303 1050 omnibus,
2358 966 2594 1054 quibus
2654 969 2906 1051 ratione
2969 967 3201 1032 aetatis
3265 962 3474 1029 multa
3532 985 3661 1028 eve·

830 1070 1013 1134 niunt
1069 1068 1443 1151 incomoda,
1488 1067 1661 1155 quod
1726 1066 1997 1148 sufficit,
2059 1089 2169 1130 eos
2230 1074 2378 1131 ante
2439 1066 2858 1155 infrascripta
2924 1067 3091 1131 festa
3155 1057 3662 1130 extraordinarie

835 1168 1204 1254 disputasse
1258 1177 1369 1231 aut
1419 1166 1617 1231 semel
1660 1167 1727 1230 in
1771 1164 2060 1253 qualibet
2124 1166 2476 1229 mutatione
2536 1164 2931 1229 ordinariam
2986 1163 3500 1252 disputationem
3543 1184 3663 1227 ma·

746 1278 779 1332 5
837 1268 1186 1353 gistrorum
1234 1268 1553 1349 visitasse,
1592 1268 1684 1330 ita
1727 1278 1962 1346 tamen,
2005 1264 2177 1352 quod
2220 1264 2343 1329 boc
2382 1264 2498 1328 fiat
2538 1274 2688 1328 ante
2730 1264 2905 1329 dicta
2946 1265 3132 1346 festa,
3175 1266 3230 1328 si
3273 1262 3517 1351 poterit
3555 1260 3665 1326 salt

830 1378 957 1431 tem
998 1366 1160 1448 fieri,
1207 1388 1331 1454 quo
1378 1365 1463 1430 ad
1507 1365 2006 1452 disputationem
2052 1362 2479 1444 ordinariam,
2522 1362 2627 1428 vel
2670 1363 2967 1428 adminus
3024 1364 3329 1451 proxima
3386 1363 3665 1448 sequenti

833 1465 1292 1552 disputatione,
1335 1466 1403 1529 ni
1447 1463 1855 1530 rationabilis
1898 1485 2099 1529 causa
2143 1462 2453 1546 subesset,
2496 1485 2660 1547 quae
2708 1472 2929 1550 posset
2971 1485 3309 1528 excusare.

915 1673 973 1730 5.
1027 1683 1121 1729 DE
1164 1681 1699 1730 AOTUREGENTIA
1743 1679 2261 1745 MAOESTRORUM,
2308 1680 2424 1739 Qm
2464 1680 2587 1728 DlU
2631 1680 2970 1728 BOENMUM
3013 1678 3599 1728 COMPLEVERUNT.

998 1796 1253 1880 Placet,
1298 1797 1471 1885 quod
1514 1797 1843 1882 magister,
1889 1796 2000 1885 qui
2043 1794 2393 1881 complevit
2435 1818 2622 1860 suum
2665 1793 2993 1860 biennium
3036 1806 3101 1860 et
3140 1817 3269 1862 non
3312 1792 3518 1859 habet
3560 1792 3669 1857 ali-

758 1908 821 1963 10
838 1921 1029 1985 quarn
1074 1897 1471 1966 ordinariam
1512 1895 1852 1961 lectionem
1894 1917 2013 1980 pro
2059 1894 2272 1981 aliquo
2314 1893 2527 1980 gradu
2566 1896 2631 1958 in
2673 1893 2957 1975 artibus,
3011 1895 3523 1980 resumptionem
3564 1914 3672 1978 pu-

837 1995 1072 2061 blicam
1116 2005 1228 2062 aut
1268 1995 1529 2083 aliquod
1585 1996 1974 2059 exercicium
2033 2005 2097 2057 et
2138 1993 2295 2058 velit
2347 2015 2490 2058 esse
2546 2005 2931 2079 acturegens
2948 2042 2967 2076 ,
3009 1992 3205 2058 debet
3261 1992 3566 2058 adminus
3606 1994 3669 2056 in

839 2094 1128 2182 qualibet
1168 2097 1526 2160 mutatione
1571 2093 1769 2159 semel
1828 2092 2347 2158 extraordinarie
2400 2102 2549 2157 ante
2602 2094 2834 2157 festum
2875 2093 3184 2159 Iohannis
3228 2103 3379 2160 ante
3422 2101 3673 2179 portam

835 2194 1104 2260 latinam
1145 2193 1549 2281 disputasse,
1596 2204 1658 2259 et
1697 2194 1821 2259 1100
1861 2194 1931 2257 10
1973 2202 2248 2274 aestate,
2304 2194 2372 2256 in
2428 2192 2639 2257 hieme
2692 2214 2849 2257 vero
2908 2203 3058 2257 ante
3109 2194 3344 2258 festum
3387 2193 3669 2260 omnium

833 2303 1204 2358 sanctorum
1225 2343 1243 2376 ,
1309 2316 1454 2359 cum
1523 2294 1926 2359 intimatione
1981 2291 2245 2378 publica
2303 2302 2367 2356 et
2425 2291 2860 2357 insinuatione
2879 2341 2897 2375 ,
2941 2292 3204 2358 domino
3263 2291 3515 2356 decano
3557 2311 3672 2377 pro

757 2404 816 2458 ¹5
836 2403 1126 2479 tempore
1167 2395 1481 2458 existente
1522 2393 1737 2458 fienda
1782 2389 1887 2478 (ut
1930 2393 2026 2455 sic
2069 2393 2371 2479 antiquus
2412 2389 2664 2474 modus,
2707 2393 2820 2478 qui
2852 2395 3042 2478 quasi
3069 2393 3138 2456 in
3165 2388 3675 2457 dissuetudinem

834 2491 1014 2574 abiit,
1041 2491 1257 2557 valeat
1284 2491 1498 2557 redire
1526 2501 1589 2557 et
1617 2501 1685 2557 ut
1713 2489 2258 2556 baccalaureandi
2301 2511 2495 2579 quam
2539 2491 2732 2556 etiam
2774 2489 3171 2556 baccalanrii
3214 2492 3401 2555 iuxta
3440 2497 3677 2554 statuta

833 2591 1161 2656 facultatis
1206 2593 1442 2656 artium
1486 2589 1955 2678 disputationes
1998 2587 2604 2675 extraordinarias),
2660 2588 2877 2654 debite
2922 2590 3247 2677 complere
3291 2589 3577 2677 poterint
3618 2598 3676 2651 et

834 2689 1005 2754 ultra
1050 2689 1172 2754 1100
1225 2691 1293 2754 10
1348 2713 1478 2754 una
1536 2693 1888 2756 mutatione
1937 2688 2232 2756 similiter
2275 2688 2573 2755 adminus
2612 2688 2809 2754 semel
2859 2688 3365 2776 disputationem
3415 2686 3673 2753 ordina-

832 2789 997 2852 riam
1041 2789 1495 2874 magistrorum
1541 2788 1768 2854 diebus
1812 2788 2105 2853 sabbatis
2147 2788 2478 2870 visitasse,
2520 2786 2682 2851 alias
2727 2810 2846 2874 pro
2885 2811 3015 2853 non
3069 2799 3487 2873 acturegente
3535 2801 3673 2850 cen-

751 2898 818 2953 20
839 2887 1083 2953 sebitur
1139 2910 1255 2973 per
1308 2886 1500 2952 talem
1554 2890 2010 2969 mutationem,
2073 2886 2253 2951 salvo
2313 2907 2420 2968 00,
2486 2886 2660 2972 quod
2724 2886 3139 2953 decanandus
3200 2888 3374 2953 omni
3434 2907 3673 2967 mense,

834 2988 962 3052 nisi
1011 2985 1484 3051 rationabiliter
1541 2989 1641 3068 (ut
1684 2987 1981 3052 absentia
2026 2986 2153 3051 1001
2207 2994 2318 3050 aut
2371 2984 2772 3072 infirmitate)
2815 2986 3166 3073 impeditus
3221 2988 3449 3074 fuerit,
3494 2989 3677 3051 iuxta

837 3095 1142 3150 statutum
1186 3086 1461 3172 desuper
1501 3085 1741 3150 editum
1784 3108 1862 3149 ea
1909 3086 2298 3166 mutatione,
2341 3106 2469 3171 qua
2513 3084 2928 3150 decanandus
2972 3097 3089 3169 est,
3134 3085 3435 3152 adminus
3481 3084 3675 3151 semel

835 3187 1273 3272 ingrediatur,
1332 3209 1414 3250 ne
1470 3189 1553 3251 sit
1625 3185 1911 3249 defectus
1991 3184 2353 3271 aliquorum
2424 3186 2747 3250 seniorum
2807 3188 3269 3272 magistrorum
3329 3188 3399 3251 in
3452 3185 3675 3251 eadem

836 3281 939 3371 [39
957 3282 1009 3371 ⁸]
1054 3285 1487 3372 disputatione
1528 3284 1894 3366 ordinaria,
1943 3282 2117 3369 quod
2172 3283 2396 3368 utique
2436 3295 2735 3369 vergeret
2785 3286 2855 3351 in
2911 3307 3043 3351 non
3097 3286 3427 3352 modicam
3480 3285 3677 3352 facul·

750 3393 816 3448 25
835 3386 989 3449 tatis
1031 3385 1489 3450 confusionem.

834 3593 892 3651 6.
957 3601 1308 3661 QUALITER
1355 3601 1719 3665 MAGISTRI,
1775 3601 1915 3649 NON
1973 3599 2336 3647 HABENTES
2377 3599 2729 3647 PUBLIGAM
2773 3600 3208 3649 ORDINARIAM
3253 3603 3679 3668 LECTIONEM,

1221 3700 1534 3749 POSSUNT
1576 3701 1763 3747 FIERI
1807 3697 2359 3748 AGTUREGENTES
2400 3698 2490 3745 ΕΤ
2537 3698 2906 3747 COMPLERE
2948 3700 3306 3749 BOENNIUM.

1006 3812 1249 3898 Placet,
1295 3814 1467 3900 quod
1509 3816 1806 3901 magistri
1847 3814 2130 3878 iuniores
2171 3823 2234 3877 et
2275 3813 2419 3895 alii,
2480 3814 2590 3900 qui
2634 3834 2817 3878 suum
2862 3814 3194 3879 biennium
3233 3838 3362 3881 non
3401 3817 3679 3904 comple·

846 3914 1060 3978 verint
1102 3925 1166 3978 et
1208 3938 1328 4001 pro
1373 3925 1663 4002 tempore
1703 3936 1832 3979 non
1873 3912 2118 3978 habent
2161 3911 2444 3998 aliquam
2504 3912 2833 3998 publicam
2877 3914 3274 3979 ordinariam
3314 3916 3383 3979 in
3429 3915 3680 3980 artibus

756 4022 825 4078 30
845 4011 1205 4096 lectionem,
1251 4012 1535 4079 volentes
1578 4026 1793 4079 tamen
1837 4034 1978 4077 esse
2019 4020 2467 4096 acturegentes
2511 4022 2574 4077 et
2614 4011 2934 4098 complere
2974 4013 3319 4096 biennium,
3364 4015 3559 4080 sicuti
3599 4038 3681 4080 ex

844 4113 978 4176 suis
1019 4113 1399 4178 iuramentis
1440 4114 1768 4199 praestitis
1809 4120 2127 4192 tenentur,
2185 4132 2303 4196 per
2358 4108 2642 4195 aliquam
2686 4110 3015 4197 publicam
3069 4116 3575 4200 resumptionem
3612 4116 3681 4179 in

850 4210 1099 4276 artibus
1132 4211 1237 4276 vel
1267 4209 1529 4299 aliquod
1561 4212 1949 4276 exercicium
1978 4207 2457 4296 disputandum,
2503 4210 2559 4274 si
2589 4232 2706 4296 per
2733 4220 2967 4276 sortem
3008 4211 3370 4297 habuerint,
3412 4225 3683 4301 possunt

838 4309 980 4375 fieri
1034 4313 1529 4397 acturegentes¹
1574 4320 1638 4375 et
1689 4320 1938 4398 partem
1993 4308 2236 4373 biennii
2289 4309 2388 4374 sui
2447 4308 2787 4395 complere.
2869 4309 2960 4374 Et
3000 4312 3331 4397 magister,
3380 4315 3477 4378 sic
3519 4316 3679 4379 reci-

849 4414 1034 4496 piens
1064 4409 1329 4498 aliquod
1368 4412 1759 4475 exercicium
1801 4432 1919 4496 pro
1962 4407 2177 4492 aliquo
2222 4406 2451 4492 gradu,
2494 4408 2781 4473 debitum
2824 4409 3173 4475 exercendi
3215 4411 3478 4477 modum
3520 4415 3681 4479 anti·

757 4516 825 4574 35
848 4511 1061 4597 quitus
1103 4518 1350 4574 tentum
1395 4507 1588 4574 debet
1628 4508 1994 4590 observare,
2034 4505 2339 4571 videlicet
2382 4506 2551 4593 quod
2592 4517 2850 4572 moveat
2890 4507 3209 4574 textuales
3252 4511 3680 4596 quaestiones,

843 4606 1199 4673 secundum
1227 4608 1566 4673 materiam
1595 4606 1949 4673 subiectam
1992 4607 2091 4672 sui
2134 4606 2440 4670 exercicii
2480 4605 2802 4692 disputari
2846 4616 3207 4690 consuetas,
3253 4617 3316 4672 et
3356 4630 3468 4674 eas
3510 4612 3682 4675 inter

840 4706 1279 4773 exercendum
1311 4730 1453 4772 cum
1487 4705 1879 4773 notabilibus
1925 4703 2441 4771 conclusionibus
2485 4715 2548 4769 et
2589 4706 2988 4790 argumentis
3028 4704 3426 4772 deducendis
3472 4707 3681 4774 deter-

840 4810 1058 4872 minet.
1127 4806 1503 4894 Poteritque
1533 4805 1897 4871 huiusmodi
1924 4804 2239 4870 notabilia
2272 4814 2335 4869 et
2363 4802 2821 4882 conclusiones,
2864 4806 2918 4867 si
2963 4806 3023 4869 ei
3067 4805 3423 4892 expediens
3466 4809 3679 4874 visum

839 4908 1062 4989 fuerit,
1109 4907 1241 4970 suis
1298 4905 1703 4971 auditoribus
1764 4906 2106 4971 summarie
2163 4913 2227 4968 et
2284 4904 2609 4967 succincte
2652 4902 2810 4967 dare
2852 4904 2921 4967 in
2973 4906 3270 4993 scriptis,
3310 4918 3383 4972 ut
3420 4908 3681 4974 facilius

759 5017 828 5072 40
846 5003 1092 5092 aliquid
1133 5004 1400 5070 valeant
1443 5004 1786 5091 deportare
1829 5013 1894 5068 et
1948 5003 2355 5090 diligentius,
2410 5004 2505 5067 uti
2560 5001 2797 5086 solent,
2856 5001 3227 5070 huiusmodi
3290 5008 3679 5073 exercicium

1021 5208 1041 5258 1
1084 5204 1191 5259 Am
1227 5203 1448 5260 Raude:
1497 5219 1659 5271 quam
1692 5202 1793 5255 diu
1838 5209 2014 5256 autem
2061 5218 2180 5254 eam
2225 5202 2545 5256 continuare
2591 5200 2779 5254 debeat
2818 5207 2869 5254 et
2901 5202 3122 5270 quando
3155 5204 3425 5275 impert,
3458 5205 3588 5261 vide
3617 5222 3684 5260 at

844 5286 1095 5343 concluso
1137 5294 1261 5345 1522
1293 5289 1393 5344 sub
1430 5289 1698 5342 decanatu
1732 5285 1960 5339 Ioannis
1998 5284 2172 5340 Matz.
