4038 6358
1493 621 1730 672 Libellus
1763 619 2082 672 formulario.
3088 622 3205 687 109

357 802 622 889 pulsum
663 820 1023 891 campanae
1065 803 1378 891 praetorii
1418 824 1537 890 pro
1580 802 1872 868 custodia
1893 803 2386 885 circumeuntes,
2426 799 2856 885 irrisionibus,
2897 801 3204 869 inclama-

353 903 648 969 tionibus
664 954 683 988 ,
741 901 1251 992 proiectionibus
1311 912 1423 966 aut
1478 900 1624 967 aliis
1675 900 2071 989 quibuslibet
2121 902 2376 966 iniuriis
2422 900 2718 967 molestet
2750 900 2854 966 vel
2898 902 3200 986 offendat,

355 1012 473 1068 aut
513 1003 681 1069 alias
729 1003 1107 1070 insolentias
1167 1004 1305 1067 sive
1369 1000 1694 1088 quaslibet
1734 1000 2217 1068 exorbitancias
2261 1001 2550 1066 excitare
2589 1010 2978 1088 praesumat.
3066 1000 3203 1068 Sub

354 1126 577 1191 poena
615 1104 807 1169 unius
850 1122 1217 1190 sexagenas
1256 1123 1500 1184 novae,
1552 1102 1962 1167 universitati
2002 1099 2538 1167 irremissibiliter
2584 1109 2708 1166 etc.

466 1327 566 1389 39.
635 1340 1057 1404 mnu-nu,
1099 1339 1190 1387 Ns
1231 1337 1506 1415 ALIQms
1550 1336 2025 1386 orponsnrsu
2065 1338 2198 1386 VEL
2238 1335 2801 1385 nssronnsnmn
2840 1336 2994 1386 mc,
3033 1338 3105 1386 m
3224 1331 3259 1386 5

1144 1437 1486 1487 sanorum
1527 1436 2042 1486 msrunnom
2087 1437 2445 1485 msou'r.
3168 1440 3179 1449 ·

532 1571 805 1637 Mandat
857 1570 1154 1637 omnibus
1207 1580 1271 1636 et
1324 1569 1595 1656 singulis
1641 1570 2025 1657 suppositis,
2084 1592 2396 1658 praesens
2438 1567 2781 1654 collegium
2822 1567 2928 1633 vel
2969 1570 3208 1656 paeda·

354 1671 632 1759 gogium
673 1671 1172 1736 immorantibus
1215 1671 1318 1736 vel
1358 1670 1521 1736 illud
1565 1669 1762 1735 studii
1807 1692 1921 1734 seu
1965 1668 2098 1734 alia
2137 1690 2519 1757 quacunque
2548 1691 2748 1734 causa
2773 1670 3209 1753 visitantibus,

355 1780 681 1858 quatenus
735 1770 982 1837 nullum
1039 1771 1330 1858 ipsorum
1372 1773 1441 1835 in
1484 1770 1924 1858 disputatione
1967 1771 2253 1834 serotina
2297 1777 2762 1857 opponentem,
2815 1770 3210 1857 responden-

357 1880 500 1935 tem
538 1868 644 1935 vel
689 1880 1041 1957 arguentes
1081 1869 1590 1958 pulsationibus,
1635 1866 2030 1933 clamoribus
2041 1917 2060 1950 ,
2106 1867 2867 1951 submurmurationibus‚
2908 1868 3211 1935 confabu-
3234 1880 3298 1936 10
3389 1858 3397 1873 ’

351 1968 745 2052 lafionibus,
805 1968 1220 2036 irrisionibus
1273 1967 1376 2035 vel
1436 1969 1664 2055 quovis
1725 1966 1854 2033 alio
1896 1966 2088 2033 modo
2131 1968 2396 2033 turbare
2436 1990 2552 2033 seu
2588 1967 2906 2056 impedire
2949 1991 3213 2057 praesu-

355 2078 521 2153 mat,
557 2091 766 2157 neque
810 2070 1010 2135 alium
1050 2069 1155 2136 vel
1197 2068 1360 2135 alios
1409 2069 1495 2134 ad
1544 2066 1754 2134 soleas
1800 2066 1993 2132 ducat
2037 2079 2149 2131 aut
2191 2066 2339 2132 duci
2384 2067 2586 2133 faciat
2624 2067 2730 2134 vel
2774 2070 2870 2135 sic
2909 2067 3216 2140 ducentes

356 2168 853 2256 quomodolibet
894 2168 1172 2235 adiuvet.
1262 2167 1397 2234 Sub
1446 2165 1619 2255 [19⁸]
1665 2189 1877 2254 poena
1920 2190 2001 2232 .v.
2041 2189 2437 2253 grossorum.

501 2393 601 2455 40.
667 2404 1057 2453 ΜΔΝΒΑΤΠΜ
1096 2404 1234 2453 PRO
1278 2405 1475 2453 mssA
1519 2402 2047 2452 UNIVERSITATIS
2090 2403 2227 2452 PRO
2273 2404 2565 2453 SALUBRI
2609 2405 2831 2455 STATU
2875 2406 3090 2455 SULssss

1333 2503 1723 2553 PONTIFICIS
1768 2503 2243 2552 CELEBRANDA.
3236 2499 3299 2555 15

533 2634 811 2701 Mandat
858 2635 1159 2703 omnibus
1213 2646 1278 2702 et
1332 2634 1605 2722 singulis
1669 2638 2002 2723 magistris
2050 2644 2201 2702 etc.:
2266 2644 2583 2725 quatenus
2627 2660 2773 2703 cras
2814 2637 2978 2704 hora
3021 2662 3103 2703 .n.
3145 2640 3213 2703 in

358 2737 645 2802 ecclesia
696 2738 905 2802 sancti
957 2738 1057 2802 .N.
1114 2739 1499 2805 conveniant
1546 2746 1610 2801 et
1649 2737 1888 2800 missae
1926 2737 2398 2821 universitatis,
2455 2747 2731 2824 protunc
2784 2739 2868 2804 ob
2912 2739 3212 2804 exhorta-

356 2840 608 2902 tionem
653 2838 1047 2903 sanctissimi
1089 2838 1157 2902 in
1199 2836 1460 2903 Christo
1503 2836 1710 2923 patris
1754 2845 1820 2901 et
1863 2836 2107 2902 domini
2149 2839 2376 2920 nostri,
2417 2836 2663 2903 domini
2701 2839 2943 2923 Innoc.,
2989 2838 3214 2904 divina

363 2935 782 3024 providentia
822 2959 1034 3024 papae
1075 2937 1325 3019 octavi,
1385 2936 1719 3023 praefatae
1772 2937 2184 3002 universitati
2223 2938 2477 3002 nunciis
2522 2947 2588 3003 et
2626 2938 2861 3004 litteris
2907 2938 3211 3027 apostoli-

365 3038 466 3100 cis
509 3035 926 3122 singulariter
964 3037 1206 3101 factam
1249 3046 1314 3099 et
1356 3037 1834 3119 transmissam,
1887 3036 1974 3101 ad
2015 3035 2274 3101 laudem
2318 3047 2382 3102 et
2420 3037 2730 3103 honorem
2771 3041 2978 3103 sancti
3023 3039 3211 3125 spiri-
3230 3046 3299 3103 20

361 3144 504 3219 tus,
563 3146 881 3224 quatenus
936 3134 1286 3203 altissimus
1331 3134 1779 3225 gloriosusque
1822 3135 1981 3202 deus
2023 3146 2535 3224 praememorato
2580 3138 2984 3205 sanctissimo
3027 3160 3214 3226 prae-

367 3235 502 3301 suli
570 3235 938 3301 uberiorem
993 3238 1273 3324 gratiam
1326 3236 1413 3301 ad
1462 3224 1818 3322 regendum
1871 3235 2211 3302 ecclesiam
2275 3259 2457 3301 suam
2515 3247 2807 3303 sanctam
2867 3238 3213 3325 benignius

361 3337 716 3423 largiatur,
774 3335 1016 3402 ibidem
1068 3335 1460 3402 sollemniter
1513 3335 1959 3401 decantandae
2022 3346 2086 3401 et
2128 3337 2409 3401 sermoni
2450 3337 2610 3402 inibi
2651 3338 2864 3404 fiendo
2908 3338 3211 3404 decenter

367 3436 695 3503 habituati
748 3438 1077 3519 intersint,
1136 3435 1531 3502 oblationem
1584 3436 1834 3501 faciant
1880 3436 2333 3522 orationesque
2384 3458 2536 3502 suas
2578 3460 2698 3525 pro
2743 3436 2988 3504 salubri
3028 3461 3213 3526 prae-

367 3536 494 3601 fati
547 3537 941 3602 sanctissimi
999 3537 1308 3601 antistitis
1361 3545 1536 3601 statu
1591 3545 1980 3623 sanctaeque
2030 3536 2258 3601 matris
2319 3532 2630 3606 ecclesiae
2644 3586 2662 3620 ‚
2714 3538 3028 3622 pastorali
3071 3541 3208 3604 eius
3227 3548 3294 3605 25

371 3634 529 3700 fidei
573 3635 881 3719 creditae,
923 3635 1096 3701 felici
1137 3636 1534 3702 incremento
1574 3634 1902 3701 humiliter
1950 3644 2143 3724 atque
2191 3634 2408 3702 devoti
2448 3636 2535 3701 ad
2559 3636 2967 3722 altissimum,
3016 3641 3215 3704 omni-

369 3758 482 3800 um
539 3736 857 3802 bonorum
915 3735 1206 3801 datorem
1222 3783 1242 3818 ,
1306 3736 1681 3822 porrigant,
1746 3745 1810 3800 et
1872 3733 2026 3800 inde
2084 3758 2216 3801 non
2271 3737 2582 3802 recedant
2634 3738 2762 3803 nisi
2815 3736 2940 3804 hiis
2998 3738 3215 3806 finitis.

373 3834 515 3901 Sub
555 3834 964 3902 obedientiae
1007 3858 1237 3923 poena.
1320 3835 1570 3900 Datum
1610 3845 1973 3901 rectoratus
2015 3844 2139 3901 etc.

469 4060 567 4121 41.
632 4070 1086 4120 Exnon‘rA'mo
1128 4071 1380 4120 nomm
1421 4071 1763 4120 necroms
1806 4072 1943 4120 pao
1981 4071 2507 4121 mrsnsssmo
2550 4073 3128 4126 Pnomosslom

1165 4171 1716 4220 PRIVILEGIORUM
1751 4171 2072 4221 amemus
2116 4172 2411 4221 osmms.
3233 4169 3304 4226 30

543 4301 669 4394 [Bl.
720 4299 856 4389 19b]
919 4301 1243 4384 Quoniam
1298 4325 1383 4369 ex
1429 4302 1834 4391 indulgentia
1885 4313 1950 4369 et
2001 4307 2420 4372 concessione
2462 4306 2805 4373 reverendi
2844 4309 2914 4374 in
2958 4308 3219 4376 Christo

372 4406 588 4492 patris
645 4412 709 4467 et
762 4401 1038 4487 domini,
1098 4402 1342 4467 domini
1386 4402 1635 4468 Tilonis
1678 4405 1972 4491 episcopi
2012 4404 2608 4492 Merseburgensis‚
2661 4408 3030 4475 antedictae
3080 4411 3218 4474 uni-

373 4497 714 4570 versitatis
772 4501 1142 4568 cancellarii
1207 4503 1383 4567 unici
1437 4512 1501 4567 et
1560 4502 1960 4590 dignissimi,
2033 4507 2296 4594 quidam
2351 4506 2657 4592 devotus,
2725 4519 2916 4597 pater
2973 4510 3221 4576 ordinis

373 4626 717 4669 servorum
760 4611 1023 4668 sanctae
1060 4602 1313 4668 Mariae
1328 4652 1349 4685 ,
1403 4603 1666 4669 natione
1704 4603 1908 4669 Italus
1924 4654 1943 4688 ,
1999 4629 2121 4695 per
2160 4608 2771 4675 reverendissimum
2812 4619 3068 4697 patrem
3110 4633 3217 4698 ge·

367 4701 661 4769 neralem
699 4702 982 4791 praefati
1022 4701 1271 4769 ordinis
1314 4726 1649 4768 servorum
1687 4714 1807 4770 etc.
1851 4706 1920 4770 in
1960 4716 2027 4771 et
2070 4707 2156 4772 ad
2197 4708 2316 4774 has
2369 4708 2765 4775 Germaniae
2804 4719 3027 4799 partes
3065 4713 3215 4778 mis-
3234 4721 3303 4777 35

373 4827 517 4887 sus,
574 4805 646 4869 in
698 4804 823 4869 hac
883 4801 1057 4868 alma
1110 4804 1564 4887 universitate,
1618 4807 1909 4871 oratione
1971 4807 2059 4872 ad
2103 4807 2346 4873 clerum
2388 4810 2803 4897 praehabita,
2861 4810 3221 4897 supradicti

375 4903 628 4969 ordinis
692 4903 1041 4991 privilegia
1105 4902 1520 4990 promulgare
1585 4904 1875 4970 decrevit
1934 4928 2013 4970 ac
2071 4906 2439 4993 publicare,
2511 4919 2857 4997 eapropter
2922 4910 3220 4976 hortatur

372 5003 550 5068 idem
592 5003 893 5068 dominus
934 5014 1150 5068 rector
1192 5005 1412 5068 omnia
1451 5014 1515 5069 et
1558 5004 1817 5094 singula
1860 5006 2304 5072 universitatis
2349 5009 2639 5075 eiusdem
2669 5010 3026 5098 supposita,
3067 5033 3220 5096 qua-

369 5116 563 5168 tenus
609 5102 805 5169 hodie
849 5103 1014 5169 hora
1056 5125 1136 5169 .n.
1185 5103 1252 5166 in
1292 5101 1560 5170 lectorio
1607 5106 2085 5170 ordinariarum
2128 5104 2643 5194 disputationum
2667 5108 2923 5196 collegii
2951 5110 3049 5176 .N.
3073 5134 3221 5178 con-

372 5203 642 5270 veniant
695 5202 783 5267 ad
839 5202 1230 5268 audiendum
1289 5201 1418 5288 legi
1462 5225 1538 5267 ac
1578 5203 1898 5291 publicari
1941 5227 2139 5293 saepe
2184 5211 2524 5274 memorati
2564 5208 2812 5275 ordinis
2856 5210 3309 5299 privilegiato

375 5302 626 5368 Datum
667 5313 1025 5368 rectoratus
1074 5313 1194 5369 etc.
