4038 6358
821 597 937 660 134
1743 594 1853 645 Des
1890 595 2161 646 Iohannes
2196 597 2353 647 Fabri
2400 597 2469 646 dc
2507 596 2737 647 Werdea

1272 783 1409 845 106.
1467 793 1605 844 Pno
1653 795 1990 844 summo
2035 794 2561 845 coum-roxum
2600 793 3048 843 PmnAeoen.

983 909 1147 976 Cum
1208 911 1648 976 mercenarius
1699 912 1886 976 iuxta
1941 909 2302 998 evangelici
2363 911 2677 976 sermonis
2720 907 3054 974 oraculum
3096 908 3333 996 dignus
3378 913 3465 976 sit
3507 934 3686 977 mer·

815 1009 1009 1092 cede,
1054 1019 1119 1073 et
1160 1011 1249 1092 is,
1294 1012 1404 1095 qui
1447 1008 1782 1075 laboribus
1829 1006 1932 1098 [50
1945 1008 2000 1098 b]
2046 1010 2441 1076 deservitam
2483 1007 2850 1074 mercedem
2894 1007 3235 1075 detentans
3276 1032 3411 1075 non
3456 1010 3683 1092 solvit,

813 1111 882 1176 in
945 1130 1150 1196 genus
1217 1110 1613 1196 peccaminis
1674 1111 2084 1195 gravissimi,
2152 1109 2326 1198 quod
2388 1108 2496 1173 die
2555 1116 2878 1194 noctuque
2943 1107 3029 1173 ad
3094 1131 3417 1175 summum
3479 1108 3683 1175 deum

763 1219 796 1274 5
820 1212 1043 1296 (prout
1086 1229 1312 1273 sacrae
1351 1217 1671 1273 testantur
1712 1208 1993 1289 litterae)
2046 1208 2381 1275 clamitare
2425 1208 2738 1273 asseritur
2756 1255 2773 1288 ‚
2830 1206 3118 1273 incidere
3170 1207 3349 1274 haud
3412 1207 3675 1275 dubite-

817 1317 922 1373 tur
937 1357 955 1389 ‚
1011 1307 1304 1395 ideoque,
1347 1330 1430 1372 ne
1472 1307 1674 1395 aliqui
1718 1307 2106 1373 scholarium
2120 1356 2140 1391 ,
2196 1329 2507 1395 praesens
2549 1305 3033 1393 paedagogium
3078 1307 3563 1373 immorantium
3604 1317 3684 1375 et

817 1406 903 1472 ad
957 1408 1102 1470 iura
1150 1406 1507 1471 bursalium
1561 1406 1720 1471 inibi
1779 1410 2034 1472 ratione
2080 1397 2359 1471 stantiae
2400 1408 2817 1471 astrictorum
2834 1453 2854 1488 ‚
2917 1405 3198 1492 praefati
3242 1406 3535 1472 criminis
3574 1408 3681 1473 rei

820 1504 1337 1592 comprobentur,
1379 1528 1462 1570 ne
1503 1505 1781 1593 denique
1823 1505 1934 1589 hii,
1980 1507 2093 1590 qui
2138 1504 2473 1571 laboribus
2517 1504 2921 1571 scholasticis
2965 1503 3331 1570 mercedem
3377 1505 3677 1595 aliquam

818 1613 1226 1687 meruerunt,
1266 1604 1391 1669 hac
1442 1605 1591 1691 ipsa
1643 1613 1870 1670 contra
1920 1606 2195 1670 rationis
2249 1614 2314 1668 et
2352 1602 2713 1668 industriae
2757 1603 3082 1668 dictamen
3124 1603 3230 1668 vel
3275 1605 3678 1670 frustrentur

739 1713 800 1769 10
819 1703 925 1769 vel
990 1703 1232 1771 diutius
1294 1726 1489 1790 quam
1553 1726 1830 1791 aequum
1883 1704 1969 1768 sit
2033 1726 2256 1770 carere
2312 1713 2656 1789 cogantur,
2720 1701 2991 1769 mandat
3034 1702 3131 1769 .N.
3179 1704 3418 1769 artium
3462 1705 3677 1791 magi·

815 1813 945 1868 ster
990 1813 1112 1867 etc.
1151 1811 1365 1868 rector
1408 1803 1707 1868 omnibus
1752 1812 1816 1868 et
1859 1802 2132 1893 singulis
2178 1803 2533 1891 suppositis
2551 1850 2568 1884 ,
2635 1824 2950 1889 praesens
3005 1801 3489 1889 paedagogium
3548 1805 3675 1869 im·

815 1901 1219 1967 morantibus
1276 1911 1342 1967 et
1397 1900 1484 1965 ad
1536 1902 1682 1966 iura
1735 1901 2094 1969 bursalium
2132 1900 2297 1967 inibi
2339 1902 2592 1966 ratione
2636 1903 2915 1966 stantiae
2958 1902 3279 1983 astrictis,
3349 1912 3677 1989 quatenus

817 2000 1095 2066 dominis
1138 2000 1637 2067 conventoribus
1682 2000 1970 2066 eiusdem
2014 2000 2410 2088 paedagogii
2455 2023 2574 2087 pro
2618 1996 2882 2073 sallario
2928 2022 3075 2083 suo,
3122 1999 3528 2066 scholasticis
3572 2000 3673 2066 la-

813 2098 1084 2165 boribus
1128 2100 1475 2182 deservito,
1516 2100 1690 2167 infra
1729 2110 1861 2166 tres
1893 2100 2055 2183 dies,
2100 2123 2142 2165 a
2173 2099 2343 2164 datis
2384 2099 2841 2186 praesentibus
2864 2099 3358 2186 computandos,
3401 2099 3675 2166 realiter

738 2208 799 2264 15
822 2208 885 2264 et
925 2220 1069 2265 cum
1116 2200 1346 2265 effectu
1387 2200 1808 2266 satisfaciant.
1894 2198 2031 2265 Sub
2077 2221 2290 2285 poena
2339 2208 2613 2285 quatuor
2649 2220 3031 2284 grossorum
3070 2208 3191 2264 etc.
3255 2198 3504 2265 Datum
3547 2208 3677 2265 etc.

980 2437 1113 2501 107.
1180 2449 1387 2498 com
1423 2449 1874 2498 mvi-mimum
1913 2448 2543 2497 Pnouo‘ronnmmn
2586 2447 2915 2496 Bnnnnno
2961 2448 3509 2514 umnasrrnm,

1341 2549 1663 2599 sanorum
1701 2547 2012 2596 ucoBtm
2051 2547 2368 2596 wsrrARr,
2410 2547 2750 2612 vonmm,
2794 2547 3153 2597 DATARUM.

981 2664 1324 2729 Universis
1379 2673 1443 2728 et
1496 2663 1769 2750 singulis
1830 2672 2092 2728 sanctae
2133 2664 2361 2727 matris
2405 2663 2718 2728 ecclesiae
2756 2662 2935 2745 filiis,
2994 2672 3370 2750 praesentes
3414 2662 3669 2728 litteras

815 2766 1099 2845 lecturis,
1145 2765 1382 2828 visuris
1427 2763 1532 2828 vel
1587 2763 1939 2846 audituris,
1993 2784 2116 2827 nos
2159 2761 2252 2826 .N.
2296 2773 2413 2827 etc.
2458 2772 2672 2827 rector
2714 2771 2978 2850 totaque
3020 2760 3119 2848 [51
3141 2759 3194 2850 ⁸]
3241 2763 3668 2829 communitas

732 2875 801 2930 20
818 2866 1275 2950 magistrorum
1338 2865 1409 2927 in
1473 2861 1650 2927 dicta
1712 2862 2135 2927 universitate
2195 2870 2345 2926 actu
2400 2863 2763 2948 regentium
2813 2861 3085 2927 salutem
3129 2871 3195 2927 et
3233 2864 3556 2926 sinceram
3600 2861 3669 2925 in

818 2964 1080 3033 domino
1133 2960 1536 3027 charitatem.
1621 2960 1785 3027 Cum
1848 2962 2017 3025 inter
2069 2962 2325 3025 viarum
2381 2959 2760 3025 discrimina
2802 2959 3284 3025 ambulantibus
3328 2983 3443 3025 seu
3488 2982 3667 3047 pere-

816 3061 1227 3150 grinantibus
1273 3082 1735 3148 saepenumero
1779 3061 1949 3123 varii
1992 3060 2297 3125 accidant
2341 3081 2561 3143 casus,
2629 3068 2700 3124 ut
2756 3063 2949 3125 etiam
2995 3059 3152 3126 boni
3194 3060 3515 3147 propositi
3558 3058 3670 3125 ho-

817 3164 1023 3228 mines
1085 3163 1155 3226 in
1195 3161 1428 3227 itinere
1470 3161 2015 3248 peregrinationis
2063 3181 2220 3225 suae
2263 3160 2594 3226 constituti
2636 3184 2677 3225 a
2717 3158 3050 3226 vilissimis
3082 3157 3418 3251 ’interdum
3464 3159 3668 3226 homi·

818 3264 1040 3344 nibus,
1088 3261 1262 3349 quod
1301 3262 1592 3347 graviter
1639 3251 1973 3325 ferendum
2018 3269 2152 3342 est,
2204 3258 2479 3343 damna,
2532 3261 2804 3325 iniurias
2819 3309 2837 3344 ‚
2902 3259 3369 3347 impedimenta
3411 3268 3476 3324 et
3518 3282 3667 3325 con-

733 3372 801 3428 25
821 3359 1115 3428 tumelias
1179 3362 1320 3425 sine
1383 3383 1584 3425 causa
1645 3359 1749 3424 vel
1806 3358 2135 3424 demeritis
2176 3360 2508 3446 perferant
2549 3369 2614 3425 et
2655 3360 2945 3446 perferre
2986 3369 3332 3445 cogantur,
3394 3369 3471 3424 ut
3515 3381 3671 3446 ergo

815 3485 966 3544 nos,
1016 3462 1401 3548 inquantum
1445 3458 1635 3525 nobis
1677 3460 1931 3523 ratione
1975 3458 2174 3523 officii
2214 3460 2422 3523 nostri
2461 3458 2805 3541 incumbit,
2859 3460 2929 3523 in
2968 3459 3092 3523 hac
3134 3468 3323 3545 parte
3366 3480 3672 3545 praesen-

817 3563 975 3627 tium
1021 3560 1292 3626 latorem
1339 3559 1456 3641 .N.,
1502 3557 1716 3622 dictae
1758 3568 2022 3623 nostrae
2063 3559 2508 3624 universitatis
2555 3557 2875 3623 bedellum
2919 3567 2983 3621 et
3025 3557 3334 3622 famulum
3364 3560 3669 3641 iuratum,

819 3661 1312 3726 conversatione
1366 3658 1707 3723 honestum
1748 3658 2052 3743 famaque
2092 3656 2665 3724 commendabilem
2686 3707 2704 3739 ,
2768 3658 2880 3744 qui
2928 3666 3155 3722 votum
3214 3680 3430 3738 suum,
3499 3656 3671 3745 quod

821 3759 901 3824 de
941 3758 1269 3823 visitando
1311 3767 1534 3822 sancto
1582 3755 1686 3820 dei
1733 3756 2028 3843 apostolo
2071 3756 2310 3823 Iacobo
2351 3758 2419 3821 in
2464 3755 2903 3843 Compostella
2945 3755 3300 3841 quondam,
3369 3765 3443 3820 ut
3494 3778 3667 3822 asse·

734 3868 802 3924 30
823 3859 972 3941 ruit,
1012 3859 1274 3940 fecerat,
1308 3854 1667 3942 adimplere
1709 3878 1787 3920 ac
1830 3856 2204 3943 persolvere
2250 3857 2537 3943 cupiens,
2571 3858 2696 3921 iter
2735 3856 2867 3920 iam
2910 3855 3205 3941 arripere
3244 3854 3540 3937 intendit,
3587 3855 3669 3920 ab

817 3959 990 4023 omni
1019 3957 1274 4039 iniuria,
1301 3955 1767 4043 inquietatione
1790 3965 1854 4020 et
1874 3955 2321 4021 molestatione
2345 3954 2767 4020 defendamus
2790 3953 3392 4042 defendendumque
3415 3954 3500 4019 ab
3525 3954 3669 4039 hiis,

820 4055 906 4121 ad
934 4078 1095 4143 quos
1128 4055 1480 4136 diverterit,
1522 4071 2039 4140 promoveamus,
2084 4077 2229 4119 eum
2269 4055 2486 4141 ipsum
2515 4055 2688 4120 omni
2731 4076 2855 4141 quo
2890 4076 3234 4142 possumus
3277 4076 3669 4119 recommen-

822 4155 1050 4221 damus
1084 4154 1336 4235 affectu‚
1377 4155 1444 4218 in
1474 4151 1735 4218 domino
1767 4156 2172 4240 requirentes
2208 4175 2287 4218 ac
2317 4156 2652 4219 sinceriter
2679 4165 2982 4240 rogantes
3014 4175 3235 4218 omnes
3265 4163 3330 4219 et
3360 4152 3671 4241 singulos,

821 4254 907 4319 ad
935 4276 1097 4341 quos
1141 4251 1416 4318 eundem
1463 4252 1560 4316 .N.
1609 4275 1763 4317 casu
1805 4253 1911 4317 vel
1954 4254 2295 4340 proposito
2340 4251 2646 4318 devenire
2692 4254 3054 4340 contigerit,
3101 4263 3417 4341 quatenus
3463 4253 3671 4320 eidem

734 4352 1367 4435 35benevolentiam,
1425 4351 1777 4433 auxilium,
1839 4354 2345 4438 promotionem,
2390 4347 2481 4438 [51
2506 4349 2558 4439 b]
2605 4352 2895 4418 favorem
2936 4361 3000 4417 et
3042 4354 3514 4439 protectionem
3554 4356 3669 4417 im·

818 4452 1108 4541 pendant
1175 4461 1285 4516 aut
1343 4451 1634 4537 impendi
1703 4462 2087 4538 procurent,
2145 4473 2400 4515 necnon
2442 4450 2855 4516 elemosinam
2898 4475 3017 4539 pro
3062 4453 3239 4517 vitae
3280 4454 3670 4518 necessariis

815 4551 1164 4632 habendis,
1211 4550 1269 4614 si
1309 4551 1376 4615 in
1419 4549 1546 4614 hoc
1584 4551 2131 4637 peregrinationis
2181 4571 2335 4615 suae
2379 4551 2609 4614 itinere
2654 4552 2923 4635 eguerit,
2968 4550 3182 4616 dictae
3223 4561 3487 4617 nostrae
3530 4553 3669 4616 uni·

815 4651 1148 4716 versitatis
1207 4650 1445 4713 intuitu
1508 4648 1772 4736 elargiri
1844 4649 2191 4737 dignentur
2212 4696 2231 4730 ,
2295 4669 2426 4713 non
2488 4651 2934 4735 permittentes
2989 4652 3202 4736 ipsum
3261 4649 3329 4714 in
3368 4673 3670 4738 persona,

817 4748 1016 4815 rebus
1058 4770 1173 4813 seu
1215 4748 1552 4835 proposito
1599 4771 1713 4814 suo
1759 4759 1984 4813 sancto
2031 4748 2262 4834 quovis
2310 4746 2500 4813 modo
2545 4746 2983 4831 damnificari,
3043 4750 3426 4836 inquietari,
3468 4751 3670 4837 impe·

736 4858 803 4914 40
823 4848 951 4913 diri
1014 4847 1116 4912 vel
1180 4846 1548 4928 molestari,
1615 4848 1978 4934 praemium
2019 4870 2142 4934 pro
2184 4847 2311 4912 hiis
2353 4845 2436 4911 ab
2482 4847 2798 4915 altissimo
2841 4849 3199 4935 recepturi,
3268 4849 3397 4938 qui*
3423 4847 3671 4915 nullum

817 4946 1057 5034 bonum
1120 4948 1663 5010 irremuneratum
1724 4945 2096 5034 nullumque
2155 4945 2395 5010 malum
2454 4948 2843 5034 impunitum
2899 4946 3164 5012 dimittit
3219 4958 3283 5011 et
3327 4947 3670 5013 beneficio·

821 5066 964 5108 rum
1013 5045 1148 5107 suis
1188 5045 1631 5131 impensorum
1673 5044 2081 5131 largissimus
2122 5044 2476 5111 retributor
2519 5046 2773 5126 existit,
2833 5044 3198 5131 obligantes
3241 5047 3513 5132 insuper
3554 5069 3671 5112 nos

822 5164 901 5207 ac
944 5141 1187 5206 dictam
1229 5152 1517 5208 nostram
1562 5146 2052 5209 universitatem
2096 5143 2182 5209 ad
2223 5144 2617 5227 consimilia,
2684 5145 2882 5208 immo
2954 5146 3205 5209 maiora
3269 5144 3671 5231 complacen-

823 5241 1063 5305 tiarum
1107 5264 1366 5327 genera.
1450 5243 1529 5306 In
1568 5264 1841 5328 quorum
1887 5245 2170 5308 omnium
2214 5251 2279 5307 et
2322 5242 2724 5329 singulorum
2770 5253 2890 5308 etc.
