4038 6358
1337 592 1447 628 von
1492 577 1707 642 Herzog
1740 576 1931 628 Mon-ita
1969 575 2231 643 bestium.
3151 574 3223 640 81

1619 734 1840 828 Caput
1867 762 1987 815 nx.

483 911 582 959 DE
629 910 1072 959 RECEPTIONE
1116 911 1458 960 novomm
1497 912 1590 959 ΕΤ
1632 910 2106 961 PROFESSIONE
2144 910 2471 960 NOMINUM
2514 908 2701 958 APUD
2741 907 3134 956 RBGTOREK.

540 1027 622 1093 In
661 1028 1083 1093 universitate
1126 1050 1268 1092 esse
1311 1025 1566 1110 debent,
1611 1028 1704 1092 ita
1747 1037 1821 1092 ut
1863 1037 2030 1110 sunt,
2073 1027 2368 1092 nationes
2416 1033 2724 1113 quatuor,
2772 1045 2916 1088 cum
2961 1044 3236 1111 quarum

369 1129 710 1193 mentione
749 1129 1013 1193 nomina
1055 1149 1296 1209 eorum,
1343 1127 1452 1214 qui
1496 1125 1968 1214 profitebuntur
2003 1125 2179 1213 apud
2220 1137 2555 1206 rectorem,
2598 1125 2662 1188 in
2700 1121 2917 1189 album
2963 1123 3234 1187 rectoris

367 1226 886 1314 perscribenmr,
931 1250 1076 1292 cum
1099 1226 1359 1314 quidem
1394 1226 1841 1292 iusiurandum
1886 1225 2184 1290 dederint
2224 1227 2288 1289 in
2332 1225 2513 1308 haec,
2555 1245 2720 1310 quae
2763 1232 3145 1311 sequuntur:
3251 1229 3284 1285 5

550 1463 656 1547 „E
703 1487 743 1530 o
781 1464 863 1529 N.
905 1465 1048 1529 iuro

550 1487 795 1645 Priffno,
838 1586 941 1629 me
980 1564 1442 1651 praestiturum
1486 1562 1920 1629 obedientiam
1965 1562 2189 1645 vobis,
2246 1562 2486 1627 rectori
2523 1560 2717 1626 huius
2762 1561 3126 1643 semestris,
3170 1569 3234 1624 et

371 1662 871 1728 successoribus
913 1662 1212 1728 omnibus
1252 1664 1321 1728 in
1359 1662 1576 1744 rebuS‚
1621 1663 1686 1726 in
1732 1661 1965 1751 quibus
2009 1670 2236 1749 potero
2282 1671 2344 1726 et
2387 1660 2590 1726 debeo
2633 1671 2992 1747 praestare.

553 1761 889 1845 Secundo,
947 1760 1120 1849 quod
1178 1784 1413 1850 parere
1458 1761 1653 1828 velim
1694 1762 1953 1827 statutis
1970 1812 1990 1844 ,
2050 1784 2216 1850 quae
2259 1770 2324 1826 et
2365 1759 2625 1826 condita
2666 1769 2814 1825 sunt
2856 1768 2923 1825 et
2964 1759 3239 1846 posthac

374 1860 686 1949 legitime
723 1860 1099 1945 condentur,
1139 1860 1360 1929 sedulo
1405 1871 1469 1927 et
1510 1860 1871 1946 diligenter.
3251 1871 3313 1927 10

567 1960 812 2045 Tertio,
855 1961 1030 2049 quod
1072 1961 1412 2029 commoda
1450 1961 1640 2026 huius
1684 1961 2128 2027 universitatis
2183 1960 2606 2027 scholasticae
2670 1958 2983 2025 adiuvare
3033 1968 3097 2025 et
3144 1961 3238 2025 in-

375 2061 738 2128 commoda
780 2072 1094 2145 avertere,
1137 2064 1193 2127 si
1234 2071 1481 2148 potero,
1525 2060 1700 2126 omni
1740 2069 2032 2147 tempore
2077 2061 2380 2148 omnique
2418 2060 2595 2124 vitae
2638 2068 2812 2125 statu
2853 2059 3064 2125 velim.

553 2161 827 2243 QuartO,
883 2161 1186 2226 iniuriam
1238 2161 1396 2226 mihi
1450 2161 1689 2226 factam
1745 2158 2039 2225 consulto
2090 2182 2211 2224 nec
2266 2161 2481 2245 ipsum
2536 2181 2656 2224 nec
2709 2181 2828 2245 per
2886 2157 3085 2224 alium
3132 2182 3236 2225 me

376 2260 877 2327 vindicaturum
917 2260 1034 2326 sed
1071 2282 1265 2348 super
1306 2259 1419 2327 illa
1461 2258 1778 2325 auxilium
1820 2261 2093 2325 rectoris
2135 2258 2631 2345 imploraturum
2671 2280 2833 2323 esse.

555 2358 819 2442 Quinto,
863 2361 940 2445 si,
983 2361 1154 2449 quod
1198 2360 1355 2426 deus
1398 2369 1672 2443 avertat,
1713 2382 1818 2424 me
1862 2357 1947 2423 ob
1976 2358 2282 2424 delictum
2313 2358 2590 2443 relegari
2632 2368 2743 2424 aut
2770 2359 3226 2424 communitate
3255 2369 3317 2423 15

374 2459 514 2526 hac
555 2460 912 2525 studiorum
955 2458 1212 2525 excludi
1253 2460 1629 2545 contigerit,
1687 2479 1790 2524 me
1843 2470 1980 2524 tum
2036 2480 2119 2524 ex
2171 2457 2416 2546 oppido
2474 2457 2560 2523 ad
2608 2458 3024 2601 praefinitum
3062 2458 3231 2523 diem

377 2559 829 2625 discessurum
873 2581 1035 2624 esse.

553 2658 656 2723 Ita
695 2657 855 2723 deus
895 2658 1160 2724 adiuvet
1201 2680 1318 2746 per
1360 2666 1652 2725 sanctum
1699 2657 2107 2745 evangelium
2152 2681 2359 2723 suum.
2360 2658 2402 2694 “

561 2893 816 2958 Merces
844 2902 1056 2958 autem
1095 2895 1538 2981 inscriptionis
1568 2894 1692 2959 erit
1718 2915 2096 2981 grossorum
2127 2893 2353 2959 decem
2388 2901 2452 2961 et
2475 2893 2762 2979 dimidii3
2803 2891 3243 2959 moderatione

375 3005 606 3059 tamen
649 2995 920 3059 rectoris
962 2992 1076 3057 illa
1113 2994 1316 3058 minui
1356 2995 1614 3080 poterit,
1657 3003 1728 3057 ut
1773 3015 2030 3080 semper
2074 2993 2491 3059 observatum
2533 2994 2671 3059 fuit.
2739 2992 2993 3075 Quodsi
3025 2995 3233 3082 pueri,
3257 3002 3325 3058 20

381 3104 461 3159 ut
515 3093 622 3176 fit,
677 3114 950 3179 quorum
1008 3102 1187 3159 aetas
1241 3102 1305 3157 et
1358 3092 1785 3179 intelligentia
1841 3092 2220 3179 religionem
2262 3092 2681 3157 iurisiurandi
2729 3095 3068 3181 percipere
3109 3116 3240 3159 non

388 3203 632 3282 potest,
674 3192 940 3257 adducti
981 3192 1067 3258 ad
1109 3202 1426 3259 rectorem
1467 3193 1724 3277 fuerint,
1767 3196 2033 3260 nomina
2075 3194 2336 3281 quidem
2379 3192 2631 3259 illorum
2677 3196 2952 3281 recipiet
2993 3204 3057 3259 et
3087 3193 3243 3282 quid

379 3293 692 3359 iubentur
735 3293 951 3360 facere
990 3292 1229 3358 diserte
1270 3294 1365 3358 eis
1403 3302 1473 3358 et
1513 3295 1842 3379 expressis
1875 3295 1891 3336 ¹
1951 3316 2331 3380 quacunque
2376 3293 2630 3379 lingua,
2688 3316 2880 3382 quam
2925 3296 3241 3382 attingere

387 3394 525 3481 ipsi
567 3393 842 3481 possint,
886 3390 1272 3479 explicabit3
1330 3391 1447 3458 sed
1488 3415 1619 3458 non
1657 3401 1900 3458 temere
1939 3416 1981 3459 a
2024 3395 2266 3481 pueris,
2307 3401 2520 3457 aetate
2563 3402 2628 3458 et
2666 3392 3094 3480 intelligentia
3109 3444 3127 3478 ,
3170 3405 3241 3458 ut

391 3492 646 3558 dictum
705 3501 832 3574 est,
893 3490 1342 3557 deficientibus
1395 3491 1845 3557 iusiurandum
1884 3494 2122 3580 exiget.
2204 3492 2296 3558 Ut
2334 3503 2551 3557 tamen
2592 3494 2786 3557 iurati
2832 3495 2961 3558 sint
2998 3494 3241 3560 subditi
3256 3503 3323 3578 25

383 3592 856 3673 universitatis,
915 3590 1126 3656 edicet
1166 3593 1607 3680 unusquisque
1649 3601 1860 3657 rector
1904 3595 2198 3658 semestri
2239 3616 2388 3676 suo,
2430 3600 2503 3657 ut
2545 3615 2627 3657 ex
2668 3595 2947 3679 receptis
2990 3596 3060 3659 in
3099 3597 3235 3660 uni-

385 3692 771 3756 versitatem
791 3699 1084 3757 nostram
1125 3700 1341 3757 aetate
1384 3690 1639 3778 puerili,
1684 3694 1794 3780 qui
1836 3692 1970 3757 iam
2013 3715 2254 3758 annum
2298 3694 2632 3779 attigerint
2673 3694 2906 3758 aetatis
2951 3716 3105 3759 suae
3136 3693 3241 3759 de·

387 3813 650 3856 cumum
694 3792 974 3874 tertium,
1016 3790 1113 3856 illi
1152 3813 1374 3857 coram
1419 3813 1490 3856 se
1515 3800 1690 3858 certo
1719 3792 1826 3858 die
1859 3791 1945 3857 ad
1981 3799 2457 3858 sacramentum
2488 3791 2834 3858 dicendum
2861 3803 3239 3879 appareant.

401 3888 587 3971 Quos
629 3900 768 3956 tum
810 3889 919 3956 ille
961 3900 1339 3958 consuetum
1379 3891 1827 3958 iusiurandum
1870 3892 2090 3958 verbis
2134 3893 2467 3979 conceptis
2510 3891 2670 3958 dare
2711 3892 2976 3959 iubebit.

1644 4115 1860 4179 Caput
1891 4115 1986 4166 lx.
3260 4124 3331 4182 30

960 4264 1055 4313 DE
1097 4221 1623 4333 ASEESSORIBUS,
1665 4263 2120 4351 consuamus
2162 4265 2252 4313 ΕΤ
2291 4264 2685 4314 ADIUNCTIS.

559 4381 843 4448 Peracta
881 4380 1255 4452 laudatione
1294 4382 1568 4447 rectoris
1610 4383 1893 4469 primum
1937 4390 2216 4468 quatuor
2259 4380 2497 4467 singuli
2539 4403 2624 4446 ex
2664 4380 2936 4467 singulis
2960 4384 3236 4449 nationi-

392 4481 517 4548 bus
583 4481 946 4568 deligentur
961 4532 977 4565 ,
1031 4491 1191 4547 natu
1246 4479 1648 4568 grandiores.
1745 4480 1838 4545 Hi
1891 4479 2070 4567 apud
2121 4490 2438 4545 rectorem
2491 4479 2580 4545 ad
2632 4481 3086 4567 cognoscenda
3146 4505 3244 4567 ea,
3360 4489 3363 4492 ’

395 4604 564 4670 quae
607 4580 971 4664 inciderint,
1017 4583 1269 4669 quoties
1309 4604 1415 4646 res
1453 4590 1681 4669 poscet
1719 4578 2120 4664 assidebunt,
2162 4581 2458 4668 inprimis
2504 4580 2593 4645 ad
2624 4573 2901 4645 mulctas
2929 4580 3241 4648 dicendas

394 4691 460 4746 et
512 4703 758 4770 poenas
821 4680 1211 4767 infligendas
1267 4680 1550 4764 delictis,
1607 4692 1672 4745 et
1713 4701 2080 4745 assessores
2120 4680 2686 4766 nuncupabantur.
2769 4680 3028 4746 Deinde
3070 4685 3235 4749 terni
3256 4693 3324 4750 35

397 4779 480 4845 de
523 4781 797 4867 singulis
836 4779 1211 4846 nationibus
1255 4779 1798 4867 designabantur,
1858 4778 2095 4867 quibus
2149 4779 2537 4845 consiliariis
2579 4789 2825 4863 rector,
2887 4802 3031 4845 cum
3075 4804 3238 4869 opus

401 4881 628 4965 fuerit,
670 4890 925 4964 utatur3
980 4888 1306 4966 postremo
1348 4879 1538 4947 binos
1582 4878 1877 4966 singulae
1919 4879 2217 4943 nationes
2262 4878 2485 4960 edent,
2541 4881 2684 4964 qui,
2738 4878 2849 4944 ubi
2893 4878 3240 4965 videbitur,

399 4980 728 5066 prioribus
776 4979 1247 5064 adiungantur,
1287 4979 1562 5068 ideoque
1604 4989 1669 5045 et
1710 4977 2051 5045 adiunctos
2095 4978 2524 5064 appellandos
2550 4981 2940 5065 putavimus,
3004 4980 3247 5045 Verum

619 5253 641 5304 1
684 5247 763 5302 Es
795 5246 940 5301 fehlt
970 5244 1112 5300 wohl
1144 5244 1339 5300 verbis.

550 5348 993 5388 fl‘rxruwmuon
1029 5349 1142 5383 mm
1177 5347 1323 5383 umv.
1361 5345 1597 5382 Lszxo.
2873 5340 2912 5401 6
