4038 6358
1135 609 1307 666 Acbte
1355 609 1898 676 Statutenredactiom
1934 625 2057 666 vom
2093 611 2257 667 Jahn-e
2302 611 2441 671 1558.
3090 610 3212 684 529

529 794 715 862 Nunc
756 795 1062 884 deinceps
1103 800 1353 883 egressi
1392 798 1589 881 foras,
1639 797 1880 884 singuli
1920 797 2136 863 vocati
2181 796 2391 862 denuo
2431 797 2903 882 ingrediemini,
2948 809 3013 865 et
3051 803 3212 888 peti·

357 898 602 961 tionem
665 918 850 961 suam
918 898 1189 986 quisque
1248 896 1641 986 explicabit,
1707 897 1787 963 de
1854 919 1983 983 qua
2045 896 2351 962 iudicium
2417 900 2892 963 communitatis
2950 913 3214 966 nostrae

356 994 540 1060 fiet.“

526 1145 704 1211 Dum
763 1145 922 1210 foris
982 1146 1420 1232 opperientur,
1482 1145 1768 1210 decanus
1825 1144 2254 1232 interrogabit
2310 1146 2659 1231 magistros
2718 1158 3091 1233 praesentes
3149 1150 3216 1214 in

362 1243 658 1328 concili0‚
714 1244 1009 1333 nunquid
1066 1243 1147 1308 de
1203 1245 1421 1333 aliquo
1477 1244 1896 1310 indicandum
1952 1253 2213 1331 putent3
2273 1255 2335 1308 et
2392 1248 2503 1330 qui
2560 1248 2833 1333 putarit,
2891 1269 3033 1314 eum
3092 1247 3213 1313 hoc
3265 1259 3299 1314 5

359 1344 575 1409 facere
642 1343 907 1409 iubebit.
991 1341 1303 1410 Similiter
1358 1354 1421 1408 et
1478 1346 1729 1409 externi
1786 1343 2144 1426 audientur,
2206 1345 2260 1408 si
2318 1346 2428 1430 qui
2482 1345 2812 1432 postulare
2864 1356 2976 1411 aut
3033 1350 3217 1435 queri

359 1442 610 1531 aliquid
648 1441 989 1509 voluerint.

527 1560 766 1626 Postea
808 1559 1139 1625 accersitis
1181 1569 1245 1624 et
1288 1559 1529 1624 auditis
1571 1559 1947 1645 singillatim
1993 1560 2310 1643 omnibus,
2353 1560 2468 1642 illi,
2514 1583 2784 1647 quorum
2836 1563 3062 1647 petitio
3105 1563 3217 1628 ad·

358 1661 562 1725 missa
617 1659 841 1742 fuerit,
900 1658 1363 1724 consuetudine
1405 1661 1610 1723 veteri
1667 1661 1898 1723 seriem
1946 1681 2212 1725 servare
2260 1658 2657 1725 iubebantur
2702 1659 2948 1726 ordinis
2995 1684 3215 1726 secun-

363 1758 521 1823 dum
564 1770 843 1844 tempus,
891 1754 1021 1845 [31]
1067 1780 1193 1845 quo
1238 1760 1549 1845 cuiusque
1591 1780 1827 1824 nomen
1868 1781 1909 1823 a
1953 1768 2206 1824 rectore
2248 1762 2313 1823 in
2353 1782 2690 1824 numerum
2748 1758 3216 1847 discipulorum
3236 1773 3300 1828 10

356 1858 551 1924 huius
594 1857 971 1924 academiae
1013 1856 1288 1922 relatum
1331 1856 1467 1922 fuit.
2964 1861 2969 1866 ⁴

537 1973 697 2039 Mox
728 1974 1204 2039 examinatores
1245 1973 1561 2059 legentur,
1603 1973 1856 2037 ratione
1894 1974 2241 2060 praefinita
2269 1975 2571 2062 proxima
2599 1983 2983 2041 statutorum
3008 2000 3219 2044 emen·

357 2074 638 2140 datione.
686 2072 816 2154 Qui
859 2072 1010 2137 lecti
1053 2073 1311 2154 fuerint,
1355 2073 1753 2159 promittent,
1800 2071 2201 2158 diligentiam
2232 2084 2293 2138 et
2328 2072 2522 2138 fidem
2564 2075 2999 2161 inquisitionis
3043 2077 3216 2146 illius

358 2197 430 2239 se
474 2174 900 2261 praestituros
946 2171 1293 2237 secundum
1339 2192 1543 2257 supra
1583 2172 1942 2258 expositam
1987 2173 2349 2237 formulam.

526 2290 740 2377 Atque
784 2289 946 2354 haec
989 2310 1137 2353 cum
1196 2286 1534 2374 discipulis
1588 2285 1974 2373 petitoribus
2036 2298 2330 2375 agentur,
2383 2291 2712 2375 magistris
2756 2300 2973 2356 autem
3024 2305 3297 2379 prae-15

356 2389 650 2456 sentibus
694 2388 963 2470 dicetur,
1019 2389 1385 2474 quicunque
1428 2384 1531 2451 vel
1574 2386 1746 2451 dicto
1787 2386 1891 2450 vel
1947 2387 2120 2452 facto
2179 2388 2446 2453 laeserit
2489 2411 2571 2453 ex
2614 2389 2961 2475 praefectis
3003 2392 3212 2479 inqui·

357 2489 579 2554 sitioni
623 2486 992 2575 quemlibet,
1049 2496 1161 2551 aut
1204 2488 1384 2551 cuius
1425 2507 1568 2571 ope,
1622 2485 1886 2550 oonsilio
1938 2485 2156 2552 laesus
2202 2488 2437 2575 aliquis
2485 2486 2743 2553 illorum
2785 2489 3007 2572 fuerit,
3068 2513 3212 2556 eum

356 2606 399 2654 c
441 2588 820 2654 florinorum
859 2586 1060 2651 multa
1101 2596 1165 2650 et
1208 2585 1580 2649 exclusione
1624 2606 1708 2648 ex
1755 2584 2024 2650 consilio
2070 2585 2427 2672 obligatum
2469 2587 2607 2652 fore
2647 2588 2998 2653 secundum
3042 2599 3213 2656 vete-

355 2711 494 2753 rem
538 2687 1078 2752 constitutionem.

529 2803 715 2868 Haec
758 2802 976 2868 omnia
1016 2823 1144 2866 uno
1187 2801 1292 2866 die
1335 2801 1565 2887 peragi
1606 2808 1670 2864 et
1713 2797 2021 2887 deinceps
2063 2823 2337 2866 examen
2382 2803 2600 2868 statim
2642 2803 2845 2890 incipi
2888 2808 3144 2890 poterit.
3228 2816 3297 2872 20

1090 3133 1186 3182 ΒΕ
1231 3134 1665 3185 PETENTIBUS
1706 3133 2001 3185 GRADUM
2044 3135 2466 3187 MAGISTERII.

525 3253 658 3335 Qui
699 3251 1017 3317 bonarum
1064 3251 1299 3315 artium
1344 3252 1640 3337 magistri
1680 3250 1823 3316 fieri
1866 3252 2161 3338 cupiunt,
2220 3262 2567 3340 postquam
2626 3276 2744 3319 sua
2797 3256 3080 3339 nomina,
3135 3267 3208 3322 ut

354 3355 501 3420 fieri
547 3352 738 3435 solet,
799 3350 975 3438 apud
1019 3350 1337 3416 decanum
1392 3351 1631 3415 fuerint
1683 3350 1962 3437 professi
2005 3362 2069 3416 et
2110 3353 2478 3416 testimonia
2534 3353 2632 3416 sui
2690 3353 2885 3417 studii
2946 3353 3211 3420 collecta

352 3453 453 3519 illi
514 3451 890 3534 obtulerint,
960 3449 1352 3516 iubebuntur
1413 3448 1499 3514 ad
1565 3451 1939 3536 petitionem
1999 3449 2343 3537 praefinito
2404 3451 2510 3515 die
2568 3450 2817 3535 adesse,
2878 3452 2965 3517 ad
3020 3476 3208 3541 quem

353 3553 646 3618 universi
708 3549 1063 3617 consiliarii
1127 3547 1672 3614 convocabuntur.
1755 3550 2031 3635 Fietque
2099 3559 2248 3613 ante
2321 3549 2535 3614 omnia
2600 3559 2886 3636 potestas
2952 3550 3207 3618 dicendi
3225 3563 3293 3620 25

358 3650 635 3738 singulis
690 3672 855 3736 quae
897 3647 1306 3714 videbuntur.
1352 3644 1482 3736 [32]
1551 3647 1622 3712 Si
1677 3671 1865 3713 nemo
1908 3670 2169 3713 monere
2226 3657 2339 3712 aut
2390 3648 2758 3735 significare
2813 3661 3005 3739 atque
3062 3676 3210 3739 pro-

351 3772 598 3839 ponere
655 3748 902 3837 aliquid
958 3747 1265 3829 voluerit,
1324 3757 1435 3811 aut
1490 3747 1845 3834 propositis
1899 3746 2065 3811 forte
2119 3745 2445 3833 aliquibus
2501 3746 2867 3835 explicatis,
2921 3751 3016 3815 ita
3073 3763 3209 3817 tum

354 3849 780 3915 admittantur
819 3849 1129 3935 petitores
1157 3847 1445 3911 universi
1488 3846 1697 3929 simul,
1739 3847 2217 3932 recitenturque
2243 3859 2356 3912 aut
2386 3859 2964 3914 commemorentur
2992 3850 3208 3916 huius-

350 3948 529 4015 modi
570 3947 905 4038 quaedam.

521 4064 828 4150 „Quanta
872 4086 1017 4129 cum
1062 4085 1218 4127 cura
1271 4071 1334 4126 et
1388 4060 1857 4148 propemodum
1912 4061 2223 4148 religione
2277 4065 2569 4128 instituta
2628 4063 3293 4154 administrataque30

355 4166 596 4231 fuerint
630 4161 1070 4251 superioribus
1096 4163 1283 4227 annis
1330 4161 1546 4225 omnia
1586 4162 1653 4224 in
1697 4161 2101 4226 decernendo
2143 4161 2657 4247 conferendoque
2701 4162 2976 4230 honores
3020 4167 3203 4232 scho-

351 4265 621 4332 lasticos
689 4273 753 4329 et
816 4260 1263 4350 promovendo
1329 4260 1581 4346 aliquos
1645 4258 1732 4324 ad
1798 4259 2063 4325 altiores
2142 4260 2387 4346 gradus
2453 4260 2787 4347 dignitatis
2849 4263 3211 4330 studiorum

354 4375 743 4446 nostrorum,
801 4370 1215 4428 monumenta
1270 4369 1593 4425 testantur
1647 4358 2058 4447 publicorum
2114 4359 2449 4443 librorum,
2504 4361 2689 4426 multi
2740 4363 2935 4427 etiam
2992 4362 3208 4429 adhuc

353 4465 797 4530 meminerunt,

524 4579 838 4661 Quamvis
897 4587 1113 4643 autem
1171 4576 1403 4642 horum
1461 4586 1820 4664 temporum
1877 4575 2274 4642 consuetudo
2331 4577 2459 4641 ista
2512 4578 2580 4642 in
2635 4587 2821 4665 parte
2876 4578 3204 4644 nonnichil
3224 4588 3290 4645 35

354 4679 723 4746 severitatis
768 4687 1178 4765 extorqueat,
1228 4698 1436 4763 neque
1478 4675 1762 4762 placeat,
1822 4675 2225 4764 quorundam
2283 4678 2551 4763 spetiem
2611 4686 2882 4759 tantum,
2941 4680 3205 4744 mutatis

353 4779 572 4863 rebus,
619 4779 887 4861 servari,
932 4776 1014 4842 de
1055 4776 1441 4841 necessariis
1484 4785 1700 4840 tamen
1742 4774 2306 4841 observationibus
2349 4797 2479 4839 non
2519 4774 2710 4840 modo
2753 4776 2953 4840 nichil
2993 4775 3203 4842 detra-

354 4879 672 4960 hendum,
740 4877 854 4943 sed
918 4875 1165 4961 aliquid
1233 4875 1607 4961 diligentiae
1668 4874 1936 4961 insuper
1995 4873 2364 4940 addendum
2410 4874 2801 4960 putavimus.
2888 4875 2986 4940 Ne
3049 4877 3203 4963 quid

355 4991 574 5045 autem
614 4976 814 5043 ullum
857 4977 1130 5063 fugeret,
1170 4976 1382 5042 visum
1426 4983 1524 5038 est
1565 4975 1665 5056 iis,
1710 4975 1819 5059 qui
1865 4996 1933 5037 se
1974 4984 2193 5061 petere
2238 4973 2614 5058 dignitatem
2655 4985 2717 5039 et
2755 4974 2967 5039 locum
3002 4978 3202 5062 magi-

359 5089 643 5144 strorum
687 5076 966 5164 professi
1011 5084 1252 5158 essent,
1307 5073 1499 5160 plane
1543 5074 1760 5137 omnia
1800 5072 2112 5154 indicare,
2152 5071 2347 5159 idque
2389 5082 2459 5137 ut
2501 5096 2542 5138 a
2582 5097 2683 5139 me
2731 5096 2902 5138 nunc
2964 5073 3078 5138 fiat
3138 5083 3286 5142 et40

359 5177 551 5243 vobis
574 5225 593 5260 ,
655 5178 767 5264 qui
825 5175 1015 5240 huius
1078 5176 1174 5238 rei
1236 5173 1450 5259 gratia
1512 5172 1808 5235 accersiti
1872 5174 2047 5254 estis,
2112 5170 2267 5256 quid
2330 5172 2742 5257 sperandum,
2809 5174 3203 5259 sequendum

357 5275 809 5343 faciendumve
854 5276 956 5357 sit,
1000 5274 1495 5353 demonstretur,
1540 5273 1662 5335 mei
1703 5273 1988 5336 muneris
2033 5270 2304 5336 offitium
2346 5271 2651 5357 postulat.

487 5390 928 5433 srsrursusnon
964 5390 1076 5426 nn
1112 5389 1257 5427 univ.
1293 5387 1531 5425 nmmo.
2782 5362 2860 5426 34
