4038 6358
831 634 953 701 362
1813 634 1916 686 Die
1966 634 2405 699 philosophische
2442 634 2697 686 Facultfflt.

819 814 933 900 qui
977 810 1099 879 sub
1158 814 1428 900 periurii
1481 837 1692 903 poena
1749 815 1995 881 nemini
2035 825 2255 882 votum
2339 814 2612 881 alicuius
2675 815 2974 902 magistri
3035 814 3360 898 revelent3
3432 823 3497 880 et
3571 810 3710 879 sub

819 913 1047 980 eadem
1099 936 1311 1001 poena
1351 915 1483 1003 ipsi
1525 925 1920 987 scrutatores
1981 938 2127 981 cum
2170 916 2504 1003 magistris
2545 914 2819 1002 singulis
2865 914 2953 985 ad
2995 914 3333 981 celandum
3375 937 3500 980 sua
3532 920 3714 979 vota

818 1015 947 1079 sint
1010 1014 1293 1099 astricti3
1358 1024 1422 1080 et
1493 1015 1550 1080 si
1593 1017 1986 1082 contrarium
2053 1015 2135 1081 de
2199 1015 2416 1102 aliquo
2480 1023 2812 1103 repertum
2881 1014 3111 1099 fuerit,
3181 1015 3264 1081 sit
3301 1014 3478 1080 idem
3517 1013 3713 1080 ultra

818 1123 1071 1180 reatum
1123 1115 1396 1203 periurii
1436 1137 1477 1180 a
1522 1114 1787 1182 consilio
1828 1114 2155 1181 facultatis
2198 1115 2285 1181 ad
2324 1114 2654 1181 biennium
2698 1136 3071 1202 suspensus.

731 1221 766 1279 5
986 1221 1042 1280 4.
1084 1214 1248 1283 Item
1320 1214 1568 1303 placet,
1652 1224 1728 1281 ut
1787 1237 1960 1281 nunc
2021 1225 2085 1281 et
2145 1214 2413 1283 inantea
2482 1222 2694 1301 cesset
2762 1215 2971 1285 omnis
3039 1213 3444 1302 dispensatio
3511 1212 3708 1303 apud

816 1322 1089 1400 quatuor
1130 1313 1632 1402 dispensatores,
1674 1323 1737 1379 et
1779 1315 1836 1379 si
1878 1313 2099 1402 aliqua
2135 1314 2304 1381 foret
2333 1315 2726 1395 necessaria,
2773 1313 2927 1379 talis
2971 1313 3059 1380 ad
3097 1323 3304 1380 totum
3350 1313 3706 1380 consilium

712 1464 719 1471 .
817 1412 1144 1480 facultatis
1203 1413 1585 1481 deducatur.
1648 1412 1737 1479 Et
1789 1435 1874 1478 ne
1915 1434 2242 1502 pauperes
2300 1422 2657 1503 graventur
2670 1461 2690 1496 ,
2760 1435 2893 1479 non
2943 1414 3302 1502 recipiatur
3343 1413 3430 1481 ab
3475 1412 3706 1500 aliquo

817 1512 990 1580 ultra
1032 1513 1195 1580 duos
1239 1536 1525 1600 grossos.

1061 1650 1174 1710 Am
1208 1652 1456 1712 Raude.-
1497 1654 1758 1736 praeter
1803 1646 2149 1735 pecuniam
2163 1695 2182 1730 ,
2223 1667 2389 1733 quae
2432 1643 2704 1713 debetur
2742 1644 3059 1713 facultati.

748 1790 809 1846 10
990 1787 1051 1849 5.
1092 1780 1288 1867 Item,
1362 1789 1435 1848 ut
1499 1781 1881 1847 reverencia
1955 1789 2023 1847 et
2092 1780 2399 1847 honestas
2467 1779 2679 1846 maior
2758 1778 3107 1846 scolarium
3173 1777 3262 1847 ad
3342 1779 3702 1867 magistros

740 1868 743 1873 ’
820 1877 1168 1962 habeatur,
1244 1903 1408 1971 quae
1476 1881 1609 1949 iam
1682 1868 1955 1947 multum
2016 1879 2344 1963 decrevit,
2423 1878 2638 1966 placet
2657 1928 2677 1963 ,
2760 1878 2935 1967 quod
3000 1878 3213 1945 nullus
3267 1880 3568 1947 mittatur
3604 1878 3703 1946 ad

818 2000 1094 2049 examen
1133 1979 1272 2045 sive
1319 1989 1736 2067 temptamen,
1777 1981 1890 2069 qui
1927 1981 1997 2049 in
2033 1978 2153 2045 tali
2192 1977 2426 2045 medio
2452 2001 2657 2063 anno,
2697 1980 2766 2044 in
2810 2001 2935 2067 quo
2979 1980 3352 2066 promoveri
3397 1979 3698 2064 intendit,

820 2080 1033 2147 factus
1058 2078 1182 2147 fuit
1209 2080 1500 2167 poenalis
1538 2082 1727 2149 iuxta
1763 2090 2053 2149 tenorem
2095 2078 2348 2167 antiqui
2390 2080 2637 2162 statuti,
2679 2077 2787 2144 vel
2828 2077 2941 2167 qui
2980 2079 3391 2145 meretricem
3411 2076 3696 2166 publice

813 2177 1208 2262 introduxit,
1248 2187 1363 2249 aut
1401 2179 1655 2266 fregit
1635 2202 1899 2249 ianuam
1910 2228 1929 2263 ,
1987 2188 2102 2247 aut
2147 2180 2217 2247 vi
2259 2179 2534 2244 intravit
2573 2189 2725 2267 post
2761 2178 3025 2268 pulsum
3040 2227 3060 2262 ‚
3116 2177 3223 2244 vel
3261 2179 3376 2265 qui
3435 2177 3696 2246 aliunde

736 2280 882 2344 15in
923 2277 1193 2365 collegio
1235 2286 1348 2344 aut
1385 2276 1619 2362 bursa,
1662 2277 1774 2345 ubi
1811 2287 2101 2357 moratur
2137 2277 2244 2346 vel
2284 2277 2663 2346 morabatur
2690 2281 2711 2322 ¹
2728 2328 2748 2365 ,
2806 2275 3073 2365 aliquod
3114 2276 3475 2365 dampnum
3520 2301 3689 2345 com-

815 2378 1116 2444 munitati
1158 2376 1397 2443 intulit.
1473 2377 1565 2443 Et
1622 2377 1894 2467 quilibet
1933 2379 2393 2465 magistrorum
2437 2387 2501 2442 et
2538 2379 2889 2467 praecipue
2931 2378 3061 2461 isti,
3105 2376 3344 2464 quibus
3395 2386 3694 2444 constant

810 2499 1024 2545 mores
1089 2486 1155 2542 et
1223 2478 1751 2545 conversationes
1805 2479 2100 2565 ipsorum
2168 2476 2756 2565 promovendorum
2772 2526 2791 2560 ‚
2858 2485 3112 2543 tenetur
3185 2477 3326 2542 sive
3394 2485 3693 2544 tenentur

812 2575 975 2643 tales
1017 2573 1140 2643 sub
1184 2576 1318 2642 suis
1358 2577 1740 2644 iuramentis
1784 2576 2030 2643 decano
2071 2574 2484 2642 denunciare.

984 2713 1444 2797 Einyesokaltet,
1486 2715 1633 2777 doch
1654 2714 1873 2775 wieder
1895 2714 2375 2794 anaqam-ichen.-
2410 2710 2467 2776 si
2500 2708 2785 2777 decanus
2821 2709 3210 2799 requisierit,
3256 2708 3430 2780 alias
3461 2732 3612 2778 non.

734 2824 904 2891 zoEt
945 2825 1068 2891 erit
1107 2825 1259 2892 talis
1280 2824 1513 2892 modus
1540 2825 1992 2911 denunciandi,
2037 2825 2211 2916 quod
2251 2825 2534 2892 decanus
2578 2824 2664 2890 ad
2705 2802 2873 2890 duos
2922 2823 3064 2901 dies
3105 2835 3256 2892 ante
3290 2828 3686 2914 apertionem

815 2925 1135 2991 examinis
1199 2926 1306 2993 vel
1374 2927 1813 3014 temptaminis
1872 2948 2097 2993 omnes
2167 2923 2646 3040 promovendos
2700 2946 2823 3012 pro
2876 2923 2992 2991 illa
3030 2926 3174 2997 vice
3212 2934 3589 3014 praesentet
3624 2929 3686 2994 ιιι

818 3026 1114 3114 scriptis,
1158 3035 1223 3092 et
1264 3026 1504 3114 singuli
1546 3026 1843 3112 magistri
1885 3026 1973 3092 ad
2015 3027 2466 3114 praesenciam
2487 3020 2857 3090 huiusmodi
2907 3025 3508 3113 promovendorum
3550 3049 3685 3093 con-

818 3132 1151 3192 vocentur.
1231 3124 1323 3192 Et
1386 3124 1506 3192 sub
1565 3126 1990 3242 requisitione
2053 3125 2226 3193 illius
2293 3125 2520 3192 statuti
2603 3125 2820 3214 quivis
2877 3125 3341 3213 magistrorum
3396 3125 3575 3194 dicat
3612 3126 3687 3194 de

819 3224 1293 3292 conditionibus
1336 3235 1400 3293 et
1442 3225 1759 3314 regimine
1799 3227 2092 3314 ipsorum
2135 3224 2757 3314 promovendorum,
2798 3233 2872 3291 ut
2911 3226 3386 3313 praemitntur,
3449 3226 3685 3295 decano

736 3325 845 3390 25
825 3346 895 3389 m
937 3326 1230 3412 privat0,
1288 3334 1354 3392 et
1406 3325 1689 3394 decanus
1730 3329 1875 3394 istis
1914 3327 2008 3392 sic
2054 3326 2459 3393 denunciatis
2506 3324 2698 3409 dicet,
2738 3335 2810 3391 ut
2851 3325 3027 3392 nullo
3069 3325 3264 3392 modo
3309 3348 3383 3392 se
3424 3324 3681 3394 submit-

816 3434 959 3492 tant
1000 3426 1289 3491 examini
1332 3425 1448 3492 sed
1489 3429 1694 3494 vitam
1738 3449 1953 3510 sum,
2029 3426 2259 3492 melius
2315 3447 2385 3491 se
2447 3424 2732 3511 regendo
2749 3474 2770 3509 ,
2832 3423 3208 3509 emendent,
3282 3425 3573 3514 alioquin
3620 3427 3683 3492 ιιι

828 3532 1167 3612 posterum
1206 3548 1337 3593 non
1378 3525 1817 3596 admittentur.
2635 3579 2640 3584 .
2975 3517 2981 3522 ’

980 3628 1038 3693 6.
1077 3625 1243 3690 Item
1284 3624 1519 3714 placet,
1559 3636 1632 3692 ut
1654 3626 1872 3694 nullae
1912 3625 2075 3693 fiant
2117 3645 2446 3712 expensae
2484 3647 2528 3690 a
2586 3621 3052 3712 promovendis
3095 3632 3246 3688 ante
3288 3625 3688 3712 apertionem

817 3725 1140 3792 examinis
1188 3725 1326 3790 sive
1368 3727 1809 3813 temptaminis
1853 3748 1971 3813 per
2013 3726 2465 3793 invitationem
2501 3724 2969 3811 magistrorum
3011 3732 3077 3788 et
3118 3721 3414 3807 aliorum,
3461 3724 3596 3808 sed,
3637 3725 3692 3790 si

730 3832 800 3890 ³0
813 3823 1149 3913 placuerit,
1192 3835 1499 3912 poterunt
1535 3821 1767 3892 stando
1796 3826 2176 3892 conventori
2209 3846 2354 3892 cum
2401 3821 2774 3890 bursalibus
2816 3823 2951 3888 suis
2994 3845 3193 3889 unam
3231 3844 3506 3909 scopam
3526 3846 3690 3892 cere-

813 3925 1022 3991 visiae
1042 3926 1397 4012 propinare
1417 3947 1536 4013 pro
1564 3923 1957 3992 conductore
1976 3921 2072 4013 (P)
2101 3934 2166 3990 et
2181 3946 2312 3990 non
2333 3922 2522 4007 ultra,
2568 3923 2687 3998 sub
2730 3944 2945 4011 poena
2984 3922 3173 3990 unius
3208 3922 3461 4007 floreni,
3504 3945 3692 4011 quam

816 4045 1096 4110 poenam
1119 4023 1390 4112 quilibet
1428 4023 1896 4090 contrafaciens
1939 4026 2189 4090 tociens
2231 4024 2556 4109 quociens,
2593 4045 2719 4111 per
2759 4044 2831 4088 se
2868 4031 2980 4088 aut
3021 4044 3145 4111 per
3185 4020 3405 4107 alium,
3452 4022 3690 4090 directe

819 4131 931 4188 aut
992 4122 1307 4189 indirecte
1374 4131 1439 4189 et
1506 4124 1733 4211 quovis
1801 4121 1931 4190 alio
1998 4123 2191 4191 modo
2201 4171 2222 4206 ,
2299 4124 2590 4190 incurret
2652 4124 2797 4212 ipso
2860 4122 3054 4189 facto.
3142 4120 3360 4203 Quam
3421 4141 3691 4211 poenam

818 4221 1105 4288 decanus
1147 4231 1399 4288 tenetur
1457 4221 1542 4288 ab
1599 4224 1745 4311 ipso
1802 4233 2191 4311 extorquere
2211 4272 2231 4307 ,
2298 4224 2514 4310 ipsum
2558 4222 2678 4290 sub
2721 4244 2838 4289 suo
2886 4224 3253 4289 iuramento
3310 4221 3691 4310 inquirendo

734 4330 803 4389 35
824 4329 974 4388 ante
1015 4322 1451 4409 inceptionem
1494 4322 1812 4388 examinis
1858 4323 1995 4389 sive
2039 4324 2479 4412 temptaminis
2492 4371 2512 4406 ,
2558 4332 2624 4389 et
2659 4317 2786 4388 sibi
2828 4322 3103 4390 eandem
3143 4320 3509 4388 inbursare.

980 4427 1035 4487 7.
1082 4419 1250 4486 Item
1314 4419 1559 4508 placet,
1629 4432 1700 4488 ut
1761 4422 1974 4489 nullus
2040 4420 2628 4511 promovendorum
2696 4419 2777 4488 de
2844 4431 3060 4488 cetero
3126 4420 3414 4511 aliquam
3499 4421 3693 4488 faciat

814 4521 1164 4610 propinam
1210 4521 1376 4608 ipsis
1432 4521 1988 4589 examinatoribus
2048 4522 2167 4588 sub
2225 4523 2527 4588 examine
2583 4530 2696 4588 aut
2748 4522 3173 4610 temptamine
3184 4570 3205 4605 ,
3277 4520 3549 4587 divisim
3587 4531 3695 4587 aut

816 4621 1235 4704 coniunctim,
1304 4642 1424 4708 per
1492 4643 1563 4687 se
1604 4631 1722 4688 aut
1779 4644 1898 4708 per
1940 4621 2169 4705 alium,
2240 4631 2354 4688 aut
2418 4621 2616 4692 alicui
2671 4621 3139 4738 magistrorum
3181 4631 3297 4687 aut
3346 4620 3682 4688 doctorum

820 4721 1049 4808 gracia
1086 4719 1280 4803 illius,
1323 4728 1397 4785 ut
1433 4721 1648 4808 ipsum
1688 4731 2054 4809 promotum
2110 4720 2394 4787 habeant
2436 4721 2557 4789 sub
2602 4723 2900 4788 examine
2940 4729 3055 4787 aut
3093 4722 3538 4810 temptamine,
3576 4718 3689 4787 sub

735 4830 805 4888 40
821 4842 1035 4910 poena
1075 4820 1363 4908 periurii.

986 4925 1047 4990 8.
1088 4919 1253 4985 Item
1294 4918 1541 5007 placet,
1610 4928 1682 4986 ut
1739 4921 2222 4987 examinatores
2278 4943 2453 4989 nunc
2494 4930 2559 4988 et
2599 4922 2670 4987 ιιι
2723 4929 3062 5008 posterum
3102 4917 3430 5008 eligantur
3472 4942 3687 4988 secun-

818 5019 975 5086 dum
1030 5028 1288 5086 sortem.
1384 5019 1462 5085 In
1525 5041 1655 5109 qua
1714 5029 1888 5089 sorte
1955 5020 2196 5108 singuli
2251 5022 2552 5108 magistri
2615 5020 2698 5087 de
2756 5018 3095 5104 facultate,
3134 5020 3205 5085 in
3271 5023 3689 5089 universitate

818 5117 1195 5206 residentes,
1241 5128 1414 5186 stare
1452 5128 1770 5206 tenentur.

874 5324 895 5375 1
936 5318 1219 5376 Hieneben
1254 5336 1345 5375 am
1378 5319 1601 5376 Raude:
1632 5317 1913 5391 disposuit
1931 5318 2209 5389 facultas,
2242 5318 2396 5390 quod
2423 5318 2667 5392 habites&
2698 5318 2762 5374 iu
2795 5318 2984 5384 m.
3010 5316 3362 5389 appu-om,
