4038 6358
1334 657 1437 708 Dis
1472 657 1711 710 Sumen
1749 671 1875 708 vo·
1910 658 2080 709 Jahn-e
2122 658 2270 711 1445.
3109 659 3228 723 271

530 838 591 901 3.
648 833 817 899 Item
858 833 1131 922 quilibet
1173 835 1323 900 talis
1365 837 1693 903 tenebitur
1732 839 1906 902 infra
1947 838 2232 924 primum
2259 833 2420 926 [21⁴⁴]
2445 859 2732 904 mensem
2772 858 2928 902 suae
2971 836 3229 903 electio·

338 933 464 996 nis
508 943 575 997 et
612 934 981 1000 vocationis
1028 936 1276 999 intrare
1329 947 1393 1000 et
1432 935 1801 1002 inhabitare
1855 936 2200 1021 collegium
2255 936 2376 1001 sub
2435 957 2646 1023 poena
2696 936 3023 1001 carentiae
3077 958 3234 1001 snae

342 1032 691 1116 portionis
729 1031 970 1115 totalis,
1014 1055 1351 1121 quousque
1393 1034 1735 1120 collegium
1777 1035 2050 1102 intrabit
2093 1044 2160 1098 et
2198 1034 2616 1102 inhabitabit.

529 1136 593 1195 4.
653 1131 821 1200 Item
862 1131 1136 1219 quilibet
1189 1132 1272 1199 de
1314 1156 1483 1200 novo
1528 1134 1779 1198 intrans
1820 1145 2076 1198 tenetur
2118 1132 2288 1198 infra
2340 1135 2620 1220 primum
2661 1154 2947 1200 mensem
2993 1135 3093 1199 sui
3133 1135 3231 1198 in·

340 1230 600 1294 troitus
642 1229 991 1315 prandium
1032 1254 1217 1298 suum
1258 1253 1379 1318 pro
1418 1231 1692 1317 collegio
1718 1232 1877 1297 dare
1921 1232 2041 1297 sub
2085 1253 2299 1318 poena
2341 1234 2671 1299 carentiae
2702 1232 3019 1319 portionis
3046 1255 3222 1315 suae,
3276 1243 3312 1298 s

346 1325 577 1392 donec
616 1328 861 1393 feeerit.

534 1433 592 1493 5.
652 1428 818 1493 Item
860 1428 1132 1513 quilibet
1173 1430 1371 1495 etiam
1416 1428 1586 1512 talis,
1632 1440 1899 1495 vocatus
1958 1452 2079 1516 per
2125 1439 2617 1515 procuratorem
2656 1428 2930 1515 collegii,
2983 1432 3040 1495 si
3084 1432 3230 1518 quis

350 1523 665 1607 habetur,
719 1526 881 1591 alias
928 1549 1044 1614 per
1085 1530 1467 1614 pincernam
1508 1530 1968 1613 magistrorum
2025 1541 2138 1592 aut
2185 1528 2496 1593 famulum
2551 1530 2927 1615 praepositi,
2978 1537 3233 1595 tenetur

352 1622 528 1688 dare
595 1627 664 1706 ¹l2
727 1624 940 1690 florini
1005 1629 1351 1713 propinam
1411 1626 1653 1709 eidem3
1717 1630 1828 1713 qui
1892 1625 2177 1692 familiae
2237 1627 2664 1692 distribuatur
2707 1627 2830 1693 boc
2891 1626 3101 1711 modo,
3160 1637 3234 1694 ut

352 1731 756 1808 procurator
797 1722 1037 1790 habeat
1080 1725 1493 1791 medietatem
1534 1727 1753 1808 totius,
1796 1727 2120 1792 tertianus
2168 1734 2192 1792 1
2241 1742 2342 1813 95„
2399 1724 2731 1792 residuum
2773 1735 2991 1791 autem
3035 1725 3227 1793 detur
3250 1738 3315 1793 10

359 1843 527 1886 coco
573 1821 678 1886 vel
719 1843 931 1888 cocae.
2215 1849 2236 1863 ·

530 1927 592 1988 6.
650 1921 814 1986 Item
872 1920 1143 2009 quilibet
1198 1921 1579 2009 collegiatus
1636 1932 1777 1988 oret
1837 1945 2100 1989 cursum
2164 1923 2245 1987 de
2303 1922 2496 1988 beata
2549 1923 2805 2009 virgine
2864 1923 3112 2008 Μανίας
3175 1927 3232 1990 si

362 2018 717 2106 presbyter
769 2021 920 2103 fuit,
976 2023 1043 2086 in
1100 2020 1389 2105 qualibet
1444 2021 1855 2087 hebdomada
1912 2021 2093 2088 dicat
2135 2044 2329 2086 unam
2386 2023 2652 2086 missam
2713 2042 2833 2107 pro
2888 2021 3230 2107 defunctis,

359 2141 495 2182 non
538 2118 887 2206 presbyter
928 2118 1125 2184 semel
1166 2119 1429 2205 vigilias
1473 2120 1554 2185 de
1600 2142 1831 2185 novem
1888 2119 2273 2186 lectionibus
2317 2142 2436 2206 pro
2479 2118 2934 2186 fundatoribus
2978 2131 3044 2186 et
3081 2121 3229 2187 aliis

365 2218 626 2303 collegii
685 2218 1241 2300 benefactoribus3
1306 2220 1375 2284 in
1437 2241 1626 2285 sacra
1684 2242 1937 2307 quoque
1999 2219 2327 2304 theologia
2384 2218 2692 2284 lectiones
2752 2218 2978 2284 audiat
3035 2229 3104 2284 et
3157 2222 3224 2285 in
3250 2231 3312 2287 15

365 2316 620 2382 artibus
647 2315 919 2399 laboret,
962 2319 1249 2386 ωακίιιιθ
1276 2319 1333 2384 si
1364 2319 1650 2384 defectus
1681 2321 2144 2405 magistrorum
2183 2319 2394 2400 fuerit,
2440 2315 2598 2405 [21²³]
2623 2323 2974 2406 'quousque
3013 2320 3228 2405 ipsum

366 2418 724 2484 sententias
761 2417 975 2503 legere
1005 2419 1357 2503 contingat,
1399 2429 1481 2501 et,
1527 2419 1725 2484 finitis
1768 2419 2104 2483 sententiis
2145 2418 2519 2503 praedictis,
2563 2417 2666 2482 vel
2709 2419 2776 2482 in
2818 2439 3008 2482 sacra
3050 2418 3228 2484 theo-

366 2514 544 2601 logia
594 2516 791 2601 legat,
836 2516 1189 2583 secundum
1235 2517 1408 2604 quod
1452 2518 1780 2583 videbitur
1833 2516 1958 2582 sibi
2014 2517 2348 2604 expedire,
2406 2517 2528 2584 sub
2581 2539 2792 2603 poena
2843 2517 3231 2601 privationis

368 2616 693 2700 portionis
738 2638 915 2698 suae,
959 2637 1296 2702 quousque
1336 2615 1458 2681 hoc
1502 2617 1745 2682 fecerit.

534 2722 592 2779 7.
654 2714 821 2780 Item
866 2713 1082 2780 nullus
1130 2712 1619 2799 collegiatorum
1654 2714 2028 2781 introducat
2071 2715 2405 2782 mulierem
2449 2723 2817 2801 suspectam
2869 2723 2984 2780 aut
3024 2736 3224 2780 mere-
3243 2725 3316 2782 20

366 2814 594 2879 tricem
634 2815 705 2878 in
751 2813 1093 2898 collegium
1135 2814 1273 2879 sive
1312 2814 1578 2878 bursam
1633 2814 1715 2880 de
1758 2813 1866 2880 die
1921 2815 2060 2880 sive
2112 2825 2323 2895 nocte,
2377 2837 2500 2880 nec
2552 2813 2715 2879 alias
2769 2821 2986 2878 actum
3036 2836 3228 2880 vene-

366 2934 552 2977 reum
594 2912 763 2978 inibi
802 2922 1136 2994 exerceat3
1183 2913 1581 2980 contrarium
1624 2914 1891 2996 faciens,
1937 2914 1995 2978 si
2037 2915 2388 2995 confessus,
2442 2914 2776 2978 convictus
2820 2922 2936 2977 aut
2981 2912 3062 2980 de
3106 2913 3228 2979 hoc

366 3021 712 3096 suspectus
752 3035 829 3078 se
871 3031 1245 3098 expurgare
1284 3011 1669 3095 nequiverit,
1726 3012 1947 3078 decem
1988 3012 2252 3078 florenis
2296 3013 2605 3099 puniatur
2645 3033 2792 3076 cum
2835 3011 3065 3085 effectu
3108 3034 3229 3099 pro

368 3119 697 3176 structura
752 3110 1109 3192 solvendis,
1173 3132 1339 3196 quos
1397 3113 1450 3174 si
1504 3110 1679 3177 infra
1738 3111 2028 3176 triduum
2084 3133 2212 3177 non
2270 3110 2566 3194 solverit,
2632 3109 3054 3197 collegiatura
3112 3134 3231 3178 sua

365 3210 509 3295 ipso
553 3210 729 3276 facto
771 3211 861 3277 sit
901 3211 1216 3298 privatus.
1282 3210 1755 3277 commensalis
1778 3234 1933 3277 vero
1979 3221 2092 3276 aut
2135 3210 2435 3293 humulis,
2478 3212 2546 3275 in
2590 3209 2914 3277 consimili
2951 3221 3312 3279 excessu25

366 3321 686 3395 repertus,
732 3308 941 3374 solvat
990 3332 1110 3396 pro
1157 3330 1370 3395 poena
1413 3319 1688 3396 quatuor
1744 3309 2022 3376 florenos
2077 3311 2248 3377 infra
2300 3309 2603 3394 triduum,
2662 3309 2827 3376 alias
2870 3332 2914 3375 a
2954 3309 3231 3396 collegio

365 3418 431 3472 et
472 3407 683 3473 bursa
720 3418 1036 3495 perpetuo
1078 3409 1165 3474 sit
1203 3406 1523 3475 exclusus.

536 3510 597 3574 8.
660 3507 824 3573 Item
880 3506 1153 3595 quilibet
1204 3506 1603 3592 collegiatus,
1661 3509 1716 3572 si
1770 3507 2008 3573 viderit
2063 3518 2131 3574 et
2180 3508 2521 3591 audiverit,
2566 3509 2739 3596 quod
2795 3509 2962 3575 alius
3019 3510 3228 3596 ipsius

366 3606 618 3693 collega
684 3608 822 3671 sive
884 3605 1390 3691 concollegiatus
1455 3606 1741 3695 aliquam
1800 3607 2134 3673 mulierem
2179 3609 2248 3675 in
2291 3609 2555 3673 civitate
2600 3610 2740 3675 sive
2803 3618 2994 3674 extra
3056 3606 3160 3695 [22
3172 3605 3224 3694 ⁸]

368 3709 592 3775 visitat
633 3708 773 3771 sive
816 3707 876 3771 ei
920 3704 1232 3772 adhaeret
1274 3714 1387 3772 aut
1429 3706 1496 3770 in
1540 3706 1880 3791 collegium
1918 3707 2291 3788 introducit,
2332 3706 2504 3772 unde
2547 3708 2688 3794 ipse
2728 3718 2842 3773 aut
2882 3707 3311 3793 collegiumso

366 3807 432 3872 in
474 3806 683 3893 ipsius
728 3826 1011 3891 persona
1053 3815 1273 3870 notam
1317 3827 1430 3871 seu
1467 3827 1597 3870 non
1654 3805 1892 3871 bonam
1948 3805 2192 3871 famam
2250 3807 2461 3892 possit
2511 3804 2914 3889 contrahere,
2975 3818 3227 3873 tenetur

370 3906 488 3970 sub
540 3929 658 3970 suo
712 3905 1075 3969 iuramento
1135 3905 1349 3991 ipsum
1403 3905 1821 3970 manifestare
1876 3916 1940 3970 et
1991 3904 2384 3971 denunciare
2439 3907 2816 3992 praeposito
2869 3918 2934 3973 et
2992 3909 3231 3975 seniori

371 4006 719 4091 magistr03
776 4015 841 4068 et
884 4004 938 4068 si
981 4005 1392 4090 praepositus
1452 4014 1523 4070 ut
1578 4006 2016 4090 praemittitur
2072 4002 2417 4090 culpabilis
2483 4004 2695 4086 fuerit,
2751 4004 2928 4071 dicat
2974 4005 3226 4072 duobus

368 4101 732 4168 senioribus
778 4103 1130 4189 magistriS,
1191 4103 1301 4190 qui
1345 4101 1426 4169 de
1469 4101 1589 4168 hoc
1631 4101 1976 4189 diligenter
2021 4102 2261 4168 debent
2317 4103 2658 4168 sciscitari.
2741 4104 2829 4170 Et
2883 4106 2938 4170 si
2995 4106 3089 4169 ita
3131 4105 3227 4169 in-

366 4203 682 4283 venerint,
725 4210 877 4267 tunc
905 4200 1179 4267 eundem
1206 4200 1640 4289 collegiatam,
1682 4201 2111 4268 denunciare¹
2154 4226 2283 4268 non
2327 4202 2700 4286 reveland0‚
2745 4205 2875 4291 piis
2904 4202 3125 4269 verbis
3157 4213 3304 4269 et35

369 4300 926 4367 cohortationibus
969 4298 1337 4366 salubribus
1380 4310 1684 4379 moneant
1723 4311 1787 4367 et
1825 4301 2154 4384 inducant,
2196 4311 2267 4368 ut
2307 4301 2675 4369 huiusmodi
2705 4326 3051 4389 personam
3076 4303 3226 4368 visi-

367 4411 507 4467 tare
553 4422 668 4465 seu
721 4399 806 4464 ad
852 4397 1194 4485 collegium
1240 4411 1304 4464 et
1352 4398 1619 4466 bursam
1667 4400 2078 4467 introducere
2137 4411 2516 4489 postponat,
2575 4402 2730 4489 quia
2779 4401 2932 4468 inde
2987 4400 3112 4469 sibi
3165 4412 3231 4466 et

369 4498 640 4586 collegio
703 4506 858 4564 nota
914 4507 977 4563 et
1026 4498 1314 4565 confusio
1370 4509 1592 4586 posset
1645 4501 1936 4582 evenire3
1992 4502 2050 4567 si
2104 4499 2384 4569 secundo
2437 4501 2650 4588 ipsam
2694 4502 3062 4567 visitaverit
3115 4510 3229 4568 aut

370 4598 453 4663 ad
512 4597 859 4684 collegium
923 4597 1061 4663 sive
1116 4597 1383 4664 bursam
1443 4598 1911 4683 introduxerit,
1978 4610 2315 4667 assumant
2369 4600 2690 4687 praedicti
2745 4599 2871 4667 duo
2929 4602 3228 4688 magistri

370 4706 745 4786 sequentem
790 4699 856 4761 in
904 4697 1131 4764 ordine
1175 4698 1494 4763 seniorem
1539 4708 1605 4763 et
1643 4699 1859 4785 ipsum
1909 4698 2193 4765 seeundo
2237 4711 2542 4766 moneant
2603 4699 2795 4766 modo
2843 4701 3311 4787 praemissam

370 4797 563 4877 Quod
608 4798 662 4862 si
705 4812 855 4862 non*
877 4796 1204 4861 curaverit
1243 4796 1358 4861 sed
1403 4797 1470 4862 in
1513 4820 1633 4863 sua
1674 4796 2051 4885 pertina[22
2066 4795 2237 4883 b]cia
2279 4799 2754 4884 perduraverit,
2797 4798 2997 4864 faciat
3039 4821 3226 4886 prae-

369 4898 620 4983 positus
667 4896 1216 4977 convocationem,
1262 4896 1598 4983 praedicto
1644 4897 1989 4983 colleg-iate
2018 4899 2340 4983 pertinaci
2382 4907 2743 4983 praesente,
2793 4910 2856 4962 et
2901 4910 3227 4985 proponat

376 4995 635 5083 publice
696 4997 1110 5082 praepositus
1174 5004 1265 5077 et,
1335 4997 1389 5060 si
1453 4998 1866 5084 praepositus
1929 4999 2123 5061 fuerit
2185 5018 2361 5079 reus,
2424 5006 2576 5061 tunc
2640 4997 2854 5061 senior
2916 4998 3229 5084 magister

370 5095 557 5161 huius
597 5094 1027 5182 pertinaciam
1071 5103 1136 5158 et
1187 5092 1626 5179 rebellionem,
1671 5105 1734 5163 et
1776 5105 1927 5163 tunc
1967 5118 2052 5160 ex
2097 5095 2652 5182 superabundanti
2693 5097 2886 5163 tertio
2930 5098 3230 5184 magistri

538 5317 559 5368 l
606 5307 1092 5366 Wahrscheinlich
1127 5310 1538 5366 dammiantwa
1575 5311 1705 5367 oder
1736 5311 2224 5366 dentum-awanam.
