4038 6358
829 576 951 642 266
1980 575 2093 629 Dan
2126 578 2527 643 Ennencoung.

832 753 1187 841 praedicta,
1244 765 1309 821 et
1360 755 1534 844 quod
1587 756 1857 844 quilibet
1910 781 2150 840 eorum,
2212 769 2273 824 et
2321 758 2494 845 quod
2548 758 2820 847 quilibet
2875 780 3209 826 successor
3254 759 3746 841 cuiuscunque

835 854 1125 939 ipsorum
1189 856 1256 919 in
1320 855 1588 942 collegio
1643 856 1868 922 eodem
1924 857 2296 923 immediate
2350 867 2501 944 post
2555 880 2742 923 suam
2793 857 3169 924 electionem
3209 858 3397 930 ‚iuret
3419 879 3439 919 ε
3533 851 3745 918 liber-

830 961 998 1018 tates
1044 954 1324 1022 nationis
1350 976 1528 1020 ‘suae
1572 954 1739 1020 velle
1791 955 2137 1022 defendere
2181 967 2245 1022 et
2297 956 2536 1022 bonum
2580 959 2884 1040 nationis,
2936 956 3024 1021 ad
3071 975 3555 1041 quemcunque
3605 960 3743 1016 eta·

773 1060 963 1114 tum
1007 1054 1397 1138 pervenerit,
1441 1076 1814 1140 procurare,
1874 1065 1939 1119 et
1977 1057 2216 1138 omnia,
2271 1077 2436 1141 quae
2478 1055 2798 1144 relinquet
2839 1057 2908 1121 in
2949 1054 3183 1136 studiO,
3230 1065 3379 1142 post
3427 1063 3742 1118 mortem

744 1159 778 1214 5
831 1172 1016 1214 suam
1070 1151 1209 1216 sine
1252 1151 1402 1219 dolo
1446 1162 1510 1217 et
1562 1152 1791 1217 fraude
1837 1153 2118 1218 debeant
2169 1175 2454 1237 manere,
2513 1157 2828 1243 quantum
2887 1154 2955 1219 in
3008 1176 3084 1219 eo
3137 1163 3267 1236 est,
3321 1176 3456 1241 pro
3523 1169 3740 1239 prae-

830 1247 1021 1316 dictis
1066 1248 1421 1336 collegiatis
1466 1259 1530 1315 et
1574 1248 2060 1317 successoribus
2101 1273 2343 1317 eorum.

995 1349 1159 1414 Item
1200 1349 1367 1433 volo,
1428 1350 1603 1438 quod
1657 1349 2003 1435 collegium
2049 1351 2224 1417 istud
2279 1352 2586 1418 fimdetur
2624 1354 2693 1418 in
2732 1354 3157 1419 universitate
3195 1349 3567 1439 Liptzensi
3613 1355 3740 1413 aut

832 1447 1174 1534 Pragensi,
1220 1449 1273 1512 si
1316 1450 1508 1514 fuerit
1549 1448 1916 1532 reformata,
1963 1459 2028 1513 et
2062 1450 2256 1534 quod,
2296 1450 2646 1517 decedente
2673 1475 2801 1518 uno
2830 1455 3123 1541 ipsorum
3152 1463 3264 1517 aut
3292 1452 3735 1536 resignante,

829 1544 942 1610 alii
983 1546 1271 1611 habeant
1312 1547 1551 1633 eligere
1591 1548 1658 1610 in
1709 1546 1921 1613 locum
1981 1569 2170 1613 suum
2214 1548 2414 1614 alium
2457 1549 2538 1615 de
2582 1550 2808 1616 eadem
2869 1553 3228 1639 provincia,
3272 1549 3356 1614 de
3395 1569 3550 1634 qua
3597 1547 3732 1611 fuit

752 1653 814 1709 10
832 1644 1150 1710 decedens
1210 1655 1320 1710 aut
1376 1648 1738 1732 resignans,
1799 1649 1894 1712 sic
1944 1656 2185 1729 tamen,
2246 1648 2420 1733 quod
2481 1671 2644 1717 unus
2700 1651 3010 1737 magister
3053 1650 3134 1716 de
3180 1649 3396 1715 Slesia
3444 1645 3728 1736 praesi-

832 1743 1027 1827 debit,
1072 1744 1182 1831 qui
1222 1743 1310 1809 ad
1350 1744 1471 1809 hoc
1514 1766 1633 1831 per
1674 1746 2002 1811 nationem
2044 1755 2337 1812 nostram
2378 1748 2574 1813 fuerit
2615 1748 2981 1836 deputatus.

988 1841 1151 1906 Item
1190 1841 1359 1924 volo,
1418 1842 1608 1931 quod,
1666 1843 2180 1931 quandocunque
2231 1845 2467 1931 aliquis
2509 1846 2763 1913 illorum
2808 1845 3296 1936 collegiatorum
3339 1845 3548 1912 fuerit
3597 1841 3722 1909 ab·

828 1962 977 2005 sens
1019 1940 1189 2006 ultra
1227 1963 1514 2006 mensem
1554 1943 1625 2006 in
1667 1964 1797 2007 uno
1843 1965 2034 2025 ann0,
2089 1944 2262 2033 quod
2304 1955 2459 2010 tunc
2503 1946 2668 2011 alius
2714 1947 3025 2034 magister
3068 1956 3253 2012 extra
3293 1943 3459 2010 illud
3504 1942 3717 2009 colle·

823 2040 1003 2123 gium
1040 2038 1280 2105 habeat
1319 2063 1501 2124 usum
1545 2041 1868 2105 fructtmm
1909 2041 2197 2107 absentis
2241 2053 2306 2107 et
2347 2043 2602 2109 laboret
2642 2067 2763 2132 pro
2810 2046 3055 2111 eodem.

752 2147 808 2200 15
993 2137 1154 2203 Item
1199 2138 1373 2225 quod
1416 2137 1686 2226 quilibet
1729 2162 1946 2205 eorum
1990 2142 2263 2226 singulis
2307 2142 2536 2208 diebus
2582 2155 2721 2209 oret
2767 2165 3028 2210 cursum
3072 2143 3153 2208 de
3194 2142 3390 2207 beata
3413 2142 3710 2228 virgine,

825 2246 889 2300 et
928 2235 1197 2321 quilibet
1238 2260 1477 2317 eorum,
1534 2238 1647 2325 qui
1688 2239 1884 2303 fuerit
1938 2239 2301 2326 presbyter,
2360 2240 2536 2327 legat
2593 2244 2662 2306 in
2715 2241 3024 2332 qualibet
3066 2244 3437 2330 septimana
3491 2263 3707 2306 unam

822 2337 1087 2400 missam
1129 2334 1594 2420 defunctorum,
1654 2346 1718 2400 et
1773 2359 1904 2402 non
1958 2339 2306 2425 presbyter
2361 2340 2560 2405 semel
2603 2341 2867 2426 vigilias
2910 2348 2950 2408 9
2991 2341 3339 2406 lectionum
3385 2362 3509 2428 pro
3547 2341 3702 2405 fun-

830 2433 1166 2499 datoribus
1209 2445 1274 2499 et
1316 2436 1463 2502 aliis
1502 2436 2024 2502 benefactoribus
2067 2437 2389 2523 praedicti
2432 2439 2689 2526 collegii
2731 2441 3003 2505 mortuis
3049 2450 3113 2504 et
3154 2439 3494 2504 defunctis.

989 2533 1154 2598 Item
1198 2535 1375 2621 quod
1432 2534 1710 2620 quilibet
1751 2558 1971 2602 eorum
2017 2536 2243 2602 audiat
2283 2537 2592 2603 lectiones
2637 2541 2705 2604 in
2763 2561 2955 2605 sacra
3007 2537 3336 2624 theologia
3393 2549 3460 2603 et
3510 2537 3696 2602 labo-

742 2639 810 2696 20
827 2640 929 2696 ret
968 2632 1037 2696 in
1080 2633 1350 2734 artibus,
1391 2656 1599 2722 usque
1642 2657 1770 2722 quo
1817 2637 2150 2722 contingat
2191 2657 2334 2701 eum
2373 2635 2592 2722 legere
2634 2641 3004 2703 sententias.
3064 2637 3154 2701 Et
3192 2637 3392 2702 finitis
3437 2647 3693 2701 senten-

820 2732 930 2795 tiis
986 2711 1320 2817 praedicet
1368 2731 1474 2798 vel
1530 2732 1707 2819 legat
1761 2734 1828 2798 in
1883 2756 2073 2800 sacra
2129 2735 2476 2821 theologia,
2537 2737 2889 2802 secundum
2945 2736 3121 2824 quod
3173 2734 3508 2801 videbitur
3560 2735 3689 2800 sibi

821 2829 1151 2916 expedire.

988 2929 1153 2994 Item
1208 2930 1382 3018 quod
1439 2933 1655 2996 senior
1700 2930 2049 3018 presbyter
2103 2932 2187 2998 de
2239 2931 2456 2999 Slezia
2509 2936 2578 2998 in
2636 2934 2862 3000 eodem
2917 2931 3188 3020 collegio
3240 2931 3514 2998 habeat*
3541 2931 3684 2997 reli-

822 3031 1007 3116 quias
1066 3050 1245 3093 meas
1313 3038 1377 3094 et
1440 3029 1710 3096 calicem
1768 3030 1855 3094 ad
1916 3031 2154 3113 vitam,
2223 3041 2286 3097 et
2353 3042 2502 3119 post
2563 3055 2710 3098 eum
2759 3035 2996 3099 iterum
3053 3034 3268 3098 senior
3319 3032 3406 3098 de
3461 3032 3682 3098 eadem

736 3136 802 3193 25
822 3128 1179 3215 provincia.

983 3226 1167 3309 Item,
1224 3230 1281 3293 si
1323 3229 1592 3294 Pruteni
1638 3228 1963 3295 noluerint
1982 3246 1987 3251 ·
2007 3251 2151 3294 esse
2208 3232 2492 3295 contenti
2504 3280 2522 3314 ,
2582 3230 2744 3296 nihil
2797 3231 2984 3297 detur
3027 3233 3144 3313 eis,
3200 3232 3328 3296 nisi
3374 3240 3678 3320 quantum

818 3324 901 3390 de
946 3327 1086 3390 iure
1127 3328 1381 3413 possint
1422 3336 1487 3393 et
1528 3327 1767 3393 debent
1808 3327 2072 3410 habere,
2118 3332 2269 3415 quia
2307 3329 2391 3394 de
2432 3331 2730 3396 omnibus
2767 3332 3025 3397 testatis
3055 3331 3213 3396 mihi
3258 3352 3382 3418 pro
3425 3330 3676 3396 natione

820 3447 945 3490 non
994 3437 1263 3511 possent
1307 3425 1549 3491 habere
1587 3450 1788 3491 unum
1828 3426 2242 3513 collegiatam
2288 3431 2356 3493 in
2397 3427 2510 3493 illo
2552 3429 2828 3516 collegio
2871 3429 3222 3495 fundando.

982 3525 1164 3607 Item,
1207 3548 1337 3590 non
1378 3524 1786 3590 obstantibus
1832 3528 2320 3613 suprascriptiS‚
2365 3528 2533 3610 volo,
2575 3529 2751 3612 quod
2795 3532 3309 3616 suprascriptum
3335 3527 3672 3613 collegium

736 3632 807 3688 30
823 3624 979 3688 fiat¹
1042 3625 1109 3688 in
1178 3624 1419 3707 Slesia,
1496 3624 1553 3690 si
1626 3634 1691 3688 et
1764 3624 2129 3712 ubicunque
2202 3627 2270 3690 in
2347 3647 2427 3690 ea
2497 3627 2877 3694 fundabitur
2949 3627 3234 3694 studium
3307 3626 3669 3714 privilegia·

818 3732 951 3788 tum
959 3770 1398 3790 ........

994 4094 1015 4144 1
1058 4087 1231 4145 Wohl
1263 4089 1532 4159 gemet-kt,
1567 4104 1626 4143 es
1663 4086 1830 4141 heisst
1849 4088 1975 4155 fiat,
2011 4086 2170 4142 nicht
2205 4094 2594 4160 trmwferatur,
2635 4090 2736 4145 wie
2769 4107 2829 4145 es
2867 4089 3012 4147 auch
3049 4089 3192 4145 oben
3229 4089 3430 4145 heisst:
3475 4091 3676 4160 fundo

819 4180 909 4226 tur
944 4173 1005 4226 in
1034 4173 1389 4228 universitate
1424 4172 1711 4245 Liptsevwi
1742 4179 1839 4225 aut
1876 4170 2182 4241 Prayemi!
2250 4172 2636 4244 Monsterberg
2671 4172 2767 4244 lag
2801 4172 3065 4229 hiernach
3099 4174 3197 4229 der
3230 4173 3506 4230 Gedanke
3539 4190 3676 4246 ganz

817 4254 955 4324 feru,
1001 4255 1129 4309 dass
1169 4256 1271 4311 das
1303 4256 1515 4328 Colleg‚
1560 4254 1828 4310 uaehdem
1865 4270 1924 4310 es
1961 4255 2163 4311 einmal
2201 4254 2257 4308 in
2296 4254 2533 4328 Leipzig
2568 4256 2818 4312 wirklich
2866 4276 2966 4312 zur
3002 4258 3320 4328 Griiudung
3354 4257 3676 4328 gekommen

817 4341 912 4407 sei,
948 4342 1135 4411 sp‘a'ter
1165 4340 1310 4396 noch
1346 4340 1507 4396 sollte
1542 4339 1752 4409 verlegt
1788 4338 2005 4394 werden
2043 4339 2282 4394 konnen.
2341 4339 2462 4395 Nur
2493 4339 2584 4395 die
2603 4340 2775 4395 Wahl
2809 4343 2909 4397 der
2941 4347 3124 4397 ersten
3157 4340 3480 4413 Griindung
3513 4340 3678 4395 faute

817 4440 878 4477 er
911 4424 997 4478 ins
1030 4424 1208 4495 Auge.
1280 4425 1389 4481 Um
1424 4423 1573 4479 scine
1606 4421 2049 4478 schwankenden
2085 4422 2539 4494 Bestimmungen
2575 4441 2722 4495 ganz
2760 4443 2832 4480 zu
2864 4425 3166 4496 begreifen,
3210 4442 3362 4479 muss
3398 4441 3532 4480 man
3566 4424 3676 4479 sich

816 4507 1374 4578 vergegenwflrtigen,
1418 4507 1548 4562 dass
1590 4506 1681 4561 die
1715 4505 2095 4563 Verhiiltnisse
2133 4507 2233 4561 der
2268 4507 2610 4563 Universitiit
2641 4509 2701 4562 in
2745 4509 2852 4564 den
2889 4515 3074 4564 ersten
3107 4509 3146 4564 J
3149 4507 3322 4563 ahren
3355 4507 3503 4563 nach
3537 4507 3678 4563 ihrer

815 4591 1131 4662 Griindung
1166 4590 1310 4646 noch
1343 4589 1470 4645 selu·
1501 4590 1758 4645 unsieher
1788 4606 1971 4645 waren
2007 4590 2120 4644 und
2155 4606 2214 4644 es
2248 4591 2406 4645 nicht
2437 4590 2548 4646 fest
2583 4592 2764 4661 stand,
2801 4593 2876 4648 ob
2899 4592 3046 4648 ihtes
3069 4592 3329 4647 Bleibens
3359 4591 3420 4645 in
3445 4591 3678 4662 Leipzig

814 4674 935 4730 sein
964 4674 1165 4730 wiirde.
1212 4673 1396 4730 Selbst
1429 4673 1572 4729 noch
1612 4679 1741 4729 1429
1778 4673 2090 4731 bestimmte
2125 4672 2390 4745 Henuing
2424 4674 2722 4745 Hildensis,
2756 4672 2940 4732 indem
2976 4692 3038 4733 er
3067 4676 3190 4731 dem
3223 4688 3454 4748 grosseti
3490 4670 3678 4746 Colleg

813 4760 937 4815 eine
970 4758 1147 4813 Burse
1182 4758 1469 4814 iiberliess:
1528 4760 1683 4811 debet
1719 4761 1907 4813 eadem
1945 4758 2112 4811 bursa
2145 4760 2227 4812 ad
2255 4761 2477 4813 mandem
2509 4762 2830 4830 mayistmm
2871 4760 3220 4829 Henninymn
3256 4760 3429 4814 libere
3461 4759 3674 4827 reverti,

813 4844 869 4899 εἰ
900 4844 961 4897 ὄπ
992 4845 1111 4897 vita
1145 4860 1247 4897 sua
1291 4843 1622 4897 univer-sitas
1660 4842 1978 4912 Lipcsevm's
2011 4843 2244 4896 cessabit
2277 4843 2366 4896 vel
2400 4844 2772 4913 ιέἰεεοὼαίυνς
2822 4844 2930 4916 vgl.
2972 4843 3115 4898 oben
3153 4846 3264 4912 184,
3298 4848 3381 4898 39.
3451 4843 3531 4897 Es
3567 4858 3677 4896 war

812 4927 987 4982 daher
1019 4944 1113 4980 um
1162 4930 1288 4980 1416
1322 4942 1427 4995 gar
1461 4924 1604 4981 wohl
1641 4926 1699 4979 in
1735 4925 2133 4996 Ueberlegung
2167 4942 2238 4979 zu
2276 4923 2481 4992 ziehen,
2528 4926 2601 4981 ob
2641 4944 2772 4981 man
2805 4924 3054 4982 wirklieh
3093 4928 3152 4981 in
3184 4927 3424 4998 Leipzig
3455 4926 3673 4982 bleibeu

814 5010 927 5065 und
973 5010 1102 5065 dort
1145 5006 1235 5064 die
1268 5009 1585 5080 Griiudung
1627 5010 1725 5064 doe
1758 5008 1981 5080 Collegs
2019 5007 2354 5064 vomehmen
2388 5009 2559 5065 wolle.
2614 5010 2916 5067 Vielleicht
2959 5012 3135 5081 hiingt
3177 5010 3267 5065 die
3309 5009 3674 5081 mehnjahrigo

819 5097 1119 5166 Zssgerung
1153 5092 1238 5147 bis
1285 5108 1387 5147 zur
1418 5092 1797 5164 Auffiohtung
1839 5094 1935 5148 des
1970 5091 2193 5163 Collega
2237 5092 2429 5146 hiemit
2465 5108 2799 5150 mammen.
2866 5092 3154 5151 Nachdem
3201 5110 3333 5148 man
3383 5094 3519 5150 aber
3559 5093 3674 5149 sich

811 5176 978 5233 daffir
1023 5174 1376 5232 entschieden
1425 5176 1539 5230 und
1580 5182 1707 5233 1422
1756 5176 1849 5232 die
1888 5176 2309 5246 Anerkennung
2356 5176 2453 5230 des
2499 5176 2720 5250 Collegs
2767 5194 2877 5235 von
2930 5178 3119 5235 seiten
3166 5178 3266 5233 des
3308 5176 3667 5249 Mukgrafon

810 5261 1096 5334 eingeholt
1128 5259 1300 5331 hatte,
1335 5259 1519 5315 ‹im-ste
1552 5276 1685 5315 man
1721 5259 1881 5314 nicht
1908 5260 2092 5315 ferner
2124 5259 2383 5329 einseitig
2415 5276 2488 5315 an
2521 5260 2646 5317 eine
2679 5263 3005 5335 Vei-legun&
3039 5262 3276 5319 denken.
3344 5260 3452 5316 Die
3483 5260 3665 5316 Statu·
