4038 6358
894 640 974 701 54
1860 644 1961 694 Die
1992 645 2229 696 Statuten
2269 659 2391 696 vom
2424 647 2589 697 Jahre
2633 652 2758 697 1⁴10

1862 832 1957 894 13.
1982 828 2003 868 ¹
2069 842 2184 896 Ans
2218 849 2338 897 dem
2372 848 2536 898 Jahre
2582 847 2760 900 14122.

1051 962 1100 1020 1.
1157 954 1231 1020 Si
1288 959 1430 1041 quis
1488 956 1569 1022 de
1614 960 1971 1046 suppositis
2012 963 2452 1027 universitatis
2499 985 2643 1027 cum
2687 962 2958 1045 balista,
3013 961 3234 1049 gladio
3276 963 3380 1029 vel
3421 963 3583 1029 aliis
3632 984 3732 1027 ar·

881 1055 1004 1119 mis
1065 1054 1504 1141 deprehensus
1558 1058 1749 1123 fuerit
1802 1060 1906 1125 vel
1961 1059 2045 1126 de
2086 1061 2209 1128 hoc
2247 1063 2608 1145 convictus,
2661 1061 2890 1148 perdet
2931 1062 3266 1146 balistam,
3325 1062 3634 1150 gladium
3674 1071 3740 1127 et

884 1153 1016 1218 alia
1054 1177 1258 1237 arma,
1309 1166 1374 1221 et
1415 1156 1586 1223 ultra
1629 1157 1751 1223 hoc
1796 1158 2003 1225 solvet
2045 1162 2452 1226 universitati
2497 1160 2843 1227 dimidium
2883 1160 3199 1228 florenum
3245 1184 3374 1249 pro
3409 1184 3658 1252 poena.

831 1281 864 1335 5
1048 1276 1106 1336 2.
1159 1268 1324 1335 Item
1376 1271 1619 1337 nullum
1675 1276 2081 1361 suppositum
2133 1277 2575 1342 universitatis
2619 1277 2700 1343 de
2737 1286 2927 1342 nocte
2965 1286 3115 1363 post
3156 1277 3417 1365 pulsum
3465 1299 3736 1366 campa—

884 1392 1009 1435 nae
1066 1371 1377 1457 praetorii
1434 1370 1677 1456 absque
1729 1374 2050 1459 legittima
2107 1384 2170 1440 et
2223 1376 2605 1442 racionabili
2666 1399 2865 1442 causa
2924 1374 3097 1466 [10⁸]
3113 1426 3133 1460 ,
3196 1375 3279 1442 de
3321 1401 3453 1466 qua
3500 1377 3744 1443 docere

891 1470 1129 1538 debeat
1174 1492 1392 1535 coram
1436 1472 1875 1556 universitate,
1917 1475 1987 1538 in
2030 1476 2293 1539 civitate
2336 1487 2447 1540 aut
2490 1484 2679 1541 extra
2719 1477 2787 1540 in
2831 1475 3161 1542 suburbiis
3195 1477 3507 1564 vagando
3539 1474 3746 1541 vadat

888 1580 1004 1637 aut
1058 1568 1373 1635 clamores
1424 1572 1688 1636 suscitet
1745 1582 1857 1637 aut
1908 1574 2093 1659 ignes
2133 1572 2236 1639 vel
2281 1574 2411 1640 alia
2452 1575 2679 1640 illicita
2718 1575 2894 1640 facta
2935 1585 3297 1663 perpetret,
3351 1576 3478 1642 sub
3527 1598 3744 1665 poena

882 1669 1082 1737 medii
1135 1668 1365 1735 floreni
1422 1679 1535 1747 aut
1589 1669 1710 1735 sub
1766 1694 1978 1758 poena
2037 1673 2429 1738 exclusionis
2487 1683 2553 1739 et
2605 1677 2942 1739 carenciae
2989 1673 3364 1741 libertatum
3406 1683 3477 1742 et
3524 1697 3741 1740 como-

809 1780 871 1836 10
889 1768 1120 1836 dorum
1161 1768 1359 1833 studii
1398 1770 1583 1833 iuxta
1620 1769 2021 1837 voluntatem
2065 1781 2131 1837 et
2171 1771 2512 1837 arbitrium
2552 1775 3019 1839 universitatis.

1052 1887 1110 1949 3.
1162 1884 1325 1948 Item
1362 1882 1592 1949 ludens
1632 1886 1701 1949 in
1742 1885 2031 1951 tabernis
2075 1887 2352 1974 publicis
2395 1887 2481 1955 ad
2520 1887 2784 1954 taxillos
2828 1898 2892 1954 et
2934 1889 3015 1955 de
3060 1890 3183 1956 hoc
3223 1892 3570 1956 convictus
3618 1888 3737 1956 sol-

885 1992 994 2050 vet
1034 2006 1232 2049 unum
1273 1982 1607 2049 florenum.
1694 1983 1765 2050 Si
1814 1987 2198 2053 secundario
2223 1989 2292 2052 in
2312 1987 2436 2054 hoc
2462 1988 2903 2075 deprehensus
2931 1989 3143 2073 fuerit,
3190 1989 3396 2056 solvet
3426 1988 3738 2078 duplum;

887 2085 944 2149 si
996 2083 1196 2149 tercio
1214 2132 1233 2167 ,
1286 2083 1569 2170 triplum.
1666 2083 1738 2150 Si
1787 2107 1907 2150 nec
1962 2085 2176 2151 adhuc
2230 2109 2300 2152 se
2355 2087 2833 2172 emendaverit,
2893 2089 3198 2155 citabitur
3251 2090 3339 2155 ad
3394 2089 3743 2156 consilium

886 2184 1362 2266 universitatis,
1407 2191 1470 2247 et
1512 2182 1671 2249 illud
1716 2183 1989 2251 dictabit
2029 2206 2308 2272 poenam
2350 2186 2738 2255 exclusionis
2783 2188 2885 2254 vel
2929 2188 3158 2272 aliam,
3197 2199 3391 2277 prout
3435 2189 3594 2276 plus
3638 2190 3734 2254 vi·

812 2294 872 2350 15
892 2282 1153 2350 debitur
1192 2281 1520 2369 expedire.

1055 2404 1112 2465 4.
1168 2399 1330 2464 Item
1395 2399 1449 2462 si
1507 2399 1653 2485 quis
1712 2398 1793 2465 de
1836 2401 2191 2487 suppositis
2233 2403 2675 2467 universitatis
2719 2402 2901 2468 illum
2942 2404 3165 2471 ludum
3177 2430 3212 2488 ,·
3256 2406 3368 2494 qui
3410 2404 3735 2488 „liberum

885 2498 1137 2566 forum“
1180 2498 1603 2562 communiter
1645 2498 2013 2587 appellatur
2027 2549 2044 2581 ,
2099 2501 2462 2566 exercuerit
2514 2501 2617 2566 vel
2659 2500 2812 2567 dum
2856 2513 3193 2569 exercetur
3238 2526 3560 2592 praesens
3605 2502 3738 2568 fue-

887 2600 975 2665 rit
1032 2607 1144 2663 aut
1194 2595 1374 2661 illum
1426 2598 1877 2663 exercentibus
1924 2601 2353 2683 consenserit,
2419 2601 2628 2667 solvet
2666 2625 2785 2689 pro
2831 2625 3043 2690 poena
3082 2626 3276 2670 unam
3318 2603 3597 2669 bursam
3641 2600 3740 2666 vel

887 2707 1137 2764 tantum
1195 2705 1505 2784 quantum
1559 2720 1680 2784 pro
1736 2699 2042 2785 expensis
2083 2721 2202 2785 per
2243 2722 2439 2765 unam
2484 2700 2915 2768 ebdomadam
2958 2703 3211 2769 solvere
3253 2704 3629 2785 consuevit,
3684 2701 3737 2766 si

804 2809 872 2865 20
892 2793 1061 2886 [10¹²]
1107 2805 1205 2861 est
1248 2805 1435 2860 extra
1472 2794 1761 2862 bursam.

1057 2918 1114 2979 5.
1165 2912 1327 2976 Item
1370 2921 1615 2995 rector,
1676 2915 1786 3001 qui
1843 2936 1963 3001 pro
2006 2920 2298 3003 tempore
2337 2916 2563 3000 fuerit,
2613 2916 2921 3005 deinceps
2978 2917 3097 2984 sub
3140 2920 3508 2985 iuramento
3557 2927 3737 2983 tene-

886 3014 1060 3079 bitur
1102 3020 1486 3098 extorquere
1529 3033 1775 3098 poenas
1818 3013 2276 3080 excedencium
2319 3028 2546 3082 contra
2587 3025 2829 3083 statuta
2866 3019 3339 3102 universitatis,
3393 3020 3587 3084 iuxta
3625 3015 3730 3081 de-

886 3112 1416 3178 terminacionem
1459 3120 1523 3176 et
1566 3111 1894 3177 decretum
1937 3123 2213 3202 quatuor
2258 3116 2719 3202 magistrorum
2763 3117 2845 3184 de
2888 3128 3161 3207 quatuor
3192 3117 3584 3186 nacionibus
3614 3115 3737 3183 sibi

889 3212 1323 3281 assidencium
1370 3220 1434 3277 et
1475 3234 1597 3298 pro
1643 3211 1886 3277 eisdem
1934 3213 2272 3300 exigendis
2318 3214 2791 3301 deputatorum.

804 3341 873 3398 25
1055 3333 1114 3394 6.
1163 3328 1329 3394 Item
1371 3326 1616 3393 nullum
1666 3331 2074 3417 suppositum
2117 3331 2559 3398 universitatis
2603 3332 2795 3399 debet
2833 3335 3147 3420 impetere
3190 3336 3458 3401 accione
3499 3334 3611 3404 vel
3650 3333 3738 3398 ul-

892 3432 1105 3508 cione,
1162 3450 1280 3515 per
1330 3451 1400 3493 se
1453 3427 1558 3493 vel
1614 3450 1732 3515 per
1781 3428 2009 3512 alium,
2072 3428 2314 3496 directe
2370 3431 2477 3497 vel
2516 3431 2862 3517 indirecte,
2926 3434 3128 3500 verbo
3170 3435 3275 3500 vel
3313 3435 3519 3518 facto,
3575 3432 3738 3499 infli-

887 3539 1143 3618 gentem
1183 3527 1290 3593 vel
1328 3527 1693 3613 infligentes
1739 3528 1865 3593 sibi
1906 3551 2205 3617 poenam
2247 3529 2351 3596 vel
2396 3553 2640 3618 poenas
2684 3555 2801 3618 pro
2849 3534 2981 3598 suis
3011 3533 3387 3599 excessibus
3421 3545 3539 3600 aut
3568 3533 3741 3598 illam

891 3629 997 3694 vel
1051 3627 1199 3692 illas
1253 3626 1573 3693 dictantes
1629 3638 1743 3693 aut
1787 3640 2173 3716 extorquere
2212 3631 2546 3712 iuvantes,
2603 3630 2725 3696 sub
2770 3654 2984 3718 poena
3025 3642 3284 3699 centum
3325 3632 3742 3713 florenorum,

895 3749 1168 3816 quorum
1213 3725 1623 3792 medietatem
1663 3727 1834 3794 ultra
1873 3739 2125 3795 reatum
2166 3731 2456 3819 periurii,
2501 3731 2674 3818 quod
2718 3731 3191 3798 contrafaciens
3233 3734 3507 3799 incurrit
3529 3734 3560 3775 ²
3599 3734 3738 3818 ipso

809 3828 1100 3909 30fact0,
1162 3825 1366 3891 solvet
1414 3824 1509 3890 illi
1560 3826 1664 3892 vel
1715 3827 1873 3912 illis,
1929 3851 2117 3914 quem
2174 3829 2278 3895 vel
2337 3852 2497 3917 quos
2557 3831 2650 3894 sic
2702 3830 2955 3917 impetit
3006 3843 3117 3897 aut
3155 3832 3488 3916 molestat3
3547 3831 3741 3898 aliam

854 3957 859 3962 ·
891 3948 1049 3993 vero
1092 3923 1509 3990 medietatem
1553 3926 1761 3992 solvet
1801 3930 2226 3996 universitati.

1062 4048 1119 4108 7.
1168 4041 1330 4107 Item
1383 4043 1773 4109 universitas
1831 4043 2025 4110 debet
2074 4044 2348 4110 fideliter
2402 4052 2466 4109 et
2520 4067 2665 4111 cum
2720 4045 2950 4112 effectu
3009 4048 3315 4114 assistere
3369 4048 3618 4115 rectori
3673 4052 3734 4110 et

897 4143 1030 4207 suis
1073 4141 1511 4207 assessoribus
1556 4142 1681 4208 sibi
1727 4140 2203 4232 condepu[11⁸]
2222 4144 2407 4226 tatis,
2463 4166 2584 4232 pro
2628 4150 2854 4231 poenis
2899 4146 3362 4234 extorquendis
3405 4159 3469 4213 et
3511 4167 3730 4213 exces-

896 4240 1075 4306 sibus
1142 4240 1564 4326 corrigendis.
1649 4242 1738 4308 Et
1793 4245 1847 4308 si
1903 4266 2290 4331 quemquam
2348 4267 2571 4309 eorum
2626 4248 3051 4312 communiter
3105 4246 3210 4330 vel
3268 4248 3531 4312 divisim
3548 4295 3571 4329 ,
3627 4243 3734 4308 du·

812 4349 1084 4407 35rante
1127 4363 1242 4406 suo
1285 4340 1497 4410 officio
1542 4341 1647 4407 vel
1687 4351 1836 4429 post
1878 4342 2420 4431 quandocunque,
2480 4345 2810 4430 contingat
2866 4355 3135 4433 propter
3191 4346 3314 4411 hoc
3355 4347 3583 4433 impeti
3629 4351 3736 4409 aut

897 4461 1280 4527 quocunque
1332 4439 1523 4505 modo
1581 4444 1920 4508 occasione
1976 4444 2364 4507 extorsionis
2418 4464 2774 4529 poenarum
2818 4441 3184 4512 huiusmodi
3229 4454 3341 4510 aut
3385 4444 3732 4511 correccio-

892 4523 995 4604 nis
1039 4560 1423 4604 excessuum
1465 4539 1828 4623 molestari,
1874 4551 2115 4606 extunc
2157 4543 2548 4606 universitas
2587 4545 2735 4630 ipsa
2778 4543 2974 4610 debet
3012 4568 3082 4610 se
3123 4544 3496 4634 huiusmodi
3534 4546 3731 4631 impe-

893 4638 1195 4704 fitoribus
1247 4639 1500 4704 fortiter
1543 4661 1873 4727 opponere
1916 4663 1995 4705 ac
2036 4649 2352 4706 rectorem
2394 4651 2459 4706 et
2500 4663 2864 4709 assessores
2908 4644 3240 4730 praefatos
3283 4655 3346 4711 et
3388 4642 3733 4732 quemlibet

1036 4893 1058 4943 1
1097 4887 1209 4943 Die
1240 4887 1509 4943 nachsten
1545 4893 1575 4942 7
1609 4886 1857 4943 Αὴεὲικθ
1913 4887 2035 4942 sind
2084 4892 2247 4943 unter
2279 4887 2404 4943 dem
2438 4888 2736 4945 Rectorate
2770 4890 2869 4946 des
2904 4890 3087 4947 Jacob
3118 4892 3412 4949 Rodewicz
3449 4909 3557 4948 von
3594 4891 3733 4949 Jena

896 4972 972 5026 im
1006 4970 1507 5027 Sommersemester
1550 4977 1679 5027 1412
1717 4971 2082 5027 beschlossen.
2149 4971 2278 5044 Vgl.
2312 4972 2586 5030 Urkundl.
2626 4973 2859 5040 Quellen
2896 4974 2953 5033 S.
2990 4981 3118 5041 601.
3162 4977 3285 5034 Aus
3307 4976 3569 5033 walchem
3597 4973 3732 5033 Jahr

902 5054 992 5110 die
1026 5053 1144 5109 sich
1178 5055 1536 5111 unmittelbar
1567 5057 1744 5111 daran
1779 5056 2181 5113 schliessenden
2213 5063 2481 5112 stammen
2497 5099 2510 5125 ‚
2545 5058 2706 5113 weiss
2740 5058 2831 5112 ich
2863 5059 3022 5115 nicht
3053 5061 3392 5133 anzugeben.

1034 5158 1063 5208 2
1098 5154 1181 5208 Im
1216 5155 1570 5212 Rationarius
1608 5154 1730 5211 fisci
1762 5157 1847 5214 Bl.
1885 5162 1915 5213 3
1928 5163 1956 5202 b
1992 5158 2141 5214 steht
2179 5160 2424 5213 incurret
2428 5178 2453 5227 ,·
2505 5156 2655 5214 diese
2689 5159 2959 5215 Variante
3006 5161 3082 5216 ist
3130 5161 3221 5216 fiir
3257 5162 3574 5235 Erklfirung
3626 5159 3727 5215 die-

901 5254 988 5293 ses
1031 5236 1278 5293 Artikels
1319 5240 1477 5295 nicht
1522 5240 1840 5314 unwichtig.
1912 5241 2023 5299 Die
2072 5242 2497 5313 Einzeichnung
2538 5242 2598 5297 in
2642 5243 2750 5297 den
2794 5244 3153 5301 Rationarius
3187 5247 3260 5301 ist
3291 5264 3404 5302 von
3435 5247 3535 5303 det
3571 5243 3726 5303 nand

825 5361 828 5364 ,
901 5323 999 5379 des
1025 5323 1259 5379 Rectors
1292 5323 1465 5380 selbst
1499 5324 1838 5397 ausgeffihrt.
