4038 6358
840 584 961 650 318
1833 582 1932 634 Die
1968 581 2406 648 philosophische
2441 581 2700 636 Faculffit.

1005 776 1064 835 5.
1122 766 1284 831 Item
1329 763 1555 830 eodem
1610 762 1736 846 die,
1789 763 1955 847 loco,
2011 776 2083 830 ut
2146 787 2364 853 supra,
2417 764 2793 832 conclusum
2834 773 2900 829 et
2940 770 3250 829 statutum
3304 761 3452 844 fuit,
3505 758 3706 850 quod

837 865 1111 956 quilibet
1150 863 1558 930 baccalarius
1615 864 1681 928 in
1724 862 1973 928 artibus
2030 873 2285 931 tenetur
2340 868 2408 930 in
2461 857 2720 931 ordine*
2747 886 2861 929 suo
2919 863 3026 928 die
3083 860 3404 928 dominico
3460 860 3702 947 dispu-

836 979 995 1033 tare.
1037 964 1253 1045 Quam
1295 963 1812 1052 disputacionem
1847 962 2132 1050 decanus
2174 974 2426 1029 tenetur
2470 963 2597 1029 sibi
2637 962 2723 1028 ad
2767 973 2910 1029 octo
2956 962 3095 1027 dies
3137 970 3288 1028 ante
3326 982 3445 1049 per
3479 961 3699 1024 farnu-

838 1067 969 1132 lum
996 1063 1456 1131 universitatis
1497 1063 1814 1145 intimare,
1870 1063 1990 1127 sub
2036 1085 2249 1151 poena
2301 1063 2525 1129 decem
2576 1085 2969 1149 grossorum,
3022 1084 3180 1149 quos
3232 1060 3513 1125 decanus
3561 1055 3701 1124 sub

749 1180 782 1235 5
837 1189 952 1232 suo
1009 1167 1370 1229 iuramento
1427 1171 1679 1226 tenetur
1732 1162 2028 1247 rigorose
2090 1174 2475 1251 extorquere
2529 1161 2613 1227 ab
2668 1161 2910 1229 eodem.
2997 1159 3087 1225 Et
3134 1158 3287 1224 talis
3345 1158 3698 1246 disputans

834 1289 953 1353 pro
997 1288 1144 1330 eum
1189 1260 1599 1328 visitantibus
1639 1261 1810 1326 ultra
1861 1260 2087 1326 decem
2138 1284 2406 1348 grossos
2456 1284 2585 1327 non
2633 1271 2951 1347 exponat,
3014 1259 3134 1325 sub
3177 1280 3391 1347 poena
3432 1255 3696 1323 mediae

838 1384 1225 1450 sexagenae,
1279 1384 1472 1446 quam
1531 1359 1812 1424 decanus
1868 1359 1988 1424 sub
2034 1382 2246 1447 poena
2300 1363 2525 1448 priori,
2581 1359 2826 1426 scilicet
2865 1361 3233 1443 iuramenti,
3280 1366 3529 1423 tenetur
3571 1378 3692 1422 ex·

829 1476 1149 1551 torquere.
1233 1460 1324 1525 Et
1385 1458 1598 1525 nullus
1658 1457 2068 1525 baccalarius
2129 1459 2324 1525 debet
2378 1460 2631 1525 admitti
2696 1458 2782 1524 ad
2835 1468 3234 1546 temptamen
3288 1480 3411 1545 pro
3472 1455 3694 1543 gradu

833 1562 1209 1650 magisterii,
1261 1562 1389 1625 nisi
1438 1560 1505 1623 in
1562 1560 1967 1625 consciencia
2021 1581 2139 1623 sua
2194 1558 2387 1642 dicat,
2443 1558 2616 1647 quod
2663 1581 2973 1646 praesens
3029 1557 3100 1623 in
3139 1555 3346 1622 XXX
3389 1554 3687 1642 disputa·

761 1676 824 1732 10
842 1661 1135 1730 cionibus
1211 1659 1559 1725 ordinariis
1629 1656 2141 1726 baccalariorum
2216 1657 2567 1744 arguebat,
2642 1659 2698 1723 si
2769 1657 2984 1723 locum
3053 1655 3372 1744 arguendi
3440 1653 3689 1723 habere

879 1763 1055 1829 otuit.

832 1787 875 1852 p
997 1867 1057 1928 6.
1102 1855 1223 1947 [Bl.
1249 1854 1391 1945 55⁸]
1434 1857 1597 1922 Item
1642 1855 1866 1921 eodem
1907 1856 2033 1938 die,
2076 1855 2240 1939 loco,
2292 1864 2364 1921 ut
2407 1879 2628 1943 supra,
2671 1857 3042 1923 conclusum
3085 1864 3149 1921 et
3191 1863 3498 1921 statutum
3538 1853 3684 1936 fuit,

834 1958 1005 2049 quod
1044 1958 1259 2024 nullus
1303 1956 1682 2022 admittatur
1738 1954 1823 2020 ad
1878 1965 2004 2019 tem
2010 1964 2271 2042 ptamen
2315 1956 2904 2041 magistrandorum
2959 1954 3066 2022 vel
3124 1976 3400 2019 examen
3447 1951 3681 2018 bacca·

832 2057 1295 2139 lariandorum,
1337 2057 1465 2120 nisi
1506 2076 1727 2119 coram
1771 2054 2015 2119 decano
2059 2065 2125 2118 et
2166 2053 2718 2120 examinatoribus
2762 2056 2830 2119 in
2874 2077 2993 2121 sua
3037 2054 3443 2120 consciencia
3485 2052 3679 2134 dicat,

752 2172 813 2227 15
834 2159 1007 2249 quod
1051 2154 1403 2245 quemlibet
1440 2154 1842 2238 magistrum,
1888 2176 1927 2217 a
1971 2176 2098 2241 quo
2138 2153 2488 2218 leccionem
2530 2152 2634 2218 vel
2672 2155 3065 2219 exercicium
3108 2152 3380 2237 audivit,
3422 2162 3678 2217 conten·

825 2269 960 2324 tum
1007 2256 1125 2322 sub
1168 2255 1453 2320 leccione
1493 2252 1599 2317 vel
1645 2254 1966 2318 exercicio
2018 2253 2206 2336 fecit3
2271 2253 2435 2318 alias
2492 2253 2578 2318 ad
2633 2263 3029 2342 temptamen
3070 2252 3176 2319 vel
3228 2274 3504 2317 examen
3548 2273 3676 2316 non

827 2358 1225 2437 admittatur,
1266 2354 1393 2418 nisi
1432 2351 1629 2417 talem
1672 2351 2026 2417 leccionem
2045 2351 2149 2417 vel
2194 2354 2593 2418 exercicium
2640 2352 3024 2419 secundario
3069 2350 3396 2417 audiverit
3438 2360 3502 2414 et
3539 2360 3674 2416 tam

827 2457 908 2522 de
965 2457 1175 2543 primo
1229 2476 1427 2541 quam
1484 2450 1767 2517 secundo
1823 2453 2155 2537 magistris
2213 2452 2619 2517 satisfecerit.
2706 2451 2798 2516 Et
2847 2450 3044 2518 talem
3095 2459 3358 2537 reputat
3399 2448 3672 2515 facultas

823 2557 1159 2642 magistris
1204 2552 1614 2632 satisfecisse,
1657 2551 1767 2637 qui
1814 2549 1933 2614 sub
1976 2550 2254 2615 lectione
2293 2550 2396 2615 vel
2440 2552 2762 2616 exercicio
2781 2555 2784 2556 ⁷
2801 2552 3114 2637 magistro
3157 2551 3226 2615 in
3269 2550 3673 2615 consciencia

744 2665 813 2721 20
832 2677 953 2720 sua
1009 2653 1196 2737 dixit,
1253 2649 1425 2739 quod
1477 2647 1677 2715 nichil
1733 2647 1973 2714 habeat
2029 2649 2156 2715 sibi
2209 2649 2369 2715 dare
2419 2649 2525 2714 vel
2583 2648 2992 2715 commodose
3044 2649 3193 2736 plus
3248 2647 3429 2732 dare,
3483 2670 3668 2733 quam

828 2753 1032 2820 voluit
1088 2752 1214 2816 sibi
1259 2751 1437 2832 dare,
1492 2751 1547 2814 si
1601 2747 1764 2813 alias
1817 2772 1943 2813 non
1995 2750 2205 2836 potuit
2255 2772 2400 2814 eum
2456 2759 2843 2815 contentare.
2927 2748 3017 2813 Et
3072 2746 3155 2813 de
3207 2748 3393 2835 prius
3438 2746 3667 2812 auditis

833 2865 1086 2920 tenetur
1124 2852 1438 2936 magistro
1482 2857 1633 2912 ante
1672 2848 1906 2911 festum
1950 2849 2157 2913 sancti
2199 2847 2539 2914 Michaelis
2583 2849 2975 2931 satisfacere,
3021 2845 3141 2912 sub
3181 2846 3411 2911 eadem
3449 2868 3667 2934 poena.

996 2957 1050 3017 7.
1095 2951 1257 3016 Item
1301 2947 1527 3014 eodem
1581 2945 1687 3011 die
1737 2946 2112 3012 conclusum
2159 2958 2222 3013 et
2278 2957 2589 3012 statutum
2647 2947 2788 3030 fuit,
2843 2946 3019 3034 quod
3076 2945 3360 3011 decanus
3418 2947 3484 3010 in
3527 2967 3664 3010 con-

826 3048 1283 3119 vocacionibus
1325 3046 1651 3112 facultatis
1689 3069 1819 3111 non
1861 3048 2166 3132 propinet
2204 3047 2284 3112 de
2321 3048 2616 3134 pecuniis
2658 3045 2982 3112 facultatis
3019 3047 3148 3111 nisi
3184 3054 3480 3132 tempore
3520 3066 3664 3111 suae

742 3163 809 3220 25
828 3150 1172 3218 eleccionis
1225 3158 1289 3213 et
1330 3146 1671 3212 eleccionis
1716 3146 2250 3229 examinatorum,
2303 3157 2366 3211 et
2411 3157 2563 3212 tunc
2605 3169 2735 3212 una
2770 3147 2916 3211 vice
2958 3144 3130 3211 ultra
3171 3154 3453 3230 quatuor
3493 3167 3660 3232 gros·

828 3276 938 3319 sos
982 3273 1110 3316 non
1155 3254 1459 3335 exponat,
1520 3244 1642 3311 sub
1685 3267 1895 3331 poena
1937 3248 2236 3333 periurii3
2298 3260 2364 3313 et
2403 3270 2521 3335 pro
2566 3246 2896 3312 locacione
2935 3245 3152 3311 fienda
3192 3244 3439 3310 nullam
3483 3266 3661 3332 pecu·

828 3354 1006 3417 niam
1052 3349 1274 3436 capiat
1311 3345 1417 3411 vel
1458 3355 1748 3410 reservet
1764 3347 1801 3426 ¹,
1844 3343 1966 3408 sub
2011 3345 2233 3411 eadem
2279 3369 2505 3434 poena.

987 3455 1046 3517 8.
1098 3449 1260 3513 Item
1305 3444 1677 3510 conclusum
1736 3444 1858 3508 fuit
1917 3453 1982 3508 et
2042 3452 2348 3509 statutum
2404 3445 2628 3512 eodem
2686 3445 2811 3528 die,
2866 3455 2939 3510 ut
2980 3468 3111 3510 non
3153 3443 3481 3531 eligantur
3521 3465 3657 3508 exa·

824 3552 1176 3616 minatores
1217 3542 1809 3632 magistrandorum
1853 3544 1980 3607 nisi
2024 3554 2175 3630 post
2215 3545 2716 3633 inscripcionem
2764 3544 3132 3611 eorundem.

737 3660 807 3717 ³0
987 3654 1047 3716 9.
1099 3647 1261 3713 Item
1314 3643 1540 3709 eodem
1595 3641 1701 3707 die
1743 3641 2115 3708 conclusum
2166 3644 2289 3708 fuit
2340 3654 2405 3710 et
2462 3655 2790 3728 statutum,
2846 3643 3022 3733 quod
3062 3667 3184 3709 nec
3226 3643 3516 3709 decanus
3552 3663 3661 3707 nec

823 3749 1059 3836 aliquis
1100 3745 1617 3811 examinatorum
1673 3764 1714 3806 a
1764 3740 2267 3808 baccalariando
2324 3754 2614 3831 tempore
2667 3743 2988 3809 examinis
3041 3743 3262 3830 capiat
3314 3741 3421 3807 vel
3473 3742 3658 3807 faciat

822 3850 973 3936 capi
1023 3846 1197 3912 ultra
1244 3866 1364 3910 sex
1419 3863 1702 3928 grossos,
1760 3848 1824 3905 et
1866 3863 1907 3905 a
1949 3841 2396 3928 magistrando
2439 3843 2610 3909 ultra
2653 3841 2896 3928 decem,
2953 3841 3072 3908 sub
3115 3864 3326 3931 poena
3379 3842 3655 3929 periurii,

826 3947 1107 4034 demptis
1144 3955 1363 4009 tamen
1406 3941 1717 4029 pecuniiS,
1764 3963 1924 4028 quas
1968 3963 2089 4027 pro
2130 3938 2291 4006 locis
2333 3952 2631 4007 tenentur
2674 3941 2847 4008 dare.

996 4053 1090 4113 10.
1132 4044 1295 4109 Item
1337 4040 1563 4106 eodem
1605 4039 1710 4104 die
1756 4039 2130 4106 conclusum
2173 4040 2293 4105 fuit
2335 4052 2400 4109 et
2451 4050 2777 4125 statutum,
2833 4051 2906 4107 ut
2945 4041 3158 4106 nullus
3203 4042 3654 4126 magistrorum

737 4155 805 4212 35
826 4145 930 4213 vel
988 4146 1193 4210 eciam
1236 4138 1749 4208 baccalariorum
1803 4138 2091 4226 aliquam
2150 4140 2499 4207 leccionem
2553 4140 2730 4227 legat
2784 4142 2852 4205 in
2911 4140 3102 4206 scolis
3161 4139 3494 4206 facultatis
3534 4140 3656 4205 nisi

820 4244 1085 4313 indutus
1113 4241 1341 4308 habitu
1376 4237 1738 4325 magistrali
1770 4237 1875 4331 vel
1916 4237 2291 4323 baccalarii,
2336 4240 2457 4305 sub
2496 4256 2710 4328 poena
2739 4241 2928 4306 unius
2970 4240 3215 4324 flor-eni,
3260 4262 3453 4328 quem
3494 4249 3654 4306 tene-

818 4356 925 4412 tur
967 4344 1253 4410 decanus
1296 4340 1416 4407 sub
1456 4341 1817 4405 iuramento
1859 4347 2264 4426 extorquere.

1846 4642 1947 4703 27.
2004 4658 2168 4707 Vom
2205 4657 2416 4709 Jahre
2456 4659 2629 4711 1436.

989 4759 1114 4850 [Bl.
1154 4755 1299 4846 55b]
1355 4756 1548 4825 Anno
1605 4753 1851 4822 domini
1905 4753 2247 4835 millesimo
2291 4754 2822 4824 CCCCXXXVI
2873 4758 2946 4823 in
2998 4756 3318 4822 decanatu
3369 4756 3651 4843 magistri

734 4863 1001 4930 40Petri
1041 4861 1122 4926 de
1149 4858 1478 4940 Budissin,
1519 4856 1697 4921 facta
1738 4853 1932 4941 plena
1974 4856 2487 4941 congregacione
2529 4857 2989 4942 magistrorum
3032 4854 3113 4921 de
3153 4855 3425 4923 consilio
3465 4854 3650 4921 facul·

815 4963 991 5045 tatis,
1035 4961 1104 5025 in
1147 4957 1253 5023 die
1295 4965 1661 5022 sanctorum
1699 4953 1939 5019 Felicis
1980 4963 2045 5018 et
2070 4953 2351 5019 Adaucti
2396 4958 2587 5039 (1436
2627 4962 2684 5018 d.
2730 4961 2827 5025 30.
2857 4953 3138 5045 Auyust),
3183 4965 3430 5023 statuta
3467 4955 3649 5022 infra·

822 5062 1068 5147 scripta
1110 5056 1533 5139 concorditer,
1575 5054 1753 5125 nullo
1793 5053 2293 5139 contradicente,
2339 5066 2487 5120 sunt
2528 5054 2851 5123 conclusa.

971 5246 996 5300 1
1035 5237 1409 5299 Geeehrieben
1444 5236 1592 5294 steht
1624 5245 1878 5294 reem-vat.
