4038 6358
924 622 1044 687 310
1877 621 1978 672 Die
2014 621 2450 686 philosophische
2486 621 2742 673 Facultat.

919 803 1153 891 aliquis
1193 802 1649 889 magistrorum
1692 802 1889 868 alium
1931 813 2121 868 extra
2159 804 2319 869 istos
2360 804 2686 889 recipere3
2732 801 2847 867 sed
2889 813 3229 891 postquam
3258 819 3503 867 omnes
3549 796 3796 884 recepti

925 903 1181 985 fuerint,
1224 903 1464 989 poterit
1507 904 1620 990 qui
1660 902 1959 969 residuus
2000 904 2195 969 fuerit
2235 904 2530 993 recipere
2567 902 2829 987 librum,
2875 923 3342 990 quemcumque
3388 897 3712 966 voluerit.

1687 1043 1747 1102 4.
1790 1054 1884 1103 nn
1929 1053 2491 1104 com-mummuli
2536 1052 2995 1102 onnnufflmu.

1085 1153 1421 1235 Quartum.
1488 1152 1779 1234 Quilibet
1819 1156 2299 1241 magistrorum,
2353 1153 2681 1240 recipiens
2722 1151 3146 1238 ordinarium,
3187 1149 3539 1219 tenebitur
3583 1149 3799 1238 ipsum

840 1265 873 1321 5
924 1278 1042 1342 per
1086 1277 1156 1320 se
1196 1252 1572 1319 continuare
1614 1253 1717 1319 vel
1758 1254 2051 1322 facultati
2093 1255 2427 1341 resignare
2470 1263 2621 1320 ante
2661 1253 2898 1319 festum
2942 1251 3137 1319 Galli.

1558 1395 1616 1454 5.
1661 1406 1753 1452 nn
1793 1404 2225 1454 vAcANtrmns
2269 1403 2667 1453 onnmARns
2708 1402 3127 1452 nonnum.

1084 1502 1412 1584 Quintum.
1490 1502 1561 1568 Si
1614 1505 1682 1568 in
1736 1525 1892 1568 casu
1948 1502 2182 1591 aliquis
2235 1504 2697 1589 magistrorum
2752 1512 2903 1590 post
2954 1502 3401 1588 incepcionem
3459 1520 3792 1564 novarum

924 1603 1286 1672 leccionum
1349 1601 1644 1667 similiter
1707 1604 2024 1690 inciperet
2084 1601 2299 1688 legere
2358 1625 2543 1667 suum
2599 1601 2999 1668 ordinarium
3056 1611 3120 1667 et
3175 1622 3308 1666 non
3368 1600 3795 1665 continuaret

919 1723 1125 1790 usque
1167 1700 1253 1766 ad
1294 1701 1506 1784 finem,
1560 1725 1688 1767 non
1731 1710 1949 1788 potest
1990 1701 2179 1768 alteri
2218 1703 2556 1788 resignare
2598 1700 2686 1765 ad
2728 1699 3257 1782 continuandum,
3304 1697 3421 1764 sed
3462 1695 3687 1764 stabit
3724 1698 3787 1761 in

841 1812 904 1868 10
926 1802 1272 1867 dictamine
1310 1801 1635 1867 facultatis
1674 1800 2007 1866 residuum
2051 1800 2572 1866 continuandum.

1471 1938 1715 2028 6301111
1752 1950 1941 2012 Quor
1982 1951 2450 2000 Aunmn'rmns
2496 1950 2602 1998 sn*
2646 1951 3207 2000 commtmmns.

1088 2050 1378 2116 Sextum.
1451 2047 1741 2130 Quilibet
1781 2050 2102 2137 recipiens
2145 2049 2546 2116 ordinarium
2588 2049 2910 2115 tenebitur
2952 2052 3328 2116 continuare
3373 2070 3524 2113 cum
3568 2044 3778 2111 tribus

920 2149 1329 2218 audientibus
1372 2148 1459 2214 ad
1500 2151 1726 2214 minus.

1584 2271 1642 2331 7.
1682 2284 1777 2331 nn
1818 2283 2254 2332 RECEPOIONE
2294 2284 2654 2332 onnnunn
2693 2285 2766 2333 m
2806 2285 3087 2334 mann.

844 2393 903 2449 15
1090 2381 1472 2470 Septimum,
1510 2383 1702 2470 -quod
1745 2382 2016 2473 quilibet
2056 2384 2369 2469 magister
2411 2381 2605 2448 debet
2661 2406 2804 2450 esse
2853 2383 3114 2449 indutus
3156 2383 3385 2449 habitu
3430 2404 3556 2471 pro
3615 2387 3771 2443 tem·

920 2504 1079 2571 pore
1120 2483 1521 2569 recepcionis
1567 2483 1932 2549 ordinarii.¹

1532 2738 1590 2802 8.
1639 2728 1763 2819 [Bl.
1807 2739 1886 2801 50
1898 2730 1949 2819 Ιι]
1995 2750 2092 2799 ΒΕ
2137 2749 2529 2811 Quinum
2569 2750 3139 2800 nxumu‘ronuu.
3193 2707 3202 2714 ²

1083 2864 1270 2931 Anno
1329 2864 1571 2930 domini
1623 2864 1747 2929 ΜΟ.
1801 2864 2080 2933 00000.
2139 2865 2204 2931 Χ
2263 2867 2331 2931 in
2386 2865 2706 2932 decanatu
2761 2866 3059 2953 magistri
3107 2866 3444 2932 Vincencii
3503 2865 3762 2933 Griiner

917 2966 986 3031 in
1042 2963 1147 3030 die
1205 2965 1411 3030 sancti
1463 2963 1769 3028 Ieronimi
1831 2961 2023 3048 (1410
2077 2971 2132 3032 d.
2190 2971 2286 3034 30.
2342 2965 2736 3049 September),
2791 2965 2966 3031 facta
3019 2964 3214 3052 plena
3265 2966 3758 3053 congregatione

839 3073 909 3130 20
928 3065 1391 3151 magistrorum
1435 3062 1515 3127 de
1556 3061 1820 3128 consilio
1862 3063 2207 3147 facultatis,
2250 3064 2619 3130 conclusum
2661 3065 2782 3129 fuit
2824 3074 2887 3129 et
2927 3075 3256 3148 statutum,
3296 3065 3472 3131 nullo
3512 3073 3754 3130 contra·

920 3163 1192 3244 dicente,
1251 3161 1423 3249 quod
1482 3160 1695 3228 nullus
1752 3163 2207 3250 magistrorum
2253 3164 2406 3251 eligi
2450 3162 2685 3230 debeat
2724 3165 2792 3229 in
2835 3165 3345 3231 examinatorem
3392 3166 3784 3231 examinan·'

923 3263 1154 3329 dorum
1194 3264 1265 3328 in
1305 3261 1572 3344 artibus,
1615 3263 1745 3328 nisi
1781 3266 1892 3352 qui
1934 3263 2390 3352 complevisset
2430 3263 2782 3352 byennium
2822 3273 2887 3330 et
2927 3276 3110 3331 actus
3156 3286 3308 3330 suos
3351 3275 3416 3330 et
3454 3288 3593 3330 cum
3637 3262 3753 3328 hoc

919 3372 1091 3430 esset
1128 3372 1277 3428 actu
1320 3384 1569 3448 regens.

1354 3502 1414 3563 9.
1459 3513 1578 3573 Qm
1619 3512 1808 3560 mm
1848 3511 2157 3561 Possum·
2197 3513 2439 3561 Aunnu
2477 3513 2615 3561 Pno
2665 3513 2917 3563 ‘rnncu
2953 3512 3314 3563 anmoim.

837 3622 903 3681 25
1083 3612 1246 3678 Item
1302 3611 1529 3678 eodem
1581 3610 1688 3677 die
1742 3613 1811 3676 in
1861 3610 2086 3676 eadem
2141 3613 2651 3699 congregacione
2703 3612 3073 3678 conclusum
3129 3612 3251 3678 fuit
3306 3623 3372 3679 et
3429 3623 3742 3692 statutum,

918 3711 1096 3778 nullo
1151 3710 1650 3793 contradicente,
1702 3710 1877 3799 quod
1931 3710 2218 3798 quilibet,
2274 3711 2496 3777 volens
2557 3710 2783 3777 audire
2835 3711 3039 3777 libros
3094 3711 3181 3777 ad
3231 3712 3499 3798 gradus,
3553 3710 3742 3777 solum

925 3809 1153 3876 audire
1199 3808 1435 3876 debeat
1473 3808 1638 3875 duas
1694 3809 2011 3876 lecciones
2051 3811 2119 3874 in
2161 3809 2266 3875 die
2308 3808 2390 3874 de
2441 3809 2626 3875 libris
2669 3809 2756 3876 ad
2811 3808 3055 3897 gradus
3098 3821 3162 3877 et
3199 3835 3331 3877 non
3373 3813 3610 3900 poterit
3645 3833 3742 3876 au·

925 3908 1065 3974 dire
1109 3907 1384 3995 aliquem
1422 3931 1543 3996 pro
1586 3910 1790 3974 tercia
1823 3909 2126 3992 leccione,
2170 3909 2295 3973 nisi
2334 3908 2739 3975 Priscianum
2781 3907 3146 3976 breviorem
3185 3921 3249 3977 et
3286 3911 3546 3999 loycam
3585 3910 3735 3975 Hes·

922 4008 1040 4073 bri.
1124 4007 1196 4072 Si
1238 4030 1393 4074 vero
1440 4030 1625 4074 secus
1664 4008 1914 4091 fecerit,
1967 4031 2097 4075 non
2152 4009 2282 4074 sint
2322 4006 2485 4073 tales
2525 4007 2677 4074 libri
2721 4009 2846 4075 sibi
2889 4011 3304 4099 computandi
3344 4034 3468 4100 pro
3517 4010 3738 4076 auditis

837 4116 905 4172 30
925 4106 1010 4172 ad
1052 4105 1314 4193 gradus.

1443 4212 1533 4272 10.
1576 4223 1673 4270 nn
1712 4222 2037 4271 ‘remmus
2074 4223 2477 4274 nncclomm
2517 4226 2789 4275 mmo
2834 4226 2925 4275 ET
2965 4227 3233 4277 mum.

1086 4322 1251 4388 Item
1304 4320 1529 4387 eodem
1584 4320 1688 4386 die
1741 4321 1809 4385 in
1865 4321 2094 4387 eadem
2148 4324 2657 4411 congregacione
2709 4324 3081 4391 conclusum
3132 4327 3254 4391 fuit
3308 4337 3373 4392 et
3428 4337 3736 4408 statutum,

921 4419 1096 4486 nullo
1160 4420 1657 4501 contradicente,
1719 4419 1892 4506 quod
1953 4421 2271 4487 lecciones
2335 4422 2649 4489 librorum
2708 4423 2795 4488 ad
2861 4424 3106 4511 gradus
3165 4425 3488 4492 finiendae
3545 4434 3741 4492 essent

922 4520 1107 4585 iuxta
1147 4520 1453 4586 terminos
1505 4518 1832 4607 praefixos
1887 4521 1954 4584 in
2010 4519 2226 4586 studio
2279 4522 2722 4587 universitatis
2779 4523 3149 4611 Pragensis,
3201 4525 3504 4591 videlicet
3544 4526 3737 4591 maxi·

843 4627 911 4684 35
934 4642 1129 4700 mum,
1173 4617 1343 4683 ultra
1379 4618 1554 4707 quod
1590 4641 1740 4703 non,
1784 4629 1848 4683 et
1881 4619 2236 4703 minimum,
2275 4620 2448 4685 infra
2487 4620 2660 4709 quod
2698 4644 2844 4691 non.
2927 4623 3058 4705 Qui
3098 4626 3356 4690 termini
3396 4626 3568 4691 infra
3606 4647 3734 4691 con·

922 4718 1150 4804 scripti
1193 4719 1614 4784 continentur.

1846 4824 1941 4887 11.
1988 4832 2083 4884 DE
2125 4835 2351 4886 LIBRIS
2392 4837 2487 4885 AD
2532 4836 2822 4889 GRADUS.

1083 4933 1246 4999 Item
1288 4930 1392 4997 die
1435 4940 1499 4996 et
1547 4932 1707 5017 loco,
1760 4933 1990 5020 quibus
2049 4957 2266 5024 supra,
2321 4935 2564 5022 placuit
2616 4938 2948 5023 magistris
3003 4962 3120 5026 pro
3172 4950 3327 5006 tunc
3376 4940 3729 5006 facultatem

920 5029 1572 5121 repraesentantibus,
1631 5032 1805 5119 quod
1856 5032 2007 5099 libri
2068 5056 2189 5122 pro
2247 5034 2562 5120 gradibus
2619 5037 2977 5123 magisterii
3033 5048 3098 5104 et
3149 5038 3619 5106 baccalariatus
3670 5040 3730 5103 in

1080 5202 1101 5253 1
1140 5196 1393 5252 Hienach
1428 5196 1518 5251 ein
1552 5201 1737 5268 spaten-
1769 5195 2163 5269 eingeheftetes
2196 5197 2411 5256 weisses
2443 5197 2601 5254 Blatt
2636 5198 2745 5270 (Bl.
2779 5205 2861 5272 49,
2896 5219 2966 5257 zu
3001 5200 3083 5257 BL
3124 5206 3190 5259 42
3226 5202 3499 5277 gehon-lg).
3555 5203 3727 5275 vergi

922 5280 1191 5338 Urkundl.
1225 5281 1471 5351 Quellen,
1512 5281 1567 5336 S.
1602 5285 1715 5338 824.
