4038 6358
810 638 930 702 456
1779 636 1880 686 Die
1922 631 2366 698 philosophische
2405 632 2662 683 Facultfit.

807 819 1050 884 arcium
1097 819 1581 900 continuantur,
1623 816 1769 882 ideo
1812 815 2028 903 placet
2044 866 2062 899 ,
2107 815 2280 904 quod
2338 814 2633 880 decetero
2690 813 2960 899 singulis
3010 812 3480 879 mutationibus
3535 811 3659 877 sub

808 927 988 984 certa
1020 917 1335 1001 mercede,
1380 919 1436 983 si
1470 940 1633 1004 opus
1665 918 1876 1000 fuerit,
1921 917 2187 1004 deputet
2231 915 2481 1004 aliquos
2523 915 2890 1001 magistros,
2934 913 3001 977 in
3025 910 3659 977 mathematicalibus

809 1021 1055 1106 peritos
1098 1027 1163 1082 et
1200 1019 1572 1101 instructOS,
1615 1017 1701 1082 ad
1741 1016 2089 1103 legendum
2143 1024 2208 1080 et
2259 1013 2767 1082 continuandum
2817 1012 3108 1079 utiliores
3161 1011 3371 1080 libros
3415 1013 3487 1076 in
3526 1035 3659 1076 ma-

807 1119 1157 1183 thematica
1171 1168 1188 1201 ,
1232 1128 1303 1182 ut
1343 1116 1684 1182 Euclidem
1701 1166 1719 1199 ,
1762 1118 2245 1203 perspectivam
2284 1135 2702 1195 communem,
2746 1112 3099 1178 theoricam
3141 1112 3552 1201 planetarum
3591 1121 3658 1177 et

721 1229 756 1283 5
813 1218 1074 1283 similes.
1159 1217 1247 1282 Et
1278 1216 1650 1282 huiusmodi
1683 1215 2000 1281 mercedis
2034 1238 2150 1280 seu
2188 1225 2413 1302 pastus
2453 1213 2862 1279 taxacionem
2901 1211 3148 1279 decano
3191 1234 3316 1300 pro
3361 1220 3657 1298 tempore

813 1317 1121 1382 existenti
1165 1327 1229 1382 et
1270 1318 1402 1381 suis
1448 1315 1808 1380 senioribus
1849 1314 2129 1380 facultas
2177 1314 2531 1380 committit.

1538 1552 1593 1612 9.
1645 1566 1736 1612 nn
1780 1565 2242 1614 an'rlomnus
2288 1563 2926 1616 CONCURRENTmUS.

974 1716 1318 1782 Lectiones
1353 1725 1805 1778 concurrentes
1829 1714 2227 1800 recipiantur
2256 1714 2440 1778 iuxta
2464 1714 2712 1782 senium
2746 1714 3204 1799 magistrorum
3234 1720 3298 1776 et
3327 1712 3649 1799 antiquam

815 1814 1381 1895 consuetudinem,
1426 1813 1521 1876 sic
1565 1813 1736 1901 quod
1781 1812 1908 1878 duo
1951 1813 2247 1899 magistri
2289 1813 2611 1898 recipiant
2653 1834 2878 1894 unam,
2922 1835 3119 1900 quam
3165 1808 3340 1899 [14⁸]
3387 1811 3649 1900 quisque

732 1925 794 1979 10
813 1937 930 2001 per
985 1936 1054 1978 se
1104 1914 1471 1995 continuet,
1530 1935 1936 2001 nequaquam
1991 1911 2178 1976 alteri
2233 1933 2426 1999 quam
2502 1933 2615 1975 suo
2685 1912 3091 1977 concurrenti
3155 1910 3241 1975 ad
3314 1908 3647 1996 legendum

812 2011 1079 2078 eandem
1126 2013 1443 2097 assignet,
1499 2012 1617 2076 sub
1678 2034 1890 2097 poena
1953 2011 2293 2076 carenciae
2348 2012 2841 2097 acturegenciae
2896 2034 3012 2098 per
3073 2009 3447 2075 huiusmodi
3506 2020 3649 2075 tem·

816 2135 961 2199 pus,
1021 2132 1147 2197 quo
1188 2111 1557 2177 huiusmodi
1610 2110 1919 2176 lectiones
1971 2110 2304 2197 leguntur,
2359 2133 2484 2198 quo
2528 2110 2614 2175 ad
2655 2112 3089 2197 resignantem
3135 2119 3198 2175 et
3239 2111 3652 2197 recipientem

812 2210 1183 2276 huiusmodi
1225 2211 1569 2276 lectionem
1613 2220 2115 2275 concurrentem.

1287 2450 1381 2512 10.
1437 2461 1556 2507 UBI
1595 2461 1686 2508 m·
1737 2460 1878 2521 Quo
1916 2461 2181 2509 murm
2220 2460 2608 2510 Lacu-lomes
2651 2460 2815 2508 LEGI
2856 2460 3200 2509 onnam-r.

735 2620 792 2673 15
976 2606 1219 2690 Placet,
1267 2609 1437 2696 quod
1462 2608 1737 2694 quilibet
1768 2609 1988 2693 lector,
2026 2609 2272 2674 habens
2306 2608 2646 2674 lectionem
2690 2632 2810 2698 pro
2855 2632 2969 2674 suo
3013 2609 3343 2675 ordinario
3366 2609 3473 2675 vel
3517 2633 3653 2676 con·

812 2709 1130 2789 currenti,
1175 2707 1368 2773 debet
1423 2731 1568 2773 eam
1620 2708 1835 2794 legere
1894 2710 1962 2772 in
2013 2707 2241 2773 habitu
2295 2708 2658 2794 magistrali
2716 2718 2778 2772 et
2831 2710 3025 2773 mitra
3079 2732 3192 2774 seu
3247 2708 3460 2774 bireto
3515 2732 3649 2774 cum

816 2806 1144 2893 scapulari
1186 2806 1531 2892 diligenter
1575 2818 1642 2872 et
1680 2808 2007 2873 fructuose
2049 2808 2222 2873 omni
2261 2807 2367 2872 die
2406 2807 2655 2894 legibili
2699 2816 2764 2872 et
2814 2830 2942 2873 non
2985 2805 3142 2873 alibi
3187 2831 3381 2897 quam
3427 2810 3498 2874 in
3544 2832 3651 2897 pu·

813 2905 983 2972 blico
1023 2904 1319 2987 lectorio,
1362 2907 1488 2970 nisi
1532 2908 1917 2990 constiterit,
1963 2905 2134 2995 quod
2177 2905 2514 2972 lectorium
2567 2905 2810 2972 habere
2865 2930 2993 2972 non
3049 2909 3321 2995 poterit3
3380 2917 3537 2974 tunc
3579 2907 3653 2973 de

808 3006 1032 3070 favore
1067 3003 1297 3069 decani
1339 3003 1516 3094 alibi,
1557 3015 1628 3070 ut
1669 3008 1737 3069 in
1783 3005 1971 3071 stuba
2015 3007 2497 3094 communitatis
2543 3005 2813 3071 alicuius
2851 3006 3104 3094 collegii
3147 3016 3260 3072 aut
3279 3007 3522 3074 bursae
3548 3031 3654 3073 seu

727 3106 881 3168 zoin
921 3102 1321 3170 habitatione
1365 3127 1483 3169 sua
1527 3106 1813 3193 propria,
1858 3105 2076 3191 legere
2116 3107 2372 3191 poterit.
2456 3106 2544 3170 Et
2585 3128 2716 3171 non
2759 3108 2935 3171 omni
2978 3106 3083 3172 die
3124 3106 3371 3193 legibili
3412 3106 3651 3194 legens,

811 3203 983 3291 quod
1040 3205 1410 3269 visitatores
1470 3227 1590 3291 pro
1644 3214 1935 3292 tempore
1992 3206 2343 3271 existentes
2404 3205 2650 3270 decano
2715 3204 3106 3298 denunciare
3160 3216 3499 3290 tenentur,
3563 3209 3651 3273 et¹

809 3304 1090 3368 monitus
1135 3326 1204 3367 se
1249 3302 1595 3367 emendare
1633 3326 1765 3368 non
1804 3307 2149 3387 curaverit,
2194 3306 2261 3368 in
2310 3304 2529 3390 aliqua
2567 3308 2864 3392 portione
2907 3314 3134 3393 pastus
3178 3309 3507 3393 puniatur.
3584 3306 3650 3372 Si

818 3412 1036 3468 autem
1095 3403 1352 3466 omnino
1411 3401 1747 3487 negligens
1817 3413 2113 3491 repertus
2183 3403 2377 3468 fuerit
2389 3453 2413 3486 ,
2473 3406 2658 3469 iuxta
2726 3426 3000 3493 poenam
3073 3408 3409 3471 carenciae
3482 3417 3651 3472 actu-

811 3502 1154 3587 regenciae
1197 3499 1281 3565 ad
1325 3511 1569 3566 certum
1613 3511 1868 3589 tempus
1912 3508 2220 3591 puniatur
2263 3513 2328 3568 et
2369 3503 2536 3569 alius
2593 3503 2795 3569 lector
2839 3505 2907 3569 in
2951 3504 3087 3581 eius
3128 3503 3340 3571 locum
3385 3529 3507 3594 per
3548 3505 3651 3573 de·

725 3609 793 3666 25
814 3623 1043 3666 canum
1085 3610 1150 3667 et
1192 3602 1479 3666 seniores
1521 3600 1850 3666 facultatis
1888 3613 2280 3689 surrogetur.

962 3815 1073 3898 v11.
1128 3849 1518 3899 LECTIONES
1560 3851 1862 3913 ALIQUAE
1908 3852 2046 3901 PRO
2093 3851 2328 3901 GRADU
2373 3855 2447 3902 m
2490 3853 3035 3905 CANICULARIBUS
3077 3858 3171 3905 AD
3215 3857 3494 3906 TEMPUS

1893 3969 2175 4017 DEBENT
2221 3970 2573 4019 SUSPENDI.

975 4111 1259 4197 Placuit,
1319 4116 1491 4202 quod
1555 4117 1767 4183 nullus
1836 4120 2296 4205 magistrorum
2364 4120 2432 4184 in
2493 4118 2721 4185 diebus
2782 4121 3261 4188 canicularibus
3331 4125 3651 4189 continuet

812 4233 996 4275 suam
1040 4210 1381 4278 lectionem
1442 4216 1556 4280 sed
1619 4239 1762 4282 eam
1807 4241 2010 4306 usque
2054 4217 2141 4282 ad
2184 4217 2375 4283 finem
2415 4218 2785 4285 huiusmodi
2825 4220 3076 4287 dierum
3123 4223 3500 4311 suspendat,
3545 4246 3649 4288 ex—

724 4320 793 4376 30
815 4310 1020 4397 ceptis
1084 4309 1296 4399 longis
1365 4313 1786 4399 lectionibus,
1853 4316 2157 4383 videlicet
2222 4318 2650 4405 phisicorum,
2720 4320 3217 4409 metaphisicae,
3277 4321 3651 4406 ethicorum,

808 4409 1245 4497 polliticorum
1289 4423 1352 4477 et
1392 4412 1686 4480 Euclidis
1702 4464 1721 4499 ,
1764 4439 1928 4502 quae
1969 4427 2244 4504 possunt
2285 4417 2372 4482 ad
2412 4419 2806 4506 quindenam
2849 4429 2912 4484 et
2958 4442 3087 4485 non
3144 4421 3316 4487 ultra
3356 4424 3426 4486 in
3467 4444 3650 4508 prae-

811 4509 1005 4575 dictis
1046 4510 1276 4576 diebus
1320 4513 1650 4599 suspendi,
1694 4515 2130 4603 computando
2173 4526 2390 4582 tamen
2432 4526 2649 4583 textus
2690 4517 2946 4583 illarum
2984 4518 3331 4587 lectionum
3373 4518 3459 4587 ad
3499 4534 3649 4587 tem·

809 4633 931 4697 pus
976 4632 1015 4674 a
1060 4610 1372 4691 facultate·
1409 4613 1774 4699 praefixum
1819 4639 1933 4681 seu
1988 4617 2297 4681 terminos
2358 4617 2724 4684 earundem.
2825 4617 2898 4683 Si
2956 4630 3173 4686 tamen
3229 4620 3466 4709 aliquis
3520 4645 3648 4687 ma·

807 4712 1165 4796 gistrorum
1209 4733 1292 4774 ex
1339 4733 1535 4777 causa
1578 4712 1703 4802 hys
1750 4714 1977 4787 diebus
2035 4737 2216 4779 suam
2274 4714 2613 4782 lectionem
2673 4718 3049 4784 continuare
3091 4720 3401 4804 voluerit,
3457 4721 3649 4786 faciat

722 4808 933 4874 35hoc
977 4808 1057 4873 de
1101 4809 1375 4875 licencia
1415 4823 1477 4876 et
1523 4835 1840 4879 consensu
1880 4812 2140 4898 decani,
2185 4815 2315 4902 qui,
2360 4808 2586 4882 audita
2626 4839 2824 4882 causa
2864 4819 3269 4904 racionabili,
3315 4819 3648 4908 indulgere

808 4908 1049 4995 poterit
1091 4917 1155 4974 et
1195 4911 1265 4974 in
1305 4913 1644 4998 paciencia
1687 4914 1868 5002 (quia
1906 4914 2186 4980 fructum
2229 4914 2445 4999 affert)
2499 4914 2820 4983 tollerare.

987 5312 1008 5364 1
1046 5309 1124 5363 Es
1158 5308 1320 5364 sollte
1353 5310 1410 5365 ei
1440 5309 1656 5368 heissen
1691 5317 1829 5369 statt
1861 5322 1912 5370 et
