4038 6358
1188 617 1457 671 Entwiirfe
1486 628 1585 669 au
1621 618 1726 670 den
1768 616 1975 669 Jahn-en
2012 616 2361 672 1443-1446.
3095 621 3216 686 359

1366 804 1423 866 2.
1474 817 1570 866 nn·
1610 802 2215 868 nmmunom¹

508 917 679 984 Item
740 938 826 984 ne
890 938 1125 985 nomen
1187 919 1697 1010 dispensationis
1766 920 1839 984 in
1902 917 2398 1007 dissipationem
2452 926 2866 985 convertatur
2915 927 2980 984 et
3030 927 3102 983 ut
3151 919 3222 984 in

305 1013 739 1084 lectionibus
812 1017 1153 1087 audiendis
1225 1022 1436 1089 maior
1487 1019 1837 1105 diligencia
1895 1017 2286 1084 scholarium
2350 1017 2735 1084 adhibeatur
2751 1066 2768 1098 ,
2843 1016 2924 1083 de
3003 1027 3218 1084 cetero

313 1136 550 1204 super
595 1139 980 1206 quacunque
1021 1118 1518 1207 dispensacione
1561 1119 1847 1186 decanus
1891 1127 2204 1185 convocet
2247 1127 2453 1183 totum
2499 1116 2838 1183 consilium
2881 1115 3211 1182 facultatis

312 1214 460 1285 sub
524 1216 748 1284 debito
805 1218 1109 1307 praestiti
1158 1219 1505 1286 iuramenti
1563 1217 1651 1286 ad
1712 1217 2243 1306 conspiciendum
2295 1217 2643 1306 qualitates
2687 1239 3042 1304 parvorum
3083 1217 3214 1283 dis·
3263 1227 3297 1282 5

310 1317 808 1402 pensacionem
856 1319 1231 1407 „petencium
1247 1367 1266 1401 ,
1334 1342 1419 1385 an
1473 1320 1606 1387 sint
1646 1341 1723 1385 co
1764 1369 1780 1385 .
1826 1375 1838 1387 .
1886 1366 1903 1384 .
1955 1374 1969 1386 .
2013 1340 2199 1382 arum
2242 1325 2307 1383 et
2350 1316 2767 1383 honestarum
2808 1316 3218 1385 locutionum.

308 1413 443 1481 Ad
492 1416 673 1506 qnod
713 1418 1132 1485 consimiliter
1176 1419 1463 1485 decanus
1506 1418 1629 1486 sub
1660 1441 1777 1486 suo
1820 1419 2183 1484 iuramento
2227 1417 2314 1482 sit
2352 1418 2675 1485 astrictus.

1056 1624 1117 1686 3.
1158 1635 1253 1684 ns
1296 1634 1497 1685 nono
1541 1634 1881 1684 amenum
1919 1633 2478 1684 marones.
2501 1616 2527 1659 ²

506 1748 706 1832 Item,
783 1757 855 1814 ut
926 1749 1146 1816 debita
1174 1752 1595 1833 :reverencia
1664 1749 1936 1838 singulis
2004 1750 2336 1836 magistris
2395 1749 2476 1816 de
2552 1748 2822 1815 consilio
2882 1746 3214 1814 facultatis

318 1846 736 1914 exhibeatur
777 1858 841 1915 et
881 1859 952 1915 ut
993 1848 1218 1918 electio
1256 1851 1622 1917 futurorum
1665 1850 2184 1936 contingencium
2227 1847 2681 1931 concludatur,
2733 1848 3211 1914 examinatores
3235 1858 3298 1914 10

316 1946 997 2016 baccalariandorum
1026 1959 1092 2015 et
1126 1948 1720 2037 magistrandorum
1754 1947 2079 2036 eligantur
2107 1970 2226 2036 per
2270 1956 2508 2014 sortem
2525 1998 2543 2031 ,
2580 1948 2678 2013 ita
2720 1946 2891 2035 quod
2935 1948 3016 2014 de
3059 1971 3214 2036 qua·

319 2044 506 2112 libet
540 2048 811 2113 natione
845 2050 1145 2136 magistri
1178 2049 1260 2115 de
1297 2049 1567 2116 consilio
1590 2048 1923 2115 facultatis
1956 2071 2157 2114 unum
2200 2046 2444 2134 eligant
2483 2047 2607 2113 hoc
2647 2045 2877 2112 modo:
2923 2046 3207 2112 decanus

324 2145 674 2212 facultatis
707 2147 906 2214 faciat
930 2151 1265 2236 apportari
1302 2148 1625 2238 quendam
1671 2146 1911 2214 librum
1948 2147 2232 2236 plurium
2274 2145 2602 2230 foliorum,
2655 2147 2724 2211 in
2767 2168 2892 2233 quo
2934 2147 3213 2235 proiciat

322 2247 465 2330 ita,
524 2245 706 2332 quod
761 2246 976 2311 senior
1031 2250 1221 2314 unius
1276 2249 1557 2315 nationis
1610 2247 1850 2315 habeat
1906 2247 2165 2314 literam
2220 2248 2290 2313 in
2334 2247 2654 2335 superiori
2695 2245 2869 2312 linea
2909 2248 3208 2334 primam,

326 2345 734 2411 inmediatus
787 2355 937 2433 post
989 2369 1135 2413 eum
1192 2347 1452 2415 literam
1507 2350 1576 2414 in
1627 2355 1709 2416 2⁸
1770 2347 1974 2432 linea,
2046 2349 2102 2413 si
2144 2369 2274 2414 non
2313 2347 2511 2413 fuerit
2552 2345 2781 2412 eadem
2825 2368 2971 2411 cum
3016 2346 3208 2413 litera
3231 2358 3291 2413 15

328 2445 618 2511 senioris
633 2493 652 2527 ,
716 2444 878 2513 alias
919 2447 1043 2514 ibit
1084 2447 1172 2516 ad
1205 2448 1462 2514 literam
1504 2456 1875 2534 sequentem
1916 2449 1985 2513 in
2027 2449 2234 2513 tercia
2271 2446 2445 2512 linea
2461 2496 2479 2529 ,
2542 2455 2679 2521 tam
2721 2445 2835 2511 diu
2879 2468 3211 2535 quousque

327 2544 636 2611 inveniat
699 2543 956 2612 literam
1026 2545 1254 2630 aliam3
1328 2556 1395 2613 et
1466 2547 1561 2613 ita
1634 2566 1755 2634 per
1827 2555 2035 2613 totum
2093 2548 2162 2612 in
2224 2546 2414 2613 lineis
2455 2544 2842 2634 procedetur
2876 2569 3080 2635 usque
3121 2546 3207 2613 ad

326 2642 645 2713 ultimum
720 2646 1107 2732 magistrum
1160 2645 1334 2712 illius
1386 2647 1684 2712 nacionis
1742 2645 2080 2712 inclusive.
2175 2645 2266 2715 Et
2317 2647 2411 2713 sic
2464 2647 2575 2735 qui
2631 2645 2831 2712 habet
2868 2645 3126 2713 literam
3167 2668 3210 2711 a

328 2744 442 2834 vel
493 2744 754 2815 literam
806 2746 1337 2834 propinquiorem
1378 2768 1420 2812 a
1438 2795 1457 2829 ,
1513 2747 1636 2811 erit
1678 2747 2085 2812 examinator
2129 2746 2211 2812 de
2249 2745 2365 2812 illa
2405 2747 2684 2811 natione.
2770 2744 2860 2810 Et
2906 2747 3072 2811 sicut
3114 2745 3198 2811 sit

330 2843 405 2909 in
446 2866 583 2910 una
639 2843 901 2910 natione
915 2893 935 2928 ,
996 2846 1093 2911 sic
1153 2845 1596 2933 pariformiter
1660 2845 1742 2912 de
1803 2845 1951 2911 aliis
2009 2845 2239 2912 tribus.
2328 2845 2462 2927 Qui
2524 2854 2800 2934 quatuor
2863 2867 2995 2910 una
3058 2867 3202 2911 cum
3221 2853 3290 2911 20

340 2942 596 3011 decano
639 2942 1178 3011 baccalariandos
1230 2945 1345 3011 illa
1383 2948 1528 3011 vice
1569 2945 2056 3013 examinabunt.
2100 2945 2212 3013 Sic
2270 2944 2469 3012 simili
2507 2943 2699 3012 modo
2763 2955 3043 3034 quatuor
3085 2968 3203 3033 per

335 3052 583 3110 sortem
638 3042 826 3109 electi
868 3067 1001 3111 una
1052 3067 1199 3110 cum
1240 3043 1774 3112 vicecancellario
1819 3068 1939 3133 pro
1980 3045 2097 3111 illa
2149 3046 2294 3111 vice
2342 3043 2825 3131 magistrandos
2873 3047 3204 3110 examina—

336 3140 526 3210 bunt.
611 3142 699 3209 Et
757 3145 854 3210 sic
906 3144 1082 3213 solus
1141 3145 1425 3213 decanus
1466 3155 1565 3212 est
1602 3144 1687 3211 de
1754 3146 2054 3212 essencia‘
2090 3146 2409 3212 examinis
2433 3142 2444 3157 '
2472 3168 2593 3234 pro
2660 3143 3106 3211 baccalariatu
3145 3154 3208 3210 et

337 3242 520 3309 solus
561 3244 1133 3312 vicecancellarius
1204 3256 1267 3311 et
1333 3268 1464 3312 non
1528 3245 1811 3313 decanus
1854 3269 1975 3335 pro
2021 3246 2396 3333 magisterio
2414 3294 2432 3328 ,
2477 3267 2751 3333 quorum
2813 3256 2913 3311 est
2969 3267 3205 3334 propo-

341 3343 615 3409 sitiones
659 3343 1113 3411 examinandis
1159 3346 1519 3433 assignare.
3221 3352 3294 3409 25

628 3549 688 3609 4.
726 3562 824 3610 ns
870 3562 1107 3624 Quo'rA
1149 3563 1437 3630 neom,
1480 3562 2109 3613 wcscmcsnnfflm
2150 3564 2242 3612 m·
2286 3562 2854 3625 quonum-rm.
2884 3545 2910 3587 ³

503 3673 698 3759 Item,
756 3699 839 3742 ne
879 3678 1242 3765 quisquam,
1305 3687 1371 3746 et
1409 3681 1747 3768 potissime
1809 3677 2096 3762 mabilia,
2149 3701 2268 3767 spe
2308 3679 2474 3745 lucri
2526 3688 2639 3745 aut
2680 3678 3000 3746 commodi
3043 3689 3201 3747 tem-

340 3775 589 3863 poralis
671 3775 759 3841 ad
829 3798 1121 3843 examen-
1179 3801 1292 3845 seu
1365 3788 1767 3867 temptamen·
1840 3779 1909 3842 in
1987 3777 2237 3844 artibus
2295 3777 2638 3844 inducatur
2655 3828 2674 3862 ,
2739 3779 2984 3846 decan'o
3050 3800 3200 3847 xxx

338 3874 566 3941 floreni
608 3896 729 3963 pro
781 3878 1104 3943 exercicio
1143 3880 1385 3944 veteris
1423 3881 1586 3944 artis
1627 3881 2074 3966 assignentur,
2140 3901 2262 3967 pro
2308 3877 2545 3967 quibus
2585 3878 2863 3945 fideliter
2900 3879 3199 3947 baccala-

339 3973 606 4040 riandos
653 3974 999 4063 temptabit
1039 3977 1108 4042 in
1171 3979 1442 4043 materia
1500 3977 1691 4044 solita
1750 3978 2092 4066 disputari.
2113 3979 2139 4020 ⁴
2227 3976 2327 4043 Sit
2379 3987 2598 4043 tamen
2635 3978 2904 4068 ulterius
2949 3979 3197 4050 decano
3216 3992 3285 4048 30

340 4071 611 4155 salvum,
654 4073 828 4161 quod
866 4074 1012 4140 aliis
1052 4077 1383 4163 magistris
1422 4089 1520 4145 est
1561 4077 1833 4160 salvum,
1878 4100 1993 4143 suo
2035 4075 2247 4144 officio
2290 4101 2420 4143 non
2464 4076 2781 4145 obstante.
2856 4079 2988 4145 Sed
3025 4082 3196 4147 vice-

344 4172 730 4239 cancellario
773 4176 1183 4262 assignentur
1224 4197 1325 4244 xx
1363 4177 1589 4245 floren.
1673 4177 1764 4244 Et
1817 4177 2292 4267 quodlibetario
2336 4177 2563 4244 decem
2603 4178 2741 4245 flor.
2786 4181 3198 4267 assignentur

341 4272 767 4357 afacultate,
828 4296 995 4361 quae
1056 4277 1260 4344 stabit
1316 4279 1387 4344 in
1446 4278 1733 4367 dampno
1790 4287 1856 4345 et
1908 4278 2091 4345 lucro
2133 4278 2321 4344 iuxta
2359 4299 2696 4345 numerum
2741 4281 3055 4346 maiorem
3097 4280 3203 4347 vel

345 4373 664 4439 minorem
703 4375 1308 4461 promovendorum.

1398 4583 1453 4644 5.
1506 4595 1601 4643 ns
1647 4561 2150 4645 ΜΕΤΔΡΗΥεῙοΑ.
3217 4589 3285 4646 35

500 4705 665 4774 Item
721 4714 795 4771 ut
844 4707 1141 4793 magistri
1203 4708 1449 4774 arcium
1499 4709 1569 4774 in
1623 4711 1896 4776 materia
1948 4710 2328 4798 disputabili
2383 4710 2720 4797 generales
2761 4711 3196 4797 inveniantur,

230 4841 235 4846 ·
342 4805 421 4871 de
504 4813 724 4872 cetero
812 4804 1180 4894 disputetur
1262 4806 1429 4874 liber
1514 4809 1981 4898 metaphisicae
2060 4810 2132 4875 in
2214 4811 2311 4875 xii
2391 4809 2579 4875 libris
2663 4811 2792 4875 tria
2869 4811 3197 4899 quartalia

516 5077 540 5127 1
577 5072 691 5128 Am
721 5070 942 5127 Raude:
976 5071 1161 5143 phoa
1196 5070 1539 5144 simpliciter.

506 5160 539 5212 2
572 5155 685 5212 Am
718 5155 944 5212 Rande=
973 5173 1114 5228 quae
1146 5162 1226 5212 est
1256 5157 1537 5213 concha-sio
1575 5156 1801 5214 concilii
1812 5176 1837 5228 ,·
1870 5156 2059 5214 weiter
2091 5163 2264 5215 unten
2296 5156 2446 5215 steht
2469 5159 2662 5234 phoci
2687 5156 3029 5234 simpliciter.

512 5244 544 5296 3
578 5239 691 5296 Am
724 5239 947 5295 Raude:
972 5240 1175 5312 placet.
1310 5293 1315 5302 .

510 5331 545 5384 4
577 5325 698 5382 Der
728 5323 841 5383 Ins.
875 5324 1082 5399 passivi
1121 5324 1196 5381 ist
1226 5342 1336 5382 von
1371 5325 1551 5384 solita
1586 5323 1892 5402 abhiingig.
