4038 6358
1442 668 1544 718 Die
1579 666 1817 719 statuten
1855 658 1960 719 von
2005 668 2147 719 1554.
3100 674 3213 737 261

260 846 324 903 et
367 838 700 927 quadam
752 842 1194 914 humanitate
1236 850 1323 916 ad
1366 872 1598 937 operas
1639 850 1962 915 incitetur.
2046 848 2192 916 Non
2236 860 2334 915 est
2373 852 2573 937 igitur
2615 852 2971 935 ferendum,
3025 862 3096 919 ut
3137 876 3221 919 ex

260 937 554 1025 collegis
601 942 737 1007 vel
799 944 1156 1035 inquilinis
1213 950 1359 1035 quis
1414 948 1780 1037 petulanter
1837 957 1908 1013 et
1957 948 2193 1013 acerbe
2250 972 2395 1015 eam
2447 950 2761 1033 offendat,
2820 952 3003 1037 sique
3052 954 3220 1017 inter

261 1035 388 1103 hos
439 1047 610 1104 orta
659 1041 912 1111 fuerit
951 1048 1415 1130 controversia,
1457 1046 1527 1112 id
1575 1045 2072 1134 significandum
2116 1057 2215 1113 est
2252 1052 2647 1137 praeposito,
2688 1051 2819 1137 qui,
2862 1072 3009 1116 cum
3051 1074 3219 1117 com-

267 1160 538 1225 ponere
581 1155 950 1231 nequeat,
994 1145 1082 1212 ad
1125 1155 1327 1212 totum
1367 1145 1649 1212 deducat
1691 1146 2055 1232 collegium.

447 1444 842 1508 Hier-nach
881 1466 1000 1508 von
1041 1450 1305 1509 anderer
1346 1448 1568 1508 Hand:
3271 1458 3304 1512 5

276 1586 371 1677 [S.
418 1586 540 1677 34]
597 1610 1071 1663 EXPLIGATIO
1116 1611 1308 1663 s'ra'r.
1353 1614 1398 1660 1.
1461 1612 1557 1659 nn
1599 1612 1998 1665 amomon-s
2036 1616 2209 1664 Nov1
2248 1613 2615 1665 contusas
2659 1602 2699 1679 ς
2748 1615 2821 1661 m
2859 1613 3209 1663 mom-mm.

457 1723 584 1789 De
651 1726 904 1791 officio
960 1736 1024 1791 et
1064 1727 1206 1791 iure
1261 1728 1624 1814 praepositi
1669 1729 1738 1793 in
1781 1729 2095 1797 eloefione
2144 1732 2296 1796 novi
2348 1728 2635 1815 collegae
2678 1728 2807 1795 duo
2864 1750 2949 1793 ex
3004 1738 3219 1794 mente

287 1822 652 1887 maiorum
711 1826 940 1913 probe
985 1824 1400 1891 observanda
1443 1848 1606 1909 esse,
1650 1830 1939 1895 unanimi
1985 1852 2303 1896 consensu
2346 1828 2685 1913 collegium
2727 1829 2978 1893 censuit
3032 1838 3225 1914 atque

289 1919 636 1987 decrevit.
735 1924 944 1990 Prius
992 1934 1118 2006 est,
1174 1924 1350 2012 quod
1391 1927 1805 2013 praepositus
1849 1929 1918 1993 in
1963 1928 2257 1995 dicendis
2315 1928 2641 2017 suffragiis
2696 1937 2760 1991 et
2810 1926 3224 1993 consultatio·

291 2018 524 2102 nibus,
593 2024 1040 2109 potissimum
1084 2044 1238 2089 vero
1281 2026 1350 2089 in
1392 2024 1724 2108 electione,
1778 2028 2064 2115 primum
2107 2028 2350 2095 habere
2394 2025 2629 2091 debeat
2670 2035 2910 2090 votum.
2990 2025 3219 2114 Expli-
3244 2036 3307 2092 10

297 2128 458 2185 cata
503 2121 752 2207 igitur
801 2146 920 2187 sua
963 2124 1282 2189 sententia
1305 2124 1481 2189 circa
1519 2146 1868 2210 personam
1907 2126 2298 2215 eligendam,
2338 2126 2753 2215 praepositus
2791 2126 3017 2192 ordine
3062 2127 3225 2191 senii

303 2216 598 2305 colligat
650 2222 1003 2309 suffragia,
1049 2244 1324 2310 quorum
1362 2221 1702 2311 pluralitas
1743 2226 1873 2312 ipsi
1913 2250 2038 2314 pro
2080 2228 2227 2315 lege
2264 2228 2375 2309 sit,
2428 2223 2783 2291 secundum
2836 2246 3031 2311 quam
3074 2246 3222 2290 con-

305 2316 564 2383 cludat.
662 2320 1014 2387 Posterius
1065 2330 1192 2404 est,
1251 2320 1425 2409 quod
1467 2325 1882 2409 praepositus
1926 2324 2168 2393 habere
2215 2326 2453 2393 debeat
2492 2333 2717 2390 votum
2760 2322 3115 2391 decisivum
3162 2334 3225 2388 et

312 2419 724 2507 cuicunque
779 2421 955 2507 parti
1000 2418 1280 2485 voluerit
1327 2444 1442 2487 suo
1481 2429 1594 2486 aut
1635 2444 1804 2489 novo
1854 2420 1982 2513 [35]
2028 2435 2142 2490 aut
2181 2426 2459 2514 repetito
2504 2430 2655 2487 voto
2698 2422 2955 2509 pondus
3003 2445 3222 2510 supcr-

315 2516 583 2583 addere
651 2520 906 2607 possit,
965 2520 1022 2584 si
1073 2527 1228 2584 vota
1287 2518 1785 2607 suffragantium
1828 2545 2213 2613 quocunque
2253 2522 2447 2590 modo
2497 2524 2625 2587 sint
2673 2523 2877 2609 paria.
2966 2520 3223 2603 Quodsi
3248 2530 3306 2586 15

322 2624 556 2781 :3331
627 2619 788 2733 iure
850 2638 965 2684 suo
1028 2616 1370 2683 decidendi
1431 2616 1599 2684 ultro
1655 2620 1888 2687 cedere
1949 2622 2111 2688 velit
2172 2623 2610 2711 praepositus,
2672 2621 2912 2709 poterit
2974 2621 3224 2688 sortitio

543 2739 684 2782 en.

505 2970 1020 3050 Daraufsolqen
1046 2976 1084 3036 5
1113 2974 1270 3031 lvere
1295 2972 1515 3051 Seiten,
1555 2976 1684 3034 und
1708 2976 1985 3035 darnaeh
2016 2976 2253 3053 beginnt
2293 2976 2409 3034 die
2450 2975 2703 3035 zweite
2752 2974 3228 3053 Abtheilunqt

1135 3112 1224 3204 [S.
1267 3116 1370 3207 41]
1421 3118 1748 3187 Statuta
1788 3121 2454 3210 inquilinorum.¹

1368 3286 1464 3334 DE
1505 3288 1823 3338 PEBSONA
1864 3289 2229 3352 nmmum.
3244 3278 3314 3334 20

1593 3390 1631 3442 S
1644 3398 1667 3440 t
1676 3399 1740 3442 at
1752 3406 1784 3440 u
1802 3398 1868 3440 tu
1879 3405 1931 3442 m
1966 3392 2010 3446 Ῑ.

516 3485 820 3551 Primum
860 3487 1143 3552 omnium
1186 3488 1298 3574 qui
1328 3486 1688 3554 conducere
1715 3485 2143 3554 habitationis
2184 3486 2395 3556 locum
2436 3508 2478 3550 a
2516 3493 2815 3551 curatore
2840 3484 3017 3567 velit,
3057 3484 3231 3550 hunc

354 3583 660 3650 nolumus
717 3607 800 3650 ex
856 3584 982 3650 alio
1029 3585 1301 3672 collegio
1343 3585 1700 3673 relegatum
1747 3596 1858 3652 aut
1898 3586 2236 3654 exclusum
2281 3608 2439 3651 esse.
2524 3584 2841 3650 Nolumus
2884 3583 3079 3648 etiam
3132 3584 3227 3648 in-

355 3683 701 3768 quilinum,
757 3685 1346 3772 compotationibus
1391 3694 1504 3750 aut
1563 3684 1710 3750 aliis
1770 3685 2091 3752 similibus
2144 3684 2340 3750 rebus
2380 3684 2687 3749 infamem
2731 3691 2845 3748 aut
2884 3680 3227 3748 turbandis

355 3781 734 3850 hominibus
786 3783 1202 3870 petulantem,
1260 3785 1375 3850 sed
1434 3785 1696 3872 pietatis
1757 3795 1820 3850 et
1872 3807 2072 3852 verae
2126 3783 2461 3870 religionis
2521 3790 2865 3864 amantem,
2921 3781 3109 3868 pacis
3163 3787 3227 3844 et
3244 3787 3311 3844 25

367 3879 692 3948 bonarum
736 3879 864 3970 [42]
911 3884 1150 3946 artium
1195 3883 1573 3965 studiosum,
1614 3881 2035 3968 tranquillum
2079 3891 2142 3947 et
2185 3883 2493 3948 sobrium.
2575 3879 2834 3946 Deinde
2875 3878 3227 3964 inquilinus

369 3992 590 4046 noster
634 3983 718 4046 sit
759 3983 828 4048 in
868 3983 1312 4047 universitatis
1365 3982 1587 4048 album
1639 3984 1995 4069 inscriptus
2050 3980 2413 4066 habeatque
2466 3987 2958 4067 praeceptorem
3011 3979 3229 4064 priva-

365 4088 500 4148 tum
541 4080 646 4146 vel
689 4081 854 4148 alias
893 4079 1152 4169 publice
1178 4079 1485 4147 docentes
1529 4081 1774 4148 audiat.
1836 4080 1966 4163 Qui
2009 4081 2181 4146 ultra
2218 4101 2523 4162 mensem,
2568 4079 2949 4165 priusquam
2991 4079 3231 4144 rectori

367 4179 814 4246 iusiurandum
877 4179 1146 4262 dixerit,
1215 4179 1324 4246 hic
1380 4178 1805 4263 habitaverit,
1871 4189 1981 4246 aut
2046 4202 2178 4245 non
2241 4178 2415 4265 apud
2480 4186 2800 4244 rectorem
2866 4177 3231 4262 professum

375 4299 606 4345 nomen
649 4303 836 4346 suum
876 4278 1054 4368 apud
1096 4301 1166 4345 se
1209 4278 1510 4344 habitare
1551 4302 1785 4366 passus
1827 4280 2051 4362 fuerit,
2105 4279 2295 4344 unius
2352 4276 2583 4342 floreni
2608 4273 2928 4342 mulctam
2993 4273 3225 4340 solvito
3244 4283 3311 4342 30

378 4388 485 4444 aut
526 4402 610 4444 ex
651 4378 924 4466 collegio
969 4377 1347 4444 excluditor.
1403 4378 1836 4445 Facinorosos
1880 4387 1945 4443 et
1983 4379 2236 4443 notorie
2280 4376 2725 4462 delinquentes
2764 4397 2847 4440 ne
2888 4375 3037 4462 quis
3079 4395 3226 4438 con·

380 4477 540 4544 salto
584 4487 653 4544 et
691 4478 916 4544 volens
957 4486 1268 4564 tanquam
1304 4477 1372 4541 in
1413 4476 1669 4564 asylum
1711 4476 1798 4542 ad
1842 4499 1912 4541 se
1949 4475 2219 4542 trahito:
2284 4476 2395 4563 qui
2439 4497 2627 4541 secus
2667 4473 2910 4556 fecerit,
2955 4471 3225 4558 collegio

381 4578 656 4663 quinque
693 4576 976 4659 florinos,
1018 4577 1270 4664 quoties
1310 4574 1381 4640 id
1419 4576 1664 4658 fecerit,
1709 4573 2082 4662 persolvito.

1017 4737 1111 4828 [S.
1154 4738 1258 4828 43]
1303 4760 1399 4808 ns
1445 4757 1933 4809 cormucnnms
1975 4757 2585 4806 mmanontsns.

1578 4861 1721 4912 Stat
1738 4868 1849 4909 utu
1867 4873 1918 4910 m
1955 4860 2036 4909 11.
3246 4863 3313 4920 35

535 4957 629 5023 Ut
669 4968 948 5040 curator,
991 4957 1196 5024 invito
1241 4956 1531 5046 collegio,
1578 4959 1903 5024 neminem
1942 4956 2029 5022 ad
2074 4953 2334 5042 collegii
2377 4953 2758 5043 inquilinum
2792 4951 3097 5035 admittit,
3138 4953 3233 5018 ita

379 5079 624 5146 quoque
679 5057 817 5121 sine
871 5055 1044 5122 illius
1087 5079 1404 5124 consensu
1449 5079 1638 5124 nemo
1679 5080 1809 5144 vap
1819 5057 2104 5122 orarium
2160 5065 2271 5120 aut
2328 5052 2542 5119 locum
2600 5052 2856 5138 collegii
2912 5074 3231 5140 usurpare

377 5155 585 5238 debet,
631 5153 814 5220 clave
854 5154 981 5221 sibi
1023 5177 1066 5222 a
1106 5165 1406 5222 curatore
1447 5179 1578 5222 non
1621 5155 1865 5222 tradita
1907 5165 2019 5221 aut
2055 5154 2317 5240 longius
2351 5175 2483 5219 non
2523 5153 2844 5239 permissa
2872 5161 2935 5216 et
2970 5153 3231 5217 nomine

542 5325 564 5376 1
607 5319 799 5392 Vergl.
834 5318 980 5377 oben
1021 5317 1078 5376 S.
1117 5323 1234 5390 218,
1268 5318 1435 5392 4ofg.
