4038 6358
807 588 924 652 170
1776 591 1887 643 Der
1920 591 2080 642 Liber
2119 594 2349 644 nationis
2387 593 2676 646 Polonicae

799 769 1002 834 fatum
1044 789 1241 833 manu
1286 771 1643 857 praepositi
1685 772 1940 862 collegii
1981 774 2217 846 beatae
2259 777 2531 865 virginis
2574 785 2830 845 notetur
2887 786 3081 866 atque
3134 778 3205 843 in
3257 799 3504 843 novam
3574 770 3675 840 ad

799 870 926 936 hoc
967 868 1303 938 emendam
1347 871 1537 936 unius
1577 871 1918 944 clausurae
1970 874 2270 942 cistulam
2323 878 2603 946 ferream
2656 885 3030 965 reponatur,
3077 874 3140 965 [4
3153 876 3204 964 ⁸]
3279 899 3446 965 quae
3508 885 3672 941 tan-

797 969 946 1036 dem
1010 970 1435 1038 custodienda
1490 972 1648 1040 fisco
1707 974 1964 1062 collegii
2018 974 2254 1043 beatae
2305 977 2583 1070 virginis
2638 976 3008 1044 includatur
3062 987 3128 1044 et
3181 977 3671 1057 committatur,

793 1072 889 1136 ita
938 1079 1155 1136 tamen
1205 1079 1279 1138 ut
1338 1093 1593 1159 semper
1644 1075 1861 1141 senior
1916 1076 2231 1160 nationis,
2291 1079 2350 1142 si
2408 1076 2657 1165 collega
2713 1077 2874 1156 dicti
2934 1076 3190 1164 collegii
3239 1098 3370 1142 non
3427 1075 3670 1155 fuerit,

710 1180 745 1236 5
798 1169 974 1257 apud
1033 1192 1104 1235 se
1154 1179 1220 1235 et
1273 1168 1525 1236 clavem
1577 1173 1847 1240 cistulae
1898 1197 2110 1241 novae
2162 1185 2227 1241 et
2277 1174 2515 1242 librum
2568 1178 2849 1243 nationis
2900 1200 3140 1244 novum
3187 1178 3480 1243 retineat
3584 1173 3668 1240 Si

793 1292 948 1337 vero
992 1271 1207 1336 senior
1247 1270 1441 1336 fuerit
1482 1271 1732 1360 collega
1770 1273 1928 1340 dicti
1971 1274 2247 1362 collegii,
2289 1286 2427 1341 tum
2467 1275 2673 1343 clavis
2716 1286 2782 1344 et
2819 1275 2987 1346 liber
3029 1276 3219 1342 alteri
3258 1275 3341 1343 de
3368 1277 3660 1342 natione

797 1372 1107 1438 committi
1153 1369 1406 1437 debeat.
1488 1371 1911 1460 Praepositae
1965 1383 2180 1440 autem
2234 1376 2495 1442 nomine
2554 1375 2810 1462 collegii
2866 1397 3125 1461 quoquo
3182 1386 3477 1463 tempore
3531 1396 3661 1439 ne-

794 1473 1093 1538 cessitate
1149 1470 1517 1559 postulante
1573 1471 1830 1560 copiam
1892 1482 1956 1539 et
2014 1474 2386 1541 facultatem
2448 1474 2763 1558 adeundi,
2830 1474 3158 1564 eximendi
3221 1486 3287 1542 et
3342 1475 3660 1542 vicissim

793 1570 1148 1660 reponendi
1186 1570 1330 1637 fisci
1371 1581 1676 1658 praestet,
1730 1574 1825 1639 uti
1857 1583 1993 1640 tum
2037 1597 2107 1640 se
2145 1597 2279 1641 non
2320 1576 2646 1662 gravatim
2688 1576 2975 1642 facturos
3016 1575 3303 1664 collegae
3345 1577 3418 1641 in
3457 1575 3658 1642 favo·

616 1739 627 1766 ι
714 1683 779 1740 10
795 1695 931 1738 rem
972 1672 1251 1738 nationis
1295 1681 1667 1759 praesentes
1711 1684 2113 1763 receperunt.

960 1768 1083 1859 [Bl.
1120 1769 1225 1860 4¹³]
1253 1772 1461 1838 Porro
1501 1794 1666 1856 cum,
1709 1771 1811 1838 his
1850 1775 1946 1839 ita
1990 1774 2332 1860 conclusis,
2373 1774 2455 1841 de
2492 1775 2742 1842 viribus
2783 1774 2946 1859 fisci,
2989 1774 3101 1841 ubi
3131 1785 3195 1840 et
3222 1774 3436 1863 qualis
3463 1798 3649 1842 nunc

792 1880 980 1956 esset,
1010 1881 1446 1960 quaereretur,
1487 1872 1648 1938 nihil
1684 1896 1727 1940 a
1769 1896 2090 1961 quoquam
2130 1876 2291 1940 certi
2315 1876 2592 1962 proferri
2616 1877 2842 1962 potuit,
2889 1874 3054 1941 adeo
3076 1873 3405 1944 seniorum
3447 1898 3649 1962 prae·

792 1975 1146 2054 teritorum,
1190 1971 1427 2057 partim
1446 1972 1585 2037 vita
1605 1971 2050 2039 defunctorum
2094 1976 2335 2062 partim
2373 1973 2832 2058 recedentium,
2877 1974 3161 2041 doctoris
3186 1974 3433 2059 Zelers,
3474 1975 3645 2041 Los-

791 2071 932 2139 selii
971 2070 1205 2138 Poloni
1258 2071 1566 2137 Hirconis
1623 2082 1686 2138 et
1740 2071 2035 2156 aliorum,
2088 2075 2373 2142 varietas
2430 2096 2511 2141 ac
2563 2076 2832 2141 mutatio
2884 2073 3202 2141 bellorum
3259 2096 3516 2162 quoque
3569 2084 3647 2140 et

713 2181 773 2239 15
790 2182 1151 2259 temporum
1209 2172 1484 2237 iniuriae
1537 2171 1680 2238 fisci
1740 2171 2207 2240 desolationem
2266 2183 2331 2239 et
2386 2173 2750 2262 neglectum
2807 2184 3229 2263 pepererunt,
3296 2184 3372 2242 ut
3426 2196 3642 2263 neque

790 2272 1126 2339 collectum
1187 2270 1344 2359 quid
1401 2292 1610 2359 neque
1671 2272 1998 2359 signatum
2076 2282 2254 2339 extet
2326 2284 2586 2361 praeter
2645 2272 2716 2339 id
2786 2274 2992 2341 solum
3055 2276 3394 2364 exiguum,
3463 2273 3642 2363 quod

788 2371 1293 2437 humanissimus
1334 2372 1458 2455 vir,
1499 2372 1811 2458 magister
1854 2370 2310 2459 Sigismundus
2349 2373 2604 2457 Prfifer,
2649 2372 3118 2461 Glogovianus,
3160 2373 3283 2442 hoc
3321 2374 3636 2462 temporis

788 2472 1021 2559 spatio,
1077 2493 1205 2558 quo
1259 2470 1648 2538 collecturae
1701 2471 2008 2558 praefuit,
2062 2474 2496 2560 comparsisse
2544 2495 2616 2539 se
2672 2472 3019 2558 fatebatur,
3073 2483 3138 2540 et
3175 2474 3344 2542 ultro
3399 2472 3638 2544 obtulit

785 2571 1040 2637 nationi
1079 2580 1223 2636 octo
1273 2569 1552 2636 florenos
1595 2592 1742 2635 cum
1784 2570 2142 2637 octodecim
2185 2574 2453 2659 grossis.
2533 2573 2684 2640 Hoc
2731 2573 2856 2639 fuit
2907 2574 3166 2639 initium
3213 2582 3281 2640 et
3319 2570 3383 2663 [5
3397 2569 3450 2659 ⁸]
3493 2573 3632 2637 fun-

702 2680 773 2736 20
790 2669 1159 2736 damentum
1204 2669 1576 2736 divitiarum
1614 2678 2007 2756 nostrarum,
2050 2693 2211 2759 quas
2255 2694 2451 2759 porro
2494 2672 2656 2740 deus
2699 2675 2982 2761 optimus
3022 2674 3367 2757 maximus,
3410 2681 3631 2761 poten-

783 2772 1070 2836 tissimus
1117 2771 1398 2836 omnium
1439 2769 1508 2834 in
1553 2791 1787 2836 nomen
1839 2771 1978 2836 eius
2033 2770 2488 2838 confidentium
2543 2771 2942 2859 gubernator
2998 2783 3064 2838 et
3115 2782 3467 2861 protector,
3521 2793 3604 2837 an

785 2892 940 2957 gere
981 2879 1046 2935 et
1082 2869 1248 2936 bene
1288 2870 1622 2935 forttmare
1659 2869 1979 2955 dignetur.

952 2969 1146 3052 Quod
1202 2979 1393 3036 tenue
1458 2969 1803 3036 exordium
1870 2971 2090 3037 statim
2151 2979 2217 3036 et
2280 2973 2579 3039 continuo
2640 2972 2958 3039 foeliciter
3021 2974 3208 3039 auxit
3269 2981 3625 3061 spontanea

788 3070 1194 3137 dominorum
1249 3070 1689 3157 praesentium
1731 3070 2121 3137 contributio
2176 3092 2257 3137 ac
2300 3070 2679 3138 liberalitas.
2769 3072 3025 3160 Singuli
3080 3073 3250 3138 enim
3307 3095 3429 3160 pro
3476 3094 3621 3158 qua-

704 3181 771 3238 25
788 3170 970 3239 litate
1021 3169 1424 3237 fortunarum
1472 3192 1756 3254 suarum,
1810 3173 1998 3256 quasi
2053 3170 2141 3237 ad
2188 3171 2739 3240 corroborandum
2791 3172 2972 3261 leges
3015 3181 3357 3263 sequentes
3399 3194 3618 3261 perpe-

783 3280 895 3338 tuo
938 3269 1272 3353 valituras,
1317 3268 1738 3352 contulerunt,
1779 3271 2115 3337 nimirum:

949 3369 1179 3436 Senior
1229 3369 1510 3436 nationis
1563 3367 1790 3436 doctor
1834 3370 2225 3438 Valerius
2265 3372 2580 3440 Pfister
2623 3372 3055 3460 Lignitianus,
3111 3375 3243 3462 qui,
3283 3372 3438 3440 licet
3481 3383 3621 3439 ante

786 3492 983 3557 saepe
1044 3492 1123 3535 ac
1180 3469 1430 3556 quoties
1487 3492 1604 3556 per
1680 3469 1926 3557 gradus
1989 3479 2326 3561 promotus
2388 3481 2514 3556 est,
2571 3471 2742 3561 quod
2799 3473 3025 3541 debuit
3077 3473 3288 3557 dedit,
3346 3482 3412 3539 et
3461 3495 3624 3538 nunc

786 3569 849 3659 [5
863 3567 916 3658 b]
973 3591 1183 3658 neque
1234 3569 1563 3657 professor
1617 3591 1825 3657 neque
1893 3570 2146 3658 collega
2209 3573 2322 3655 sit,
2382 3581 2600 3637 tamen
2661 3571 3002 3641 duodecim
3057 3596 3310 3663 quoque
3366 3596 3624 3663 grossos

702 3682 772 3739 30
787 3671 1173 3737 numeravit.

947 3770 1031 3837 D.
1086 3769 1314 3836 doctor
1366 3768 1869 3835 Franciscus
1925 3770 2160 3837 Oram
2215 3769 2534 3859 Saganus,
2590 3771 3014 3839 illustrissimi
3056 3774 3373 3862 principis
3416 3783 3484 3840 et
3520 3773 3623 3841 do-

786 3872 962 3954 mini,
1013 3869 1257 3937 domini
1298 3867 1598 3954 Augusti,
1652 3867 1834 3934 ducis
1880 3868 2213 3936 Saxoniae
2255 3880 2321 3935 et
2361 3870 2676 3955 electoris,
2722 3873 3152 3958 consiliarius,
3198 3875 3530 3960 professor
3565 3884 3626 3940 et

787 3969 1054 4056 collega,
1098 3968 1467 4034 numeravit
1508 3966 1667 4035 duos
1709 3968 1988 4035 florenos
2032 3979 2096 4036 et
2135 3968 2491 4037 octodecim
2548 3993 2835 4058 grossos,
2891 3974 2987 4040 sic
3031 3973 3523 4061 computandos,
3561 3984 3627 4038 ut

784 4070 1019 4157 viginti
1072 4079 1348 4157 quatuor
1404 4068 1617 4154 grossi
1669 4068 2033 4135 habeantur
2087 4092 2207 4157 pro
2262 4072 2476 4157 prima
2531 4072 2904 4159 receptione
2958 4074 3057 4139 sui
3109 4073 3385 4139 nominis
3440 4082 3626 4138 antea

702 4180 921 4238 35non
958 4169 1277 4255 inscripti,
1320 4166 1545 4233 decem
1586 4175 1652 4232 et
1691 4177 1834 4234 octo
1877 4170 2093 4254 grossi
2134 4192 2255 4256 pro
2301 4170 2504 4236 offitio
2547 4173 2899 4238 assessoris
2938 4172 3155 4239 iuditii
3193 4174 3432 4256 curiae,
3476 4172 3627 4239 duo-

787 4270 994 4337 decim
1044 4270 1257 4356 grossi
1296 4289 1419 4355 pro
1458 4266 1707 4334 lectura
1747 4267 2012 4351 codicis,
2068 4290 2197 4357 qua
2245 4270 2555 4356 fungitur,
2607 4280 2673 4336 et
2729 4294 2848 4339 sex
2900 4273 3111 4359 grossi
3167 4295 3289 4361 pro
3330 4271 3628 4359 collegia-

786 4380 935 4438 tura
977 4368 1233 4455 collegii
1269 4367 1553 4433 maioris.

954 4464 1225 4558 [B1.6·]
1268 4467 1353 4532 D.
1402 4466 1627 4533 doctor
1661 4466 2030 4534 Matheus
2072 4467 2419 4536 Heusler
2458 4470 2769 4556 medicae,
2817 4472 3158 4555 Iauranus,
3216 4494 3446 4539 recens
3485 4496 3629 4562 pro-

784 4582 1016 4655 motus,
1062 4589 1182 4657 pro
1227 4566 1603 4633 doctoratus
1646 4567 1832 4634 titulo
1874 4566 2232 4657 adsequuto
2274 4570 2639 4636 numeravit
2683 4569 3022 4638 duodecim
3059 4593 3343 4675 grossos.

702 4686 770 4742 4ο
951 4668 1210 4738 Caeteri
1251 4666 1498 4734 domini
1533 4690 1599 4732 m
1612 4668 1741 4754 agi
1754 4690 1785 4733 s
1799 4669 1906 4733 tri
1946 4666 2173 4734 itidem
2212 4691 2331 4755 pro
2373 4669 2587 4737 foelici
2630 4672 2920 4759 auspicio
2942 4682 3364 4738 numerarunt
3389 4673 3627 4761 singuli

789 4782 1096 4862 quantum
1140 4768 1451 4853 cuiusque
1492 4788 1599 4833 res
1642 4766 1944 4850 tulerunt,
1983 4789 2246 4855 nempe:

989 4870 1080 4934 M.
1120 4865 1401 4934 Iacobus
1447 4866 1754 4932 Lubener
1796 4867 2009 4933 senior
2061 4867 2313 4955 collega
2355 4870 2612 4957 collegii
2653 4869 2888 4936 beatae
2923 4871 3199 4958 virginis
3284 4878 3323 4940 6
3360 4886 3424 4957 9ς

991 4971 1082 5035 Μ.
1124 4968 1424 5034 Donatus
1466 4965 1704 5032 Zolner
1750 4966 2159 5034 Camitianus
2176 5019 3196 5035 ...........
3281 4977 3401 5039 6

992 5069 1084 5135 Μ.
1126 5067 1427 5133 Andreas
1466 5065 1673 5132 Iando
1719 5065 2293 5155 Sprembergensis
2370 5119 3198 5135 .........
3282 5080 3322 5139 5
3373 5097 3399 5125 2

704 5181 771 5237 45
992 5168 1083 5233 Μ.
1128 5165 1579 5253 sigismundus
1617 5166 1850 5233 Prufer
1892 5166 2110 5254 Gloga
2112 5216 3194 5235 ............
3280 5176 3319 5238 6
3371 5200 3399 5226 2

992 5267 1085 5332 Μ.
1126 5265 1425 5331 Andreas
1468 5266 1760 5332 Freihub
1800 5265 2130 5353 Sprottav.
2175 5261 2192 5332 .’
2276 5317 3196 5336 ..........
3279 5275 3319 5338 6
3371 5299 3396 5326 ⁶
