4038 6358
1517 598 1755 650 Libellus
1794 598 2112 651 romularis.
3122 599 3239 665 137

865 787 1001 852 113.
1062 800 1301 851 rom
1341 800 1479 849 rao
1523 797 2168 849 vmacmcnnmmo
2212 798 2305 846 An
2350 795 2759 846 srrscornu.

546 914 1175 981 Reverendissime
1156 940 1225 981 m
1268 914 1529 982 Christo
1569 924 1756 1003 pater
1798 937 1876 981 ac
1914 915 2219 1002 princeps
2261 914 2729 979 illustrissime!
2774 915 2920 981 Non
2960 914 3237 980 arbitra-

369 1035 526 1079 mur
556 1015 1145 1081 reverendissimae
1167 1023 1426 1080 vestrae
1448 1014 1815 1081 celsitudini
1837 1013 2320 1101 inexploratum
2347 1011 2509 1077 illud
2531 1034 2674 1078 esse
2697 1012 3238 1094 vicecancellarii,

371 1135 578 1200 quem
633 1115 1180 1181 reverendissima
1235 1124 1457 1180 vestra
1511 1114 1873 1202 paternitas
1923 1115 1993 1178 in
2028 1112 2244 1178 locum
2288 1135 2478 1177 suum
2524 1135 2647 1197 pro
2690 1113 2991 1179 creandis
3035 1113 3241 1198 magi-

373 1215 537 1278 stris
596 1215 1023 1297 constituerit,
1078 1214 1392 1296 officium,
1446 1222 1518 1279 ut
1570 1236 1688 1301 pro
1741 1212 2072 1279 facultatis
2129 1222 2394 1277 nostrae
2454 1213 2918 1279 consuetudine
2957 1235 3112 1278 mox
3155 1210 3240 1276 ab
3262 1220 3294 1275 5

373 1313 677 1378 omnium
719 1325 1088 1379 sanctorum
1127 1314 1293 1379 festo
1338 1335 1488 1378 cum
1533 1312 1900 1378 candidatis
1944 1335 2065 1398 pro
2107 1313 2504 1397 magisteriO,
2552 1312 2609 1377 si
2653 1314 2763 1400 qui
2805 1322 3067 1400 praesto
3105 1312 3241 1377 fue-

375 1412 542 1493 rint,
587 1422 884 1499 repetere
913 1422 978 1478 et
1019 1434 1325 1478 exercere
1365 1422 1680 1477 teneatur.
1741 1411 1993 1476 Partim
2032 1433 2114 1475 ne
2154 1411 2508 1475 iuventutis
2553 1411 2770 1477 studia
2814 1434 3049 1499 parum
3090 1434 3238 1499 pro·

373 1534 654 1589 movere
707 1511 1084 1594 videamur,
1139 1513 1380 1599 partim
1434 1534 1517 1577 ne
1567 1511 1687 1577 has
1738 1511 1843 1576 vel
1895 1508 2138 1575 similes
2179 1531 2372 1574 voces
2416 1512 2804 1597 praesertim
2846 1510 2971 1576 hoc
3014 1520 3236 1576 nostro

378 1610 650 1676 saeculo
694 1608 798 1700 [55
813 1609 865 1698 b]
914 1611 1141 1678 crebro
1187 1611 1414 1677 audire
1458 1633 1802 1697 cogamur,
1857 1610 1943 1675 ad
1984 1611 2235 1675 animos
2277 1619 2646 1675 nostrorum
2687 1609 3074 1676 imbuendos
3117 1632 3236 1674 nos

375 1732 642 1797 segnes,
685 1709 773 1775 ad
816 1733 956 1776 rem
997 1732 1155 1777 vero
1196 1709 1565 1793 faciendam
1604 1710 1946 1798 expeditos
1994 1719 2133 1791 etc„
2180 1708 2354 1796 quod
2398 1710 2726 1774 neminem
2768 1708 2891 1774 hoc
2935 1731 3106 1774 anno
3151 1707 3236 1772 ad
3264 1716 3324 1771 10

368 1808 562 1875 hunc
593 1833 796 1898 usque
842 1810 1031 1894 diem,
1079 1813 1190 1898 qui
1232 1809 1362 1875 tale
1405 1809 1563 1895 quid
1606 1808 2189 1874 reverendissimae
2222 1818 2481 1872 vestrae
2526 1809 2933 1894 paternitatis
2973 1808 3234 1874 nomine

367 1907 730 1974 nobiscum
770 1911 1145 1997 praestarit,
1199 1911 1617 1995 agnovimus,
1660 1931 2046 1995 praecamur
2092 1909 2357 1993 summis
2401 1907 2728 1993 precibus,
2772 1930 2898 1996 quo
2941 1927 3238 1973 reveren-

366 2008 659 2073 dissima
705 2019 931 2074 vestra
972 2008 1347 2090 dominatiO,
1394 2030 1590 2096 quam
1633 2009 1914 2095 primum
1956 2007 2027 2071 id
2058 2007 2202 2071 fieri
2245 2015 2476 2093 potest,
2508 2006 3113 2073 vicecancellarium
3153 2003 3239 2070 ad

367 2130 509 2174 nos
571 2110 827 2175 mittere
882 2117 995 2174 aut
1046 2107 1242 2174 alicui
1293 2106 1633 2174 nobiscum
1676 2106 1946 2173 eandem
1988 2107 2392 2194 provinciam
2435 2104 2739 2192 delegare
2782 2105 3116 2193 dignetur,
3171 2114 3242 2169 ut

369 2207 752 2294 periculoso
796 2207 918 2274 hoc
961 2206 1217 2273 saeculo
1260 2229 1365 2272 res
1407 2205 1739 2281 facultatis
1780 2215 2046 2273 nostrae
2088 2217 2414 2292 utcunque
2449 2206 2826 2271 conservari
2850 2214 2913 2271 et
2933 2205 3235 2293 insigniri
3262 2214 3321 2269 15

368 2305 727 2372 nobiscum
785 2307 1138 2373 volentium
1202 2305 1418 2370 studia
1459 2305 1582 2370 hoc
1621 2305 1850 2371 melius
1894 2307 2267 2393 promoveri
2307 2306 2577 2393 possint.
2672 2304 3027 2392 Speramus
3068 2305 3241 2370 enim

367 2406 871 2491 magistr-andos
923 2405 1112 2471 nobis
1165 2405 1304 2471 fore
1359 2402 1465 2492 [56
1480 2401 1533 2492 ⁸]
1592 2427 1987 2492 quamquam
2040 2427 2405 2492 perpaucos
2425 2454 2443 2487 ,
2509 2404 2636 2468 hiis
2706 2426 2824 2470 nos
2880 2414 3237 2491 nostraque

371 2506 611 2570 omnia
649 2504 1128 2571 illustrissimae
1168 2512 1428 2570 vestrae
1469 2505 1724 2586 gratiae
1763 2502 2311 2572 commendantes.
2398 2505 2617 2569 Datae
2656 2503 2948 2591 Lypsiae
2991 2513 3111 2571 etc.

1001 2677 1136 2739 114,
1207 2687 1539 2737 mmmm
1581 2687 1859 2737 comm
1906 2686 2251 2736 Lmnnnos
2294 2686 2629 2735 ramosos,

503 2804 512 2811 “
562 2802 724 2869 Cum
766 2803 991 2869 divina
1034 2812 1098 2868 et
1141 2804 1426 2869 humana
1465 2804 1610 2867 iura
1636 2802 1890 2869 libellos
1920 2803 2207 2869 famosos
2238 2824 2585 2888 eorumque
2609 2813 2904 2869 auctores
2929 2802 3235 2868 damnent
3253 2809 3321 2866 20

375 2911 456 2966 et
517 2913 901 2968 execrentur
954 2901 1274 2990 nobisque
1325 2901 1624 2968 omnibus
1678 2924 1719 2967 a
1771 2923 1902 2968 non
1941 2900 2173 2967 leviter
2215 2902 2459 2967 offenso
2503 2903 2801 2989 principe
2847 2903 3241 2988 gravissima

376 3001 685 3087 pericula
728 3003 1132 3084 immineant,
1173 3001 1452 3067 Ioannes
1479 2999 1837 3066 Reuschius
1882 3010 2024 3083 etc.,
2070 3010 2303 3082 rector,
2349 3000 2619 3066 mandat
2660 3000 2958 3066 omnibus
3002 3012 3066 3066 et
3108 3002 3234 3065 sin-

373 3099 563 3186 gulis
602 3102 932 3189 magistris
949 3150 968 3186 ,
1025 3100 1397 3167 doctoribus
1415 3148 1434 3185 ,
1495 3099 1800 3166 admissis
1854 3100 2303 3167 baccalaureis
2364 3099 2757 3190 reliquisque
2800 3100 3109 3183 alumnis,
3166 3108 3239 3165 ut

373 3222 523 3266 non
576 3200 781 3266 solum
838 3201 1092 3268 libellos
1146 3201 1434 3266 famosos
1492 3201 1623 3287 ipsi
1674 3223 1806 3265 non
1866 3201 2109 3267 cudant
2150 3202 2484 3287 bonosque
2525 3202 2702 3266 viros
2750 3203 3065 3267 conviciis
3110 3223 3239 3266 non

377 3299 848 3386 proscindant,
889 3300 1008 3366 sed
1051 3300 1135 3366 ab
1180 3301 1468 3367 omnium
1513 3298 1908 3383 libellorum,
1963 3299 2201 3387 quibus
2240 3300 2809 3366 indiscriminatim
2851 3323 2892 3365 a
2934 3301 3234 3388 pessimis
3253 3309 3319 3364 25

380 3420 590 3486 saepe
648 3398 803 3465 boni
853 3401 1034 3466 fama
1073 3399 1551 3488 periclitantur,
1607 3408 1672 3464 et
1720 3402 1859 3464 eius
1901 3401 2344 3486 potissimum,
2401 3422 2529 3484 quo
2572 3400 2868 3466 dominus
2912 3400 3134 3464 Benno
3178 3408 3243 3463 et

375 3497 774 3564 Antichristi
839 3510 904 3566 et
974 3499 1445 3567 Cacodemonis
1509 3499 1768 3564 nomine
1827 3497 2244 3584 denigratur,
2308 3523 2464 3584 usu,
2537 3497 2844 3581 lectione,
2917 3499 3240 3585 emptione

380 3594 497 3683 [56
511 3594 564 3684 ¹³]
624 3607 688 3662 et
741 3599 1116 3665 venditione
1168 3599 1294 3665 sibi
1337 3608 1698 3685 temperent
1738 3620 2013 3684 eumque
2055 3597 2160 3663 vel
2205 3599 2525 3666 eiusmodi
2566 3598 2817 3664 libellos
2862 3597 3236 3678 dilacerent,

379 3696 514 3762 sub
558 3720 768 3783 poena
809 3698 1199 3765 exclusionis
1242 3698 1346 3764 vel
1388 3698 1807 3786 relegationis
1851 3720 1973 3784 pro
2019 3698 2389 3764 conditione
2433 3698 2671 3764 delicti.
2743 3705 2915 3767 1524.

1106 3870 1244 3931 115.
1312 3881 1552 3932 romu
1595 3881 1910 3930 mnAn
1951 3882 2027 3930 m
2066 3881 2187 3928 Dm
2230 3881 2531 3930 mamus.
3256 3872 3327 3927 3ο

550 3981 828 4046 Ioannes
863 3978 1226 4066 Reuschius
1271 3980 1630 4063 Fontanus,
1671 4002 1835 4065 mgr.
1878 3990 2018 4063 etc„
2062 3980 2425 4066 Lypsensis
2468 3981 2795 4067 gymnasii
2837 3990 3070 4057 rector,
3131 4002 3230 4045 ar-

377 4078 669 4145 bitratur
727 4082 1049 4145 neminem
1104 4077 1339 4162 latere,
1407 4103 1449 4145 a
1514 4078 1871 4145 maioribus
1925 4081 2170 4144 nostris
2230 4081 2339 4166 pio
2400 4101 2556 4146 sane
2615 4090 2679 4145 et
2734 4080 2903 4147 bono
2958 4080 3239 4163 adfectu,

379 4180 561 4245 omni
615 4180 1076 4268 superstitione
1124 4178 1409 4260 seclusa,
1474 4178 1814 4244 Ioannalia
1869 4177 2200 4244 celebrata
2258 4167 2433 4262 esse,
2503 4180 2701 4266 idque
2755 4179 2859 4246 vel
2918 4201 3239 4266 suspensa

377 4279 783 4362 arthemisia,
841 4301 925 4344 ne
969 4300 1160 4367 quem
1203 4276 1412 4343 malus
1457 4277 1680 4343 oculus
1728 4278 2054 4343 fascinare
2098 4280 2326 4365 possit,
2369 4278 2474 4344 vel
2516 4278 2898 4345 ardentibus
2942 4278 3084 4344 ollis
3128 4277 3233 4342 vel

378 4380 668 4444 incensis
706 4379 885 4464 rogis
907 4377 1013 4443 vel
1055 4376 1125 4441 id
1168 4399 1373 4463 genus
1421 4377 1567 4442 aliis
1613 4377 2150 4461 solemnitatibus,
2195 4377 2428 4465 quibus
2462 4379 2803 4465 speciatim
2828 4377 3014 4465 plebs
3040 4376 3228 4444 Chri·
3249 4386 3316 4441 35

381 4480 600 4544 stiana
638 4477 936 4559 laetatur,
985 4498 1102 4564 per
1123 4475 1510 4563 Baptistam,
1557 4476 1803 4543 Christi
1847 4498 2360 4563 praecursorem,
2402 4487 2469 4542 et
2503 4477 2773 4544 Esaiam
2797 4487 3022 4544 vetera
3065 4476 3230 4541 desi-

381 4578 510 4643 isse
560 4587 626 4642 et
677 4600 852 4643 nova
894 4571 998 4664 [57
1012 4572 1065 4663 ⁸]
1111 4576 1419 4663 coepisse.
1502 4574 1777 4643 Mandat
1816 4579 2038 4666 itaque
2078 4576 2378 4643 omnibus
2423 4587 2485 4642 et
2531 4577 2802 4664 singulis
2850 4597 3005 4643 suae
3046 4576 3233 4641 iuris-

383 4676 655 4742 dictioni
710 4676 1031 4759 obnoxiis,
1093 4698 1176 4741 ne
1217 4675 1341 4741 hac
1379 4698 1660 4763 vespera
1703 4676 2023 4742 eiusmodi
2064 4679 2450 4742 cerimonias
2491 4677 2923 4742 interturbent
2962 4686 3074 4743 aut
3115 4698 3232 4763 per

383 4800 534 4842 suos
578 4775 1003 4841 interturbari
1044 4775 1304 4844 faciant.
1370 4775 1787 4842 Contrarium
1828 4777 2092 4842 facienti
2137 4799 2304 4842 unus
2348 4798 2584 4842 aureus
2627 4798 2745 4862 pro
2792 4776 3032 4842 mulcta
3075 4785 3235 4841 esto.

384 4875 639 4942 Octavo
678 4873 827 4942 Kal.
869 4874 1018 4941 Iulii
1066 4880 1240 4942 1524.
3250 4884 3318 4939 ιο

1126 5046 1260 5109 116.
1318 5058 1558 5107 roam
1599 5059 1695 5106 ns:
1741 5059 2036 5108 srmm
2080 5060 2171 5107 nr
2215 5059 2308 5106 nn
2352 5058 2582 5108 Annus.

549 5156 768 5237 Quum
818 5157 1031 5224 modis
1092 5156 1390 5223 omnibus
1443 5158 1513 5222 in
1569 5157 1692 5223 hoc
1736 5158 1926 5225 nobis
1971 5157 2422 5225 desudandum
2468 5160 2584 5242 sit,
2641 5161 2925 5248 primum
2965 5182 3048 5225 ne
3091 5171 3240 5246 post

381 5255 686 5322 inchoata
747 5256 966 5322 studia
1019 5255 1284 5345 publica
1327 5280 1464 5345 pax
1499 5257 1629 5324 ullo
1668 5259 1864 5325 modo
1907 5257 2333 5326 interturbari
2376 5269 2604 5347 queat,
2664 5259 2996 5328 sanciente
3047 5258 3118 5323 id
3173 5270 3239 5327 et
