4038 6358
822 668 943 732 550
1267 724 1272 729 ,
1836 665 1938 716 Dic
1977 665 2346 730 theologische
2386 666 2637 718 Faculrst.

819 847 1014 912 talem
1072 845 1309 913 librum
1352 846 1591 914 talibus
1638 848 1779 914 loco
1824 855 1889 913 et
1927 847 2154 913 hora.“
2236 847 2401 913 Item
2454 847 2726 935 quilibet
2771 868 2994 912 cursor
3050 845 3432 933 procurabit
3476 845 3671 911 scribi

820 958 1072 1034 tempus
1119 947 1517 1032 incepcionis
1562 957 1625 1013 et
1680 947 1997 1013 finicionis
2058 949 2156 1013 sui
2215 971 2442 1014 cursus
2489 947 2575 1012 ad
2632 946 2872 1011 librum
2928 946 3279 1011 facultatiS.
3365 945 3673 1012 Similiter

821 1045 1091 1135 quilibet
1130 1047 1594 1112 sentenciarius
1639 1047 2023 1134 procurabit
2063 1055 2357 1135 tempora
2403 1044 2528 1135 [6.]
2573 1046 2969 1132 incepcionis
3017 1056 3082 1111 et
3115 1047 3442 1113 finicionis
3484 1046 3675 1113 libro·

820 1170 963 1211 rum
1007 1148 1482 1211 sentenciarum
1527 1146 1612 1211 ad
1654 1146 1892 1212 librum
1929 1146 2282 1212 facultatis.

738 1340 771 1393 5
1045 1332 1103 1393 6.
1148 1344 1449 1397 RUBRICA
1491 1345 1584 1393 DE
1626 1347 1782 1412 mm,
1826 1346 2008 1406 QUAE
2055 1346 2408 1396 spaeram*
2453 1347 2548 1395 AD
2592 1342 2938 1395 smeunos
2980 1345 3465 1396 nAccAumos

1946 1446 2533 1494 mnmrsm'rnn.

993 1578 1307 1646 Cursores
1352 1589 1415 1643 et
1458 1578 1869 1644 sentenciarii
1912 1587 2210 1643 tenentur
2256 1578 2501 1644 decano
2545 1587 2609 1643 et
2651 1577 2946 1642 facultati
2999 1578 3068 1642 in
3120 1577 3318 1643 licitis
3359 1586 3426 1643 et
3467 1576 3688 1643 hones-

824 1682 907 1745 tis
953 1678 1240 1744 obedire.
1319 1679 1479 1743 Item
1526 1676 1797 1766 quilibet
1842 1701 2062 1743 eorum
2106 1688 2359 1743 tenetur
2406 1677 2804 1764 singulorum
2852 1678 3315 1764 magistrorum
3374 1677 3692 1743 lecciones

828 1778 1172 1862 diligenter
1219 1777 1357 1841 sine
1413 1776 1561 1841 dolo
1617 1786 1681 1841 et
1734 1776 1963 1841 fraude
2005 1778 2077 1842 in
2120 1799 2334 1864 cappa
2378 1778 2664 1860 visitare,
2725 1778 2821 1842 sic
2878 1776 3052 1866 quod
3110 1775 3691 1862 nullius-magistri

749 1891 809 1944 10
830 1878 991 1943 duas
1035 1877 1352 1942 lecciones
1399 1886 1546 1963 post
1585 1877 1860 1941 invicem
1920 1899 1990 1941 se
2043 1886 2381 1964 sequentes
2434 1876 2758 1964 negligat3
2824 1887 2888 1941 et
2932 1878 2988 1941 si
3028 1877 3172 1961 quis
3216 1896 3405 1940 secus
3450 1876 3689 1958 fecerit,

829 2001 911 2043 ex
973 1987 1128 2041 tunc
1196 1977 1433 2062 singuli
1497 1977 1796 2061 magistri
1863 1975 1948 2040 ad
2011 1977 2149 2042 eius
2218 1976 2582 2056 ulteriorem
2652 1976 3139 2063 promocionem
3195 1984 3500 2039 tenentur
3554 1997 3693 2039 esse

826 2099 1082 2163 graves.
1167 2077 1326 2143 Item
1385 2075 1659 2164 quilibet
1701 2099 1924 2141 eorum
1976 2086 2230 2140 tenetur
2276 2098 2536 2141 omnem
2582 2085 2821 2156 actum,
2878 2072 3153 2160 gradum
3206 2096 3390 2138 suum
3434 2096 3692 2139 concer-

824 2187 1101 2257 nentem,
1156 2176 1221 2239 in
1264 2198 1479 2263 cappa
1521 2176 1768 2259 facere3
1827 2177 1980 2240 item
2027 2174 2355 2240 ordinarie
2397 2173 2798 2262 respondere
2844 2185 2906 2238 et
2948 2175 3026 2238 in·
3057 2172 3285 2239 ordine
3337 2197 3478 2256 suo,
3534 2176 3693 2239 sicut

827 2276 953 2340 sibi
1009 2276 1361 2339 iniunctum
1417 2276 1642 2359 fuerit,
1703 2274 2105 2362 praedicare.
2190 2275 2355 2339 Item
2400 2274 2688 2339 volentes
2741 2273 3143 2360 praedicare,
3201 2274 3536 2361 principia
3587 2284 3693 2339 aut

751 2387 807 2440 15
830 2376 1191 2463 posiciones
1252 2397 1370 2461 pro
1426 2373 1676 2439 actibus
1721 2373 1979 2461 publice
2037 2374 2273 2456 facere,
2332 2382 2630 2438 tenentur
2685 2374 2869 2460 prius
2922 2394 3271 2455 sermones,
3328 2375 3691 2460 posiciones

829 2484 891 2538 et
945 2474 1272 2561 principia
1324 2475 1658 2559 magistris
1721 2473 2082 2539 senioribus
2145 2482 2207 2536 et
2256 2472 2636 2552 iunioribus⁴
2678 2471 2763 2537 ad
2824 2469 3278 2558 corrigendum
3337 2472 3696 2538 ostendere.

825 2574 987 2638 Item
1056 2571 1494 2653 baccalarius,
1570 2572 2067 2659 praedicaturus
2131 2571 2215 2636 ad
2281 2571 2557 2654 clerum,
2630 2580 2882 2636 tenetur
2947 2593 3313 2635 sermonem
3378 2594 3567 2636 suum
3629 2575 3690 2636 in

829 2673 1072 2759 scripto
1132 2670 1289 2735 dare
1345 2670 1656 2736 facultati.
1741 2672 1899 2736 Item
1945 2669 2008 2759 [6
2024 2669 2076 2759 b]
2125 2670 2536 2736 baccalarius
2592 2693 3023 2757 responsurus
3075 2677 3329 2735 tenetur
3378 2672 3692 2757 magistro

829 2796 963 2853 sue,
1012 2794 1128 2857 pro
1174 2793 1249 2835 eo
1295 2769 1725 2856 disputatum,
1771 2770 2113 2835 duodecim
2165 2769 2386 2835 titulos
2426 2769 2529 2834 vel
2575 2769 2813 2857 plures,
2860 2778 2932 2834 ut
2975 2792 3057 2833 ex
3104 2771 3196 2834 eis
3240 2770 3367 2834 sibi
3413 2771 3693 2856 aliquem

745 2881 812 2936 20
833 2871 1192 2958 placentem
1239 2867 1456 2955 eligat,
1511 2880 1965 2955 praesentar03
2012 2872 2067 2934 si
2108 2880 2323 2934 autem
2367 2868 2580 2933 nullus
2630 2890 2851 2933 eorum
2898 2867 3023 2933 sibi
3065 2868 3415 2955 placuerit,
3459 2880 3697 2934 extunc

831 2970 1141 3055 magister
1186 2969 1475 3054 assignet
1517 2967 1887 3033 baccalario
1934 2991 2130 3033 unum
2173 2968 2428 3033 titulum
2489 2989 2636 3031 cum
2693 2968 3095 3053 argumentis
3153 2991 3271 3055 pro
3316 2980 3381 3033 et
3435 2982 3696 3053 contra3

830 3081 893 3133 et
939 3067 1346 3132 baccalarius
1398 3075 1651 3132 tenetur
1710 3067 1830 3132 sibi
1876 3068 2005 3153 ipsi
2061 3066 2141 3132 de
2196 3067 2525 3154 posicionc
2577 3066 2944 3154 providere,
3003 3090 3134 3155 qua
3190 3066 3417 3133 habita
3468 3076 3533 3134 et
3581 3091 3698 3156 per

829 3171 1212 3254 magistrum
1256 3189 1444 3232 suum
1490 3166 1770 3252 probata
1812 3166 2084 3231 eandem
2120 3168 2451 3253 magistris
2497 3167 2738 3232 seniori
2783 3176 2846 3231 et
2888 3166 3125 3232 iuniori
3170 3167 3507 3251 ostendat3
3554 3192 3695 3235 eon-

838 3277 1180 3355 sequenter
1224 3277 1286 3330 et
1321 3275 1668 3353 postquam
1713 3289 1833 3353 per
1877 3289 1987 3330 eos
2033 3267 2311 3353 probata
2353 3268 2566 3348 fuerit,
2608 3276 2763 3330 tunc
2803 3266 3014 3331 denuo
3051 3267 3365 3352 magistro
3407 3268 3698 3355 disputa-

749 3376 978 3431 25turo
1025 3365 1202 3430 dicta
1247 3365 1500 3453 posicio
1546 3375 2016 3452 praesentetur,
2080 3368 2190 3453 qui
2234 3366 2547 3450 magister
2592 3377 2992 3452 argumenta,
3049 3388 3217 3454 quae
3270 3367 3551 3432 intendit
3593 3367 3701 3433 de-

833 3466 1086 3540 ducere,
1142 3463 1514 3529 baccalario
1559 3487 1951 3551 responsuro
1995 3464 2443 3551 praesentabit
2487 3475 2552 3530 et
2602 3464 2688 3530 ab
2732 3465 2955 3530 eodem
3002 3488 3037 3529 e
3079 3487 3391 3530 converso
3433 3489 3702 3554 respon·

833 3566 1078 3629 sionem
1137 3564 1439 3650 recipiet,
1507 3573 1733 3628 contra
1794 3586 1990 3649 quam
2050 3565 2283 3628 iterato
2349 3563 2728 3650 replicabit3
2793 3574 2857 3629 et
2923 3566 3017 3629 sic
3078 3575 3569 3653 consequenter,
3630 3580 3702 3632 ut

833 3664 1037 3752 prius,
1102 3661 1515 3749 procedatur.
1597 3662 1784 3744 Item,
1844 3663 2300 3750 disputacione
2358 3662 2571 3746 finita,
2631 3662 3034 3750 respondens
3091 3666 3308 3729 mittat
3361 3667 3702 3751 magistre,

832 3765 943 3849 qui
999 3784 1118 3849 pro
1176 3784 1251 3826 eo
1307 3759 1696 3849 disputavit,
1751 3785 1947 3827 unam
2003 3771 2301 3849 quartam
2345 3763 2481 3825 vini
2538 3760 2758 3847 gallici
2803 3762 2908 3827 vel
2949 3763 3087 3828 vini
3143 3762 3451 3828 melioris.
3533 3766 3702 3831 Item

747 3860 1047 3928 30nullus
1107 3862 1570 3925 sentenciarius
1637 3870 1749 3924 aut
1806 3883 2034 3926 cursor
2098 3863 2166 3924 in
2232 3859 2560 3947 theologia
2622 3860 2815 3926 debet
2874 3861 3093 3948 legere
3149 3863 3219 3927 in
3277 3862 3506 3928 eadem
3567 3864 3701 3931 illis

832 3960 1084 4042 diebus,
1149 3958 1381 4044 quibus
1437 3959 1633 4024 fuerit
1684 3967 1866 4024 actus
1921 3957 2197 4024 celebris
2251 3961 2318 4023 in
2375 3958 2719 4045 theologia,
2776 3971 2936 4048 puta
2988 3961 3245 4047 quando
3296 3964 3442 4047 quis
3493 3966 3701 4051 magi·

835 4069 1114 4125 strorum
1157 4057 1517 4144 disputavit
1560 4068 1673 4123 aut
1715 4080 1834 4145 pro
1877 4058 2095 4146 aliquo
2142 4058 2357 4124 aulam
2402 4055 2465 4146 [7
2481 4057 2532 4147 ⁸]
2571 4060 2797 4142 tenuit,
2838 4060 2942 4125 vel
2982 4063 3188 4127 eciam
3232 4062 3494 4149 quando
3536 4063 3703 4128 fiunt

834 4159 1161 4246 principia
1203 4180 1321 4248 per
1366 4159 1829 4222 sentenciarios
1873 4167 1984 4222 aut
2033 4180 2348 4224 cursores,
2427 4158 2588 4223 Item
2632 4163 2965 4246 magister,
3022 4171 3364 4248 postquam
3406 4162 3701 4250 disputa-

831 4259 957 4340 vit,
1018 4267 1269 4322 tenetur
1327 4257 1725 4343 posicionem
1788 4279 1972 4322 suam
2032 4280 2177 4322 cum
2239 4260 2635 4342 argumentis
2695 4259 2942 4326 decano
3002 4259 3331 4328 facultatis
3393 4284 3697 4347 praesen·

747 4368 814 4424 35
835 4366 975 4423 tare
1019 4366 1136 4422 etc.

832 4531 890 4590 7.
934 4541 1234 4589 RUBRICA
1273 4540 1368 4587 DE
1411 4541 1599 4607 ILLO,
1644 4543 1763 4602 Qm
1806 4543 2069 4591 FINIVIT
2102 4542 2398 4607 CURSUM,
2437 4541 2797 4590 RESPECTU
2834 4543 3162 4592 FUTURAE
3201 4543 3698 4596 Pnouocloms.

996 4673 1347 4760 Postquam
1406 4674 1550 4760 quis
1606 4698 1864 4740 cursum
1919 4675 2233 4758 finiverit,
2277 4674 2543 4740 vacabit
2594 4698 2713 4763 per
2767 4699 2964 4741 unum
3010 4685 3270 4759 annum,
3322 4678 3395 4743 in
3437 4687 3566 4766 q'uo
3607 4679 3699 4745 ad

827 4772 1171 4860 legendum
1218 4773 1579 4838 sentencias
1623 4774 1969 4861 diligenter
2014 4799 2084 4841 se
2129 4784 2498 4862 praeparet.
2585 4771 3021 4842 Nihilominus
3065 4787 3279 4842 tamen
3323 4783 3480 4844 tunc
3524 4788 3695 4844 tene·

829 4882 933 4938 tur
978 4872 1186 4938 scolas
1232 4870 1631 4958 theologicas
1677 4886 1741 4939 et
1781 4884 1965 4939 actus
2008 4873 2404 4959 theologicos
2448 4874 2736 4939 visitare.

746 5082 814 5138 40
964 5080 1024 5142 8.
1070 5091 1164 5138 ΒΕ
1210 5089 1561 5139 MAGISTRO
1604 5089 2079 5140 PROMOVENTE
2123 5090 2493 5139 CURSOREM
2532 5091 2625 5140 AD
2670 5092 3057 5140 LEGENDUM
3100 5091 3547 5144 SENTENCIAS.

995 5220 1331 5309 Magister,
1393 5222 1616 5289 volens
1685 5222 1962 5310 aliquem
2028 5227 2447 5311 praesentare
2503 5224 2591 5290 ad
2646 5224 2991 5311 legendum
3052 5203 3447 5311 sentencias,
3507 5237 3690 5315 petat

836 5318 962 5385 sibi
1005 5323 1587 5409 congregacionem
1623 5323 1766 5388 fieri
1805 5345 1923 5411 per
1967 5323 2282 5389 decanum
2325 5325 2498 5390 infra
2538 5347 2827 5390 mensem
2880 5326 3254 5413 proximum
3294 5335 3450 5392 ante
3490 5349 3685 5393 vaca·
