4038 6358
1300 635 1401 688 Die
1437 635 1675 689 Statuten
1712 651 1820 687 von
1862 635 2205 690 1409-1445.
3065 638 3185 703 313

336 821 391 884 4
433 830 506 902 qt.
559 813 688 882 Pro
729 813 1221 901 elencorum,
1265 819 1840 906 posteriorum,
1882 816 2396 884 tractatibus
2439 815 2665 882 Petri
2705 817 3061 904 Hispani
3104 816 3191 884 ad

342 917 697 981 maximum
753 921 792 984 3
846 939 1119 1000 menses,
1177 919 1513 985 minimum
1569 925 1644 986 10
1699 920 2130 1007 septimanae3
2190 927 2415 1006 pastus
2473 916 2554 982 de
2611 916 2822 1004 primo
2876 923 2915 984 2
2955 933 3058 1002 94,
3108 916 3191 982 de

336 1013 623 1080 secundo
668 1020 706 1082 3
746 1030 851 1101 qt„
896 1016 977 1083 de
1019 1018 1208 1083 tertio
1252 1024 1290 1085 2
1329 1036 1408 1105 ςς.
1490 1020 1619 1084 Pro
1660 1022 2146 1105 yconomica
2189 1024 2226 1086 3
2272 1017 2704 1104 septimanae3
2739 1026 2985 1103 ‘pastus
3034 1024 3062 1084 1
3107 1034 3187 1103 95.

333 1114 472 1180 Pro
508 1114 952 1183 Prisciano
995 1117 1366 1184 breviori
1411 1123 1449 1184 2
1497 1115 1652 1206 [5¹¹⁹]
1697 1140 1978 1202 menses3
2037 1127 2260 1205 pastus
2317 1124 2353 1182 2
2398 1131 2482 1206 95.
2565 1115 2695 1181 Pro
2751 1113 2918 1180 libro
2964 1117 3186 1203 prio-

332 1238 508 1280 rum
545 1223 583 1284 4
622 1221 915 1302 menses3
958 1228 1185 1305 pastus
1227 1229 1265 1285 4
1309 1242 1408 1307 gr.
3231 1227 3263 1281 5

1371 1578 1472 1640 22.
1525 1592 1680 1641 Vom
1718 1591 1929 1642 Jahn-e
1968 1592 2143 1645 1412.

504 1709 556 1768 1.
599 1701 761 1769 Item
801 1703 1070 1790 quilibet
1110 1704 1394 1770 decanus
1434 1705 1756 1772 tenebitur
1806 1728 1925 1793 per
1973 1706 2231 1793 singula
2277 1706 2578 1772 conclusa
2634 1714 2698 1770 et
2742 1713 2989 1771 statuta
3016 1728 3181 1771 -con-

342 1801 649 1886 seribere,
707 1804 1010 1869 conclusa
1067 1804 1152 1870 ad
1206 1803 1446 1870 librum
1506 1808 1850 1892 papir-eum
1905 1809 2446 1892 cognominatum,
2503 1815 2747 1871 statuta
2804 1805 2891 1870 ad
2947 1804 3187 1870 librum

327 1901 679 1984 facultatis,
724 1903 843 1970 sub
884 1905 1245 1970 iuramento
1290 1927 1426 1987 suo,
1471 1905 1642 1993 quod
1680 1907 1833 1971 fecit
1871 1905 2185 1971 facultati.

498 2007 557 2067 2.
601 2003 763 2067 Item
795 2005 1125 2090 magister,
1170 2005 1509 2092 disputans
1554 2005 1899 2088 ordinarie,
1944 2006 2032 2072 ad
2069 2008 2422 2071 maximum
2450 2003 2716 2070 cuilibet
2756 2003 3175 2091 respondenti
3198 2013 3261 2067 10

330 2099 568 2165 debeat
603 2123 970 2188 proponere
1009 2113 1286 2192 quatuor
1328 2113 1710 2190 argumenta
1739 2115 1802 2169 et
1844 2105 2107 2171 cuilibet
2147 2129 2346 2171 unum
2381 2104 2718 2187 deducere,
2761 2114 2832 2168 ut
2873 2103 3175 2190 magistri

332 2210 673 2286 sequentes
715 2200 999 2267 habeant
1037 2201 1250 2267 locum
1294 2204 1629 2290 arguendi.

495 2305 556 2367 3.
596 2301 761 2365 Item
817 2300 1189 2367 conclusum
1241 2312 1305 2367 et
1365 2312 1676 2368 statutum
1734 2304 1886 2387 fuit,
1946 2303 2121 2369 nullo
2181 2303 2680 2385 contradicente,
2738 2301 2913 2390 quod
2970 2300 3183 2366 nullus

332 2408 799 2484 promoveatur
846 2399 932 2465 ad
988 2399 1266 2486 gradum
1309 2401 1787 2469 baccalariatus
1824 2406 1892 2469 in
1944 2402 2214 2485 artibus,
2273 2404 2399 2466 nisi
2441 2404 2548 2491 qui
2600 2401 2916 2467 studuerit
2953 2403 3018 2466 in
3061 2402 3189 2466 ista

326 2497 751 2563 universitate
791 2497 966 2564 ultra
986 2522 1263 2568 annum.
1343 2501 1431 2567 Et
1472 2502 1596 2568 hoc
1637 2502 2016 2592 intelligitur
2077 2503 2158 2568 de
2214 2504 2377 2586 istie,
2436 2502 2548 2593 qui
2605 2503 2672 2566 in
2729 2501 2873 2566 aliis
2933 2498 3183 2582 studiis,
3207 2508 3268 2563 15

331 2607 683 2685 antequam
724 2598 850 2664 huc
886 2600 1200 2683 venirent,
1243 2621 1373 2666 non
1412 2602 1688 2666 fuerunt.

496 2706 557 2765 4.
612 2697 794 2780 Item,
853 2698 910 2762 si
960 2696 1214 2786 aliquis,
1276 2700 1361 2765 ad
1417 2701 1692 2787 gradum
1748 2700 2223 2766 baccalariatus
2279 2699 2775 2788 promovendus,
2832 2700 3184 2787 indiguerit

330 2795 848 2884 dispensacione,
904 2820 1038 2863 non
1097 2801 1425 2884 potuerint
1468 2799 1947 2887 dispensatores
1988 2800 2195 2866 lacius
2243 2823 2390 2865 cum
2430 2801 2573 2885 ipso
2619 2798 2998 2887 dispensare
3054 2800 3181 2864 nisi

331 2917 478 2960 cum
524 2919 653 2961 uno
708 2895 875 2962 libro
918 2897 1196 2984 parciali
1251 2906 1315 2962 et
1370 2898 1579 2963 tribus
1630 2899 2032 2972 tractatibus,
2118 2899 2298 2965 Idem
2358 2898 2738 2985 intelligitur
2789 2899 2870 2964 de
2927 2921 3183 2986 promo·
3281 2957 3298 2970 .

330 2995 543 3061 vendo
586 2995 673 3060 ad
714 2997 1181 3084 magisterium,
1223 2999 1350 3063 nisi
1391 2997 1559 3081 talis,
1601 2999 1943 3064 sufficienti
1979 2998 2328 3086 diligencia
2370 2997 2683 3080 adhibita,
2726 3007 2856 3064 non
2899 3000 3266 3086 potuerit20

327 3093 603 3160 lectores
644 3094 969 3178 habuisse,
1011 3095 1093 3161 de
1131 3119 1257 3184 quo
1301 3097 1420 3163 sub
1461 3099 1865 3164 consciencia
1905 3122 2024 3164 sua
2066 3099 2546 3187 dispensatores
2574 3097 2986 3183 informabit3
3028 3107 3182 3164 tunc

330 3197 662 3282 potuerint
706 3219 852 3260 cum
897 3195 1148 3262 duobus
1189 3195 1375 3262 libris
1418 3199 1723 3264 totalibus
1770 3223 1913 3265 cum
1958 3201 2104 3287 ipso
2149 3199 2545 3287 dispensare.

498 3301 556 3360 5.
599 3295 764 3361 Item
803 3294 1034 3378 nullus,
1087 3298 1354 3362 veniens
1401 3298 1481 3363 de
1524 3299 1656 3364 alia
1711 3301 2151 3382 universitate,
2207 3300 2572 3385 promoveri
2615 3296 2848 3364 debeat
2890 3297 2976 3362 ad
3036 3321 3185 3385 gra-

335 3394 487 3485 dum
530 3394 1033 3477 baccalariatus,
1085 3397 1214 3460 nisi
1257 3399 1437 3484 prius
1485 3401 1731 3463 steterit
1770 3398 1836 3463 in
1883 3400 2042 3464 ista¹
2096 3400 2517 3463 universitate
2573 3421 2690 3486 per
2733 3397 3018 3463 medium
3078 3420 3183 3461 an·

333 3518 511 3577 num,
565 3503 629 3559 et
667 3495 736 3559 in
773 3496 921 3576 ista,
963 3494 1134 3560 unde
1167 3498 1362 3579 venit,
1415 3497 1622 3563 eciam
1662 3498 1832 3562 ultra
1873 3496 2159 3562 medium
2200 3520 2456 3579 annum,
2509 3504 2574 3561 et
2616 3496 2972 3562 dummodo,
3011 3496 3181 3561 suffi-
3203 3505 3270 3561 25

332 3594 573 3660 cientes
612 3594 1100 3659 informationes
1142 3594 1366 3660 fecerit
1407 3596 1487 3662 de
1530 3598 1869 3663 audicione
1912 3596 2225 3662 librorum
2267 3598 2336 3660 in
2382 3595 2511 3661 alia
2553 3597 2994 3660 universitate.

498 3698 555 3760 6.
599 3692 760 3758 Item
804 3692 1286 3780 dispensatores
1331 3694 1411 3760 de
1457 3694 1985 3784 responsionibus
2030 3696 2380 3760 ordinariis
2422 3694 2744 3760 faciendis
2787 3718 2906 3783 per
2951 3696 3183 3761 bacca-

329 3791 664 3858 lariandos
722 3814 854 3858 non
913 3790 1156 3858 habent
1210 3793 1589 3883 dispensare
1646 3806 1869 3860 contra
1926 3804 2265 3876 statutum,
2324 3794 2441 3859 sed
2503 3793 2584 3858 de
2645 3793 3182 3860 extraordinariis

332 3901 606 3980 possunt
646 3892 830 3957 iuxta
873 3893 1276 3978 exigenciam
1320 3916 1639 3981 personae
1678 3894 1974 3981 petentis.
2030 3893 2212 3958 Idem
2252 3892 2639 3979 intelligitur
2680 3893 2760 3958 de
2797 3893 3184 3963 baccalariis

332 3990 793 4080 promovendis
836 3991 923 4057 ad
967 3993 1460 4077 magisterium(
3053 4032 3058 4037 ·
3201 4003 3271 4059 30

500 4098 559 4158 7.
602 4090 768 4155 Item
824 4088 1123 4180 quilibet,
1178 4091 1402 4157 volens
1461 4115 1601 4158 esse
1658 4102 1808 4157 actu
1861 4115 2123 4178 regens,
2187 4090 2380 4156 debet
2434 4093 2723 4178 incipere
2782 4091 3184 4159 ordinarium

334 4213 519 4257 suum
562 4199 711 4256 ante
751 4190 986 4255 festum
1019 4192 1313 4257 ‚omnium
1357 4202 1725 4258 sanctorum
1776 4198 1919 4271 (den
1965 4200 2017 4258 1.
2061 4195 2441 4272 November),
2498 4192 2553 4254 si
2605 4190 2801 4256 fuerit
2841 4214 3183 4279 praesens3

335 4292 386 4356 si
449 4300 666 4355 autem
723 4290 958 4356 absens
1020 4291 1245 4374 fuerit,
1308 4300 1463 4356 tunc
1517 4294 1719 4357 currit
1791 4291 1916 4356 sibi
1969 4300 2222 4377 tempus
2280 4288 2635 4376 incipiendi
2697 4297 2761 4355 et
2824 4290 3182 4378 recipiendi

334 4400 483 4456 ante
526 4390 758 4455 festum
801 4390 1162 4454 nativitatis
1186 4390 1455 4457 Christi.
1499 4391 1587 4455 Et
1624 4390 1946 4455 tenebitur
1977 4389 2248 4477 quilibet
2291 4388 2690 4454 ordinarium
2735 4413 2920 4455 suum
2963 4389 3182 4475 legere

334 4490 608 4586 publice·
636 4490 705 4553 in
749 4488 964 4573 scolis,
1008 4490 1132 4554 nisi
1178 4490 1421 4555 decano
1463 4491 1840 4572 constiterit,
1882 4489 2055 4576 quod
2095 4511 2224 4554 non
2263 4489 2500 4574 poterit
2539 4487 2780 4553 habere
2820 4488 3174 4557 lectorium.
3197 4499 3264 4555 35

496 4611 558 4673 8.
604 4603 724 4692 [Bl.
769 4612 847 4673 52
863 4602 915 4692 ⁸]
979 4604 1144 4671 Item
1188 4605 1411 4675 volens
1455 4606 1777 4693 complere
1818 4603 2172 4690 byennium
2217 4605 2579 4691 magisterii
2625 4607 2725 4670 sui
2765 4615 3017 4671 tenetur
3060 4629 3178 4694 per

336 4704 496 4771 duos
543 4727 746 4770 annos
789 4704 1078 4791 quolibet
1113 4705 1327 4771 medio
1372 4728 1539 4771 anno
1592 4704 1807 4790 legere
1847 4703 1934 4769 ad
1988 4706 2202 4771 minus
2262 4727 2381 4792 per
2437 4714 2569 4769 tres
2625 4727 2875 4770 menses
2932 4705 3184 4795 aliquas

333 4804 655 4871 lecciones
700 4802 787 4868 ad
824 4802 1104 4890 gradum
1143 4803 1505 4890 magisterii
1546 4802 1648 4868 vel
1689 4802 2173 4868 baccalariatus
2214 4804 2628 4890 pertinentes.

500 4959 818 5018 Hier-nach
864 4958 1005 5018 sind
1046 4962 1085 5022 4
1126 4958 1213 5016 bis
1254 4960 1290 5018 5
1334 4958 1538 5017 Zeilen
1578 4958 1939 5035 vollstd'ndiy
1980 4958 2347 5019 auaradiert.

497 5104 636 5170 Ista
693 5113 933 5170 statuta
990 5104 1289 5192 superius
1351 5106 1566 5192 posita
1623 5114 1773 5169 sunt
1827 5104 1893 5170 in
1951 5103 2259 5169 facultate
2315 5104 2618 5170 conclusa
2672 5103 2838 5170 feria
2896 5104 3264 5173 secundam

505 5309 528 5360 1
567 5303 641 5360 D.
674 5300 728 5358 h.
763 5300 866 5358 auf
891 5302 1083 5359 dieser.
1122 5301 1254 5374 Vgl.
1288 5303 1432 5360 oben
1465 5304 1630 5359 Anm.
1665 5320 1736 5357 zu
1774 5302 1829 5361 S.
1867 5307 1949 5373 25,
1989 5308 2031 5359 1.
