4038 6358
845 620 955 685 188
1972 614 2083 663 Das
2126 625 2310 675 grosse
2341 611 2555 676 colleg.

1001 796 1120 886 [Bl.
1164 796 1351 883 261⁸]
1398 798 1587 863 Anno
1636 803 1793 865 1427
1837 796 1906 861 in
1949 794 2236 883 profesto
2282 794 2347 862 S.
2386 791 2776 881 Apolloniae
2814 793 2883 855 in
2927 789 3388 878 praepositura
3435 786 3533 852 M.
3581 785 3712 851 An-

834 898 1030 965 dreae
1072 897 1155 963 de
1190 895 1670 962 Weissenstadt
1712 895 2082 962 conclusum
2137 895 2286 977 fuit,
2345 892 2516 981 quod
2556 915 2687 957 una
2731 888 2963 954 cistula
3009 888 3275 954 deberet
3315 888 3711 974 comparari

833 997 918 1063 ad
960 996 1407 1084 reponendum
1447 996 1742 1063 scedulas
1786 996 1871 1061 M.
1906 994 2217 1081 Henning
2258 994 2338 1060 de
2375 992 2780 1058 Hildeshcim
2821 1001 2884 1055 et
2924 990 3012 1054 M.
3042 989 3255 1053 Petri¹
3302 988 3384 1054 de
3416 987 3714 1073 Wegwy

830 1096 1184 1179 Prenslav.,
1225 1119 1387 1182 quas
1429 1120 1549 1184 pro
1596 1098 1724 1184 piis
1777 1094 2077 1161 manibus
2122 1095 2679 1181 conscripserunt,
2738 1101 2803 1157 et
2841 1090 2980 1176 alia*
3015 1088 3384 1155 huiusmodi
3434 1086 3716 1172 negotia

751 1208 782 1263 5
835 1196 1107 1283 collegii.

1002 1327 1120 1417 [Bl.
1152 1334 1272 1396 258
1287 1326 1339 1416 b]
1378 1328 1569 1394 Anno
1603 1333 1760 1397 1432
1804 1329 2017 1415 prima
2060 1326 2166 1392 die
2204 1325 2426 1391 Martii
2468 1324 2557 1389 M.
2596 1323 2921 1390 Iohannes
2965 1321 3611 1409 Schimmelpfennig
3650 1327 3718 1384 et

834 1431 1085 1496 Iohann
1099 1427 1329 1494 Rosler
1346 1428 1426 1494 de
1445 1427 1714 1515 Cygnea
1723 1429 1768 1511 ²,
1796 1427 1969 1516 quod
1989 1425 2495 1491 introduxerunt
2517 1426 2652 1489 sive
2679 1433 3064 1511 receperunt
3080 1422 3383 1487 mulieres
3402 1432 3716 1512 tempore

836 1528 1114 1608 insolito,
1173 1527 1418 1592 scilicet
1459 1537 1791 1610 nocturno,
1851 1527 1936 1593 ad
1981 1524 2321 1592 commoda
2365 1547 2500 1606 sua,
2544 1526 2731 1589 iuxta
2770 1532 3079 1588 statutum
3124 1522 3407 1609 desuper
3449 1521 3714 1585 factum

837 1638 1148 1717 perpetue
1192 1650 1231 1692 a
1277 1626 1542 1714 collegio
1577 1626 1791 1713 quoad
1831 1649 2083 1691 moram
2129 1635 2290 1689 sunt
2317 1623 2586 1705 exclusi,
2628 1623 2804 1688 nullo
2850 1621 3349 1703 contradicente,
3393 1622 3466 1684 in
3514 1640 3710 1705 prae·

763 1732 1135 1817 inpositura
1176 1726 1265 1790 M.
1306 1728 1399 1792 10.
1430 1725 1742 1792 Weicker
1787 1725 1867 1790 de
1910 1724 2213 1792 Romhilt.

1002 1898 1244 1958 Hieran
1285 1916 1421 1974 may
1464 1896 1593 1956 sich
1634 1899 1784 1958 noch
1819 1898 1946 1957 eine
1986 1896 2259 1955 ἁἹιπῑίοΙιε
2301 1893 2684 1971 Mittlzeiluny
2726 1913 2838 1952 aus
2876 1896 3157 1970 spiiterer
3178 1892 3313 1950 Zeit
3354 1890 3714 1949 eolalie-scen.

1002 2061 1121 2148 [Bl.
1144 2064 1264 2129 258
1279 2058 1331 2148 b]
1377 2060 1566 2125 Anno
1596 2064 1753 2127 1469
1800 2058 2053 2125 decima
2093 2081 2268 2124 nona
2309 2057 2414 2122 die
2457 2057 2696 2121 mensis
2734 2054 3002 2144 Aprilis,
3045 2054 3221 2144 quod
3263 2053 3581 2119 Kilianus
3630 2052 3711 2117 de

836 2161 1256 2249 Konigsberg
1296 2158 1573 2242 insolito,
1632 2159 1878 2225 scilicet
1916 2161 2145 2243 noctiS,
2190 2167 2479 2245 tempore
2520 2155 2607 2220 ad
2647 2155 3056 2221 commodum
3100 2178 3288 2220 suum
3330 2153 3710 2220 introduxit

838 2274 902 2326 et
940 2260 1167 2326 habuit
1218 2259 1394 2348 apud
1449 2281 1518 2324 se
1573 2258 1905 2325 mulierem
1961 2268 2324 2346 suspectam
2383 2267 2446 2321 ct
2501 2278 2778 2344 poenam
2820 2255 3266 2343 pecuniariam
3318 2256 3389 2319 in
3445 2262 3703 2319 statuto

759 2373 818 2428 15
839 2384 1034 2450 super
1072 2360 1181 2426 illo
1228 2360 1515 2426 confecto
1561 2380 1942 2445 expressam
1997 2357 2248 2424 solvere
2302 2356 2657 2437 recusavit,
2716 2355 2862 2420 ideo
2916 2363 3228 2442 perpetue
3285 2352 3507 2439 quoad
3567 2376 3705 2417 mo-

836 2485 978 2527 ram
1022 2470 1120 2526 est
1163 2483 1203 2525 a
1246 2458 1517 2545 collegio
1566 2457 1887 2523 exclusus·
1956 2458 2047 2522 Et
2089 2457 2214 2522 hoc
2255 2456 2324 2520 in
2364 2455 2820 2542 praepositura
2861 2454 2952 2518 M.
2998 2453 3252 2518 Nicolai
3297 2451 3704 2520 Grobitzsch

837 2561 918 2626 de
957 2559 1207 2629 Lobda.

958 3347 1005 3395 2.
1047 3345 1171 3395 DIE
1207 3343 1588 3396 STATUTEN
1626 3343 1778 3395 VOM
1817 3343 2052 3394 JAHRE
2094 3342 2237 3406 1439,
2275 3343 2407 3393 Ml'r
2446 3332 3226 3394 ZUSATZBESCHLUSSEN
3265 3342 3380 3391 BIS
3419 3342 3565 3393 zUM

2039 3444 2270 3495 JAHRE
2315 3441 2488 3495 1511.³

756 3639 824 3694 20
1009 3624 1129 3714 [Bl.
1174 3623 1273 3713 112]
1329 3626 1522 3693 Anno
1588 3627 1833 3693 domini
1888 3623 2230 3690 millesimo
2293 3623 2828 3691 CCCCXXXIX
2890 3624 3057 3690 feria
3120 3626 3327 3692 tercia
3386 3627 3533 3713 ipso
3593 3624 3695 3689 die

840 3726 1017 3791 beati
1060 3723 1268 3790 Blasii
1309 3726 1598 3813 episcopi
1646 3736 1711 3791 et
1762 3726 2095 3813 martyriS,
2156 3746 2321 3812 quae
2381 3725 2503 3788 fuit
2554 3726 2759 3788 tercia
2816 3723 2955 3788 dies
3005 3722 3354 3789 Februarii
3401 3728 3595 3805 (1439
3639 3730 3691 3787 d.

842 3832 897 3892 3.
940 3822 1271 3911 Februar),
1326 3825 1391 3888 in
1437 3827 1892 3913 praepositura
1926 3825 2018 3889 M.
2059 3822 2281 3889 Iacobi
2323 3822 2404 3888 de
2448 3822 2837 3909 Stargardia
2888 3823 3061 3888 facta
3106 3822 3299 3910 plena
3342 3846 3690 3911 congrega-

841 3926 1024 3990 cione
1068 3924 1531 4010 magistrorum
1576 3924 1834 4013 collegii
1891 3924 2157 3989 maioris
2202 3921 2320 3987 sub
2375 3923 2505 3988 hac
2560 3925 2804 3988 forma:
2883 3922 3305 4005 „Reverende
3362 3925 3688 4011 magister,

843 4026 984 4089 sitis
1028 4024 1247 4087 statim
1290 4034 1438 4110 post
1477 4024 1823 4111 prandium
1869 4026 1938 4088 in
1982 4021 2178 4089 stuba
2220 4023 2679 4110 magistrorum
2722 4022 2808 4087 ad
2848 4021 3128 4087 finaliter
3184 4021 3689 4088 concludendum

758 4133 822 4189 25
845 4122 927 4187 de
968 4123 1226 4187 statutis
1278 4121 1536 4209 collegii
1579 4123 1665 4189 ad
1718 4123 1958 4189 librum
2002 4144 2506 4210 pergameneum
2547 4120 3003 4205 inscribendis,
3061 4123 3226 4187 sicut
3269 4121 3543 4209 diligitis
3584 4121 3688 4188 bo-

837 4245 991 4287 num
1034 4219 1291 4307 collegii
1329 4232 1391 4287 et
1436 4223 1555 4288 sub
1603 4244 1814 4310 poena
1852 4245 1984 4288 non
2028 4219 2577 4287 contradicendi.“
2660 4219 2889 4308 Ibique
2943 4222 3067 4287 fuit
3119 4221 3492 4288 conclusum
3548 4243 3688 4287 con-

840 4319 1124 4387 corditer
1179 4344 1297 4408 per
1349 4345 1571 4388 omnes
1614 4323 1962 4408 magistros
2014 4330 2171 4386 tunc
2227 4330 2601 4406 praesentes
2661 4332 2724 4384 et
2776 4343 2896 4407 per
2953 4330 3409 4408 procuratores
3463 4320 3687 4387 absen-

840 4422 1033 4503 cium,
1086 4419 1262 4486 nullo
1317 4422 1817 4503 contradicente,
1876 4421 2049 4508 quod
2106 4428 2347 4486 statuta
2406 4418 2806 4506 subscripta,
2863 4421 3045 4506 prius
3087 4420 3320 4503 iurata,
3376 4429 3444 4485 et
3498 4422 3684 4486 etiam

842 4542 1054 4608 pauca
1107 4520 1326 4607 aliqua
1384 4519 1464 4587 de
1520 4543 1691 4587 novo
1748 4518 1975 4585 addita
2032 4519 2118 4585 ad
2172 4517 2410 4583 librum
2462 4540 2964 4609 pergameneum
3015 4519 3226 4584 forent
3277 4519 3692 4586 inscribenda

759 4631 827 4686 30
845 4630 908 4685 et
949 4619 1029 4684 de
1076 4628 1287 4684 cetero
1329 4643 1448 4706 pro
1489 4618 1996 4685 racionabilibus
2041 4628 2104 4684 et
2141 4620 2373 4684 iuratis
2420 4619 2676 4684 statutis
2719 4619 3101 4685 inconcusse
3142 4621 3442 4689 tenenda.

1000 4923 1019 4974 1
1059 4917 1436 4975 Geschrieben
1476 4916 1623 4974 steht
1654 4919 1895 4973 Petrum.
1963 4918 2164 4973 Petrus
2197 4919 2267 4975 de
2306 4920 2544 4992 Wegwy
2579 4920 2727 4976 lebte
2768 4925 2900 4976 1427
2934 4918 3094 4975 noch.

995 5006 1024 5056 2
1060 5001 1232 5058 Beide
1267 5019 1450 5058 waren
1484 5001 1641 5057 nicht
1677 5002 2038 5076 Collegiaten.
2147 5026 2154 5033 ·

996 5091 1025 5139 3
1066 5086 1151 5140 Im
1186 5085 1440 5158 original
1490 5086 1754 5144 erhalten.
1812 5088 1938 5159 Vgl.
1978 5086 2252 5144 Urkundl.
2294 5087 2541 5152 Quellen.
2601 5087 2656 5144 S.
2700 5092 2797 5143 743
2836 5086 2913 5158 fg.
2991 5085 3098 5141 Die
3127 5085 3412 5142 einzelnen
3451 5087 3692 5143 Abstitze

846 5168 968 5223 sind
1002 5187 1111 5225 von
1147 5170 1288 5225 alter
1310 5170 1478 5225 Hand
1515 5170 1679 5231 (doch
1705 5168 1851 5225 nach
1881 5176 2029 5235 1491)
2063 5170 2483 5240 durchlaufend,
2517 5172 2620 5227 wie
2654 5170 2787 5238 hier,
2821 5169 3055 5243 geziihlt.
3115 5171 3241 5227 Nur
3273 5170 3362 5226 bei
3399 5176 3469 5228 52
3501 5172 3576 5227 ist
3605 5172 3690 5228 ein

844 5251 1045 5308 Fehler
1072 5252 1348 5323 gemacht,
1379 5255 1478 5310 der
1509 5254 1628 5309 sich
1656 5253 1862 5325 jedoch
1895 5254 2026 5309 bald
2062 5254 2298 5326 erledigt
2331 5255 2398 5327 (s.
2435 5257 2525 5328 ιι),
