4038 6358
874 573 996 640 332
1851 580 1953 631 Die
1998 583 2435 647 philosophi-che
2468 585 2724 637 facultas

873 755 1290 844 subsequenti
1338 762 1478 827 eius
1521 766 2021 832 conversacione
2069 765 2383 835 laudabili
2438 776 2908 859 praesumatur.
2991 767 3083 835 Et
3124 766 3319 834 talem
3369 785 3746 832 exc-esaum

872 856 1147 924 facultas
1211 862 1459 929 arcium
1523 872 1783 951 reputat
1840 865 2192 933 notabilem
2254 878 2319 934 et
2373 870 2715 952 notorium,
2781 866 2863 933 de
2919 859 3048 955 quo
3111 887 3232 957 per
3279 876 3630 932 rectorem
3681 872 3747 928 et

873 975 1236 1026 assessores
1281 963 1416 1027 eius
1458 964 1897 1030 incarceratus
1937 966 2150 1048 fuerit,
2192 967 2299 1033 vel
2341 970 2398 1033 si
2439 967 2738 1055 publicus
2777 968 3241 1033 meritricarius
3283 966 3519 1047 fuerit,
3564 962 3742 1028 scili-

874 1064 975 1121 cet
1026 1058 1197 1143 quod
1250 1060 1318 1125 in
1362 1061 1552 1128 domo
1604 1062 2037 1130 habitacionis
2094 1089 2248 1133 suae
2303 1063 2635 1133 mulierem
2692 1075 3061 1154 suspectam
3116 1064 3378 1153 publice
3440 1064 3744 1130 tenuerit

787 1161 821 1217 5
873 1153 977 1219 vel
1029 1157 1114 1222 ad
1167 1160 1508 1227 comodum
1556 1161 1793 1229 bursae
1846 1186 2000 1229 suae
2051 1165 2247 1232 talem
2296 1166 2761 1250 introduxerit,
2817 1176 2882 1233 et
2937 1166 3020 1232 de
3065 1167 3187 1233 hoc
3230 1166 3592 1231 convictus
3635 1162 3742 1228 vel

871 1255 1203 1323 confessus
1246 1259 1349 1325 vel
1392 1283 1510 1348 per
1553 1273 2005 1330 conventorem
2049 1275 2314 1354 propter
2365 1266 2537 1333 hunc
2592 1277 2656 1333 et
2707 1264 3056 1353 quemlibet
3112 1265 3313 1331 alium
3370 1286 3738 1331 excessum

868 1353 952 1419 de
1004 1354 1206 1423 bursa
1259 1381 1375 1424 sua
1419 1360 1727 1449 expulsus
1768 1363 1992 1447 fuerit,
2045 1364 2151 1430 vel
2204 1367 2272 1430 in
2323 1365 2681 1453 prostibulo
2724 1365 2829 1432 vel
2881 1374 3071 1430 extra
3124 1362 3384 1452 publice
3439 1386 3524 1430 se
3587 1386 3739 1452 per·

870 1457 1172 1539 cusserit,
1229 1457 1333 1524 vel
1372 1458 1468 1525 ibi
1509 1460 1882 1528 vulneratus
1924 1485 2007 1528 ex
2052 1464 2245 1552 culpa
2284 1488 2402 1531 sua
2438 1465 2636 1531 fuerit
2675 1472 2907 1553 captus
2947 1464 3054 1529 vel
3096 1462 3578 1551 deprehensuS,
3630 1461 3736 1528 vel

869 1554 1109 1641 qui'ad
1145 1556 1407 1623 taxillus
1449 1560 1517 1624 in
1558 1560 1847 1626 tabernis
1889 1561 2148 1650 publice
2200 1563 2445 1648 luserit,
2499 1563 2606 1630 vel
2660 1562 3080 1630 hastiludium
3133 1564 3203 1629 in
3255 1563 3399 1630 foro
3452 1561 3735 1651 publice

792 1659 855 1717 10
873 1658 1264 1740 exercuerit,
1317 1657 1423 1724 vel
1481 1661 1591 1746 qui
1645 1660 1865 1727 verbis
1916 1664 2247 1730 iniuriosis
2296 1664 2577 1751 aliquem
2624 1664 3084 1750 magistrorum
3134 1659 3394 1750 publice
3444 1661 3732 1727 laeserit

868 1750 974 1818 vel
1026 1754 1238 1841 ipsum
1282 1759 1595 1825 iniuriose
1647 1765 2069 1848 percusserit,
2121 1762 2227 1829 vel
2279 1764 2523 1829 furtum
2563 1763 2667 1829 vel
2722 1762 2884 1828 alios
2926 1784 3255 1845 excessus,
3309 1782 3471 1847 quos
3521 1762 3728 1827 comi-

869 1861 1040 1917 tatur
1079 1854 1345 1922 infamia
1385 1857 1489 1924 vel
1532 1860 1926 1944 scandalum,
1983 1861 2376 1930 commiserit
2416 1861 2521 1928 vel
2573 1863 3079 1950 perpetraverit:
3162 1882 3436 1949 quorum
3490 1858 3723 1925 nullus

870 1953 1075 2017 eciam
1118 1955 1172 2019 si
1212 1955 1295 2021 de
1341 1955 1557 2046 aliquo
1600 1960 2084 2047 praedictorum
2128 1984 2507 2028 excessuum
2551 1971 2891 2048 suspectus
2932 1960 3037 2026 vel
3089 1961 3437 2025 infamatus
3493 1959 3720 2041 fuerit,

869 2053 994 2117 nisi
1036 2075 1105 2119 se
1146 2053 1229 2120 de
1269 2055 1385 2121 tali
1428 2081 1545 2145 per
1587 2083 1770 2126 suum
1811 2063 2242 2127 iuramentum
2280 2062 2779 2148 expurgaverit,
2834 2059 2920 2126 ad
2972 2079 3248 2126 examen
3288 2058 3393 2127 vel
3435 2066 3719 2146 tempta·

789 2159 850 2216 15
868 2174 1035 2236 men,
1087 2163 1160 2220 ut
1202 2158 1630 2241 praemissum
1671 2169 1798 2243 est,
1854 2159 2070 2248 aliquo
2110 2160 2300 2228 modo
2340 2159 2734 2226 admittatur.
2819 2160 2911 2225 Et
2968 2160 3025 2225 si
3077 2157 3334 2246 aliquis,
3389 2157 3717 2224 defectum

864 2253 1175 2320 natalium
1214 2257 1499 2342 paciens,
1555 2258 1641 2323 ad
1690 2258 1972 2348 aliquem
2021 2259 2298 2346 gradum
2341 2260 2411 2324 in
2454 2258 2704 2324 artibus
2744 2259 2939 2325 fuerit
2979 2266 3314 2346 promotus
3357 2266 3422 2322 et
3464 2257 3546 2323 de
3591 2255 3718 2321 hoc

867 2354 1241 2436 constiterit,
1284 2354 1387 2420 vel
1431 2357 1483 2421 si
1528 2356 1608 2423 de
1648 2362 1794 2446 ipso
1834 2358 2097 2447 publica
2144 2357 2401 2425 laborat
2441 2358 2726 2440 infamia,
2781 2358 2907 2422 nisi
2951 2380 3020 2424 se
3063 2355 3212 2422 talis
3252 2355 3471 2422 debito
3512 2354 3712 2422 modo

867 2456 1362 2539 expurgaverit,
1427 2456 1728 2523 exclusus
1792 2460 1877 2523 sit
1937 2467 2264 2552 perpetue⁵
2313 2481 2353 2523 a
2416 2457 2722 2523 facultate
2786 2458 3064 2539 arcium,
3128 2457 3440 2542 magister
3500 2455 3710 2521 eciam

865 2551 1061 2617 talem
1127 2554 1403 2620 scienter
1468 2579 1855 2643 promovens
1920 2558 2006 2625 ab
2078 2557 2334 2624 actibus
2399 2555 2759 2622 scolasticis
2822 2578 2943 2644 per
3013 2555 3363 2621 triennium
3427 2557 3508 2620 sit
3569 2577 3706 2620 sus-

782 2657 851 2715 20
869 2673 1130 2739 pensus.

904 2824 1000 2885 41.
1044 2837 1185 2898 Quo
1228 2835 1428 2888 nono
1472 2841 1988 2891 PROMOVENDUS
2031 2843 2106 2892 m
2145 2843 2440 2893 ammos
2485 2839 2812 2891 mamm}
2852 2837 3070 2888 suun
3115 2835 3190 2887 m
3228 2833 3469 2886 Bmzsm
3506 2838 3640 2886 vm,

1805 2940 2172 2992 coamens
2212 2944 2304 2991 m*
2350 2943 2491 3004 Quo
2535 2940 2756 2991 mono,

1028 3069 1192 3135 Item
1229 3069 1439 3137 nullus
1486 3071 1863 3140 admittatur
1916 3074 2004 3140 ad
2057 3096 2333 3141 examen
2376 3075 2481 3142 vel
2540 3081 2937 3160 temptamen
2989 3071 3058 3136 in
3112 3067 3383 3152 artibus,
3439 3070 3561 3135 nisi
3611 3068 3693 3134 ad

863 3169 1074 3235 minus
1116 3192 1235 3258 per
1275 3194 1514 3237 annum
1553 3174 1875 3260 integrum
1914 3175 1984 3240 in
2023 3174 2223 3242 bursa
2264 3174 2368 3244 vel
2407 3174 2679 3262 collegio
2721 3170 2988 3253 steterit,
3046 3169 3173 3235 nisi
3213 3166 3383 3239 filius
3429 3170 3693 3235 civitatis

785 3276 851 3333 25
869 3268 1066 3334 fuerit
1102 3268 1209 3334 vel
1252 3269 1414 3336 alias
1458 3271 1621 3339 adeo
1665 3272 2052 3340 habundans
2090 3274 2194 3340 vel
2236 3274 2539 3342 notabilis
2580 3273 2793 3354 fuerit,
2852 3269 3024 3359 quod
3068 3268 3328 3335 domum
3371 3271 3691 3357 propriam

864 3378 1084 3434 tenere
1126 3378 1190 3435 et
1232 3392 1553 3458 expensas
1595 3375 1899 3461 proprias
1940 3396 2072 3439 una
2115 3397 2263 3440 cum
2315 3376 2629 3461 magistro
2670 3369 2777 3436 vel
2833 3370 3252 3436 informatore
3266 3369 3305 3448 ¹,
3361 3367 3496 3451 vel,
3547 3390 3689 3455 pau-

862 3476 1115 3555 pertate
1155 3479 1487 3555 gravatus,
1533 3472 1874 3538 serviendo
1915 3472 2075 3539 alibi
2118 3496 2443 3561 expensas
2485 3476 2553 3538 in
2596 3480 2730 3538 toto
2773 3468 2876 3536 vel
2919 3491 3039 3557 pro
3080 3467 3430 3535 medietate
3469 3468 3690 3555 poterit

861 3565 1103 3633 habere
1156 3570 1381 3654 gratis,
1434 3568 1517 3635 de
1571 3593 1696 3658 quo
1737 3570 1929 3637 fidem
1987 3572 2282 3638 facultati
2341 3571 2460 3637 sub
2505 3595 2624 3638 sua
2678 3568 3086 3637 consciencia
3140 3589 3259 3654 per
3310 3566 3475 3634 duos
3525 3569 3687 3633 viros

860 3666 1172 3754 ydoneos,
1216 3668 1327 3754 qui
1369 3668 1640 3734 credant
1679 3670 1775 3735 ita
1815 3671 1973 3755 fore,
2014 3672 2234 3737 facere
2277 3670 2619 3758 obligatur.

771 3859 842 3917 30
1124 3857 1221 3920 42.
1262 3868 1357 3917 m:
1398 3869 1803 3919 mmmmm
1846 3872 2306 3921 Pnomovnnm
2351 3873 2422 3921 m
2464 3870 2759 3920 anneus
2804 3867 2939 3917 vm,
2981 3866 3434 3919 nummum

2047 4007 2169 4071 vgl.
2208 4022 2256 4058 a.
2295 4006 2370 4059 St.
2410 4007 2491 4059 29.

1025 4134 1189 4201 Item
1251 4135 1534 4202 decanus
1597 4136 1839 4203 nullum
1902 4136 2095 4204 debet
2156 4137 2513 4204 inscribere
2577 4158 2698 4225 pro
2752 4135 3071 4217 examine,
3133 4132 3262 4200 nisi
3321 4134 3507 4221 prius
3572 4132 3692 4200 tale

859 4235 1087 4300 fecerit
1145 4236 1605 4302 iuramentum:
1686 4236 1874 4324 „Ego
1935 4238 2033 4302 .N.
2094 4237 2267 4320 iuro,
2331 4237 2503 4326 quod
2564 4258 2684 4301 nec
2742 4236 3005 4301 accione
3064 4255 3185 4299 nec
3240 4231 3524 4317 ulcione,
3581 4255 3692 4299 nec

857 4333 1058 4402 verbo
1102 4358 1220 4400 nec
1262 4335 1456 4418 facto,
1510 4357 1632 4401 nec
1672 4359 1790 4424 per
1848 4359 1950 4402 me
1991 4359 2115 4402 nec
2166 4359 2284 4425 per
2329 4336 2549 4419 alium,
2602 4358 2723 4401 nec
2766 4333 3009 4399 directe
3052 4354 3172 4398 nec
3215 4332 3549 4416 indirecte,
3598 4330 3691 4397 vel

777 4443 846 4501 35
866 4457 1243 4524 quocunque
1302 4433 1431 4500 alio
1487 4434 1680 4501 modo
1735 4458 1838 4501 me
1891 4435 2088 4502 velim
2140 4434 2506 4519 vindicare,
2566 4432 2622 4501 si
2678 4433 2762 4500 ad
2822 4452 3098 4499 examen
3150 4430 3255 4498 vel
3311 4440 3690 4519 temptamen

860 4554 991 4599 non
1044 4534 1228 4600 fuero
1284 4533 1607 4599 admissus
1664 4534 1768 4601 vel
1823 4534 2032 4601 eciam
2093 4545 2245 4624 post
2299 4558 2575 4600 examen
2629 4533 2737 4600 vel
2789 4543 3186 4621 temptamen
3240 4532 3536 4615 reiectus,
3585 4528 3690 4596 sub
3789 4581 3794 4587 .

859 4655 1077 4721 poena
1123 4634 1412 4720 periurii,
1465 4632 1639 4719 quod
1690 4642 1918 4700 contra
1970 4636 2216 4701 faciens
2270 4635 2415 4722 ipso
2468 4635 2641 4700 facto
2692 4634 2976 4716 incurro,
3029 4642 3093 4698 et
3134 4640 3391 4698 centum
3439 4630 3690 4698 floreno·

858 4756 1021 4816 rum,
1081 4754 1352 4819 quorum
1407 4732 1720 4799 medietas
1776 4732 1966 4800 cedat
2021 4735 2144 4819 illi,
2203 4758 2392 4824 quem
2454 4734 2548 4800 sic
2602 4734 2945 4821 impetam,
2999 4730 3131 4797 alia
3183 4753 3339 4797 vero
3393 4730 3684 4797 medietas

861 4832 1051 4899 cedat
1088 4832 1445 4898 facultati.“

1023 5106 1045 5156 1
1088 5097 1369 5157 Hiernacb
1402 5114 1515 5155 war
1546 5098 1789 5172 anfangs
1813 5100 2030 5173 poterit
2060 5098 2438 5172 geschriebem
2476 5098 2612 5155 aber
2643 5096 2844 5153 wieder
2879 5092 3320 5166 ausgestrichen.
