4038 6358
791 630 914 698 408
1767 628 1870 680 Die
1916 628 2364 693 philosophische
2395 630 2652 683 Faculttt.

792 814 930 880 eius
969 811 1412 878 incarceratus
1450 809 1676 894 fuerit,
1719 811 1825 879 vel
1871 812 1927 879 si
1982 810 2286 900 publicus
2339 812 2822 879 meretricarius
2876 813 3074 880 fuerit
3087 863 3107 898 ,
3169 812 3407 880 scilicet
3475 812 3698 904 quod

789 914 860 981 in
902 912 1094 978 domo
1133 908 1554 978 habitationis
1597 934 1754 979 suae
1796 911 2133 978 mulierem
2175 919 2542 999 suspectam
2586 909 2849 999 publice
2902 915 3184 980 tenuerit
3197 963 3217 996 ,
3262 913 3362 979 vel
3400 912 3508 980 ad
3564 936 3693 979 oo-

791 1012 1056 1080 modum
1094 1009 1339 1076 bursae
1383 1033 1541 1077 suae
1574 1011 1770 1079 talem
1808 1011 2276 1095 introduxerit,
2318 1009 2425 1076 vel
2484 1011 2616 1078 alia
2672 1012 2862 1079 domo
2920 1035 3034 1079 seu
3091 1012 3490 1081 domuncula
3561 1013 3687 1080 vel

791 1109 1062 1179 comodo
1104 1111 1431 1176 meretrici
1474 1111 1776 1199 publicae
1817 1111 1923 1178 vel
1965 1109 2419 1177 meretricibus
2463 1111 2742 1199 publicis
2787 1122 3209 1181 conversatus
3266 1114 3456 1180 fuerit
3471 1164 3497 1199 ,
3555 1113 3684 1180 vel

707 1224 741 1279 5
798 1214 868 1279 in
909 1209 1370 1278 collacionibus
1413 1221 1526 1276 aut
1560 1211 1890 1300 prandiis,
1933 1211 2048 1278 ubi
2100 1211 2296 1277 talem
2347 1209 2455 1276 vel
2505 1210 2669 1278 tales
2722 1234 2865 1279 esse
2920 1214 3221 1297 sciverit,
3261 1214 3494 1298 fuerit,
3550 1214 3678 1280 vel

791 1312 1006 1378 locum
1067 1317 1470 1397 suspectum,
1524 1310 1829 1378 videlicet
1880 1310 2347 1399 prostibulum,
2403 1310 2799 1397 visitaverit,
2855 1321 2921 1377 et
2980 1312 3062 1379 de
3115 1313 3241 1380 hoc
3306 1315 3674 1380 convictus

793 1409 898 1477 vel
957 1409 1288 1476 confessus
1342 1409 1447 1476 vel
1500 1433 1618 1498 per
1673 1420 2132 1477 conventorem
2191 1417 2460 1497 propter
2510 1409 2683 1477 hunc
2749 1421 2814 1477 et
2869 1412 3221 1500 quemlibet
3275 1412 3465 1479 alium
3535 1435 3669 1479 ex-

800 1535 1053 1579 cessum
1099 1510 1181 1575 de
1222 1509 1422 1576 bursa
1465 1534 1584 1576 sua
1623 1511 1932 1599 expulsus
1974 1511 2190 1593 fuerit,
2233 1508 2338 1574 vel
2378 1510 2447 1573 in
2491 1511 2855 1596 prostibulo
2898 1513 3005 1578 vel
3046 1522 3238 1580 extra
3273 1512 3536 1601 publice
3583 1534 3668 1578 se

796 1611 1217 1700 percusserit,
1259 1609 1363 1675 vel
1400 1610 1494 1676 ibi
1533 1609 1880 1677 wlneratus
1939 1633 2024 1676 ex
2077 1610 2268 1699 culpa
2326 1631 2444 1674 sua
2492 1609 2691 1675 fuerit
2742 1622 2972 1700 captus
3016 1612 3121 1679 vel
3181 1612 3661 1702 deprehensus,

714 1710 899 1778 lovel
934 1711 1046 1798 qui
1081 1708 1167 1775 ad
1197 1708 1461 1776 taxillos
1487 1710 1557 1775 in
1589 1710 1878 1777 tabernis
1907 1709 2169 1798 publice
2198 1707 2443 1791 luserit,
2482 1707 2587 1774 vel
2625 1709 3044 1778 hastiludium
3084 1715 3155 1777 in
3195 1713 3340 1779 foro
3382 1712 3659 1802 publice

797 1810 1163 1876 exercuerit
1176 1858 1195 1892 ,
1240 1808 1346 1875 vel
1389 1810 1502 1897 qui
1544 1809 1763 1876 verbis
1818 1811 2151 1876 iniuriosis
2207 1807 2491 1896 aliquem
2542 1810 3008 1896 magistrorum
3062 1812 3326 1900 publice
3377 1812 3656 1878 laeserit

797 1910 903 1976 vel
941 1911 1156 1997 ipsum
1196 1909 1505 1974 iniuriose
1552 1911 1981 1997 percusserit,
2024 1907 2130 1974 vel
2180 1907 2425 1973 furtum
2467 1907 2574 1972 vel
2628 1908 2789 1975 alios
2844 1932 3184 1995 excessus,
3230 1934 3394 2001 quos
3444 1914 3650 1979 comi-

793 2018 970 2074 tatur
1007 2008 1278 2074 infamia
1318 2007 1423 2073 vel
1465 2008 1875 2092 scandalum,
1919 2007 2315 2073 commiserit
2351 2005 2456 2070 vel
2513 2012 3011 2095 perpetraverit.
3096 2011 3392 2092 Quorum
3425 2011 3647 2077 nullus

800 2109 1028 2191 eciam,
1073 2109 1129 2174 si
1173 2107 1257 2172 de
1299 2106 1515 2196 aliquo
1558 2107 2042 2197 praedictorum
2087 2127 2473 2172 excessuum
2509 2118 2847 2195 suspectus
2885 2109 2991 2176 vel
3031 2111 3384 2177 infamatus
3425 2111 3646 2194 fuerit,

717 2217 778 2275 15
797 2208 926 2273 nisi
977 2229 1047 2273 se
1103 2207 1185 2273 de
1229 2207 1347 2273 tali
1399 2229 1518 2295 per
1570 2230 1752 2273 suum
1801 2208 2235 2273 iuramentum
2285 2210 2783 2293 expurgaverit,
2825 2208 2912 2274 ad
2978 2232 3285 2294 examen,
3333 2218 3406 2275 ut
3455 2232 3642 2298 prae-

796 2308 1067 2373 missum
1109 2315 1224 2389 est,
1268 2305 1484 2392 aliquo
1525 2306 1716 2373 modo
1758 2306 2156 2372 admittatur.

955 2405 1120 2471 Item
1175 2404 1458 2472 decanus
1512 2405 1759 2473 nullum
1811 2405 2005 2472 debet
2071 2403 2429 2470 inscribere
2486 2428 2607 2494 pro
2667 2409 2968 2473 examine
2984 2458 3003 2491 ‚
3061 2409 3188 2473 nisi
3258 2408 3446 2496 prius
3512 2407 3638 2473 tale

790 2506 1018 2572 fecerit
1056 2506 1520 2571 iuramentum:
1581 2505 1769 2591 „Ego
1812 2505 1909 2570 .N.
1951 2506 2095 2570 iuro
2110 2554 2130 2587 ‚
2175 2502 2351 2591 quod
2391 2526 2513 2569 nec
2564 2507 2820 2571 actione
2872 2529 2992 2572 nec
3042 2507 3315 2589 ultione,
3357 2529 3485 2573 nec
3524 2529 3637 2594 per

793 2628 898 2671 me
937 2627 1060 2670 nec
1102 2626 1220 2691 per
1277 2604 1475 2671 alium
1492 2652 1512 2687 ,
1555 2604 1799 2671 directe
1853 2603 1960 2670 vel
2010 2603 2358 2685 indirecte,
2416 2603 2621 2671 verbo
2674 2605 2779 2670 vel
2835 2605 3008 2672 facto
3062 2603 3168 2672 vel
3224 2607 3461 2694 quovis
3516 2606 3633 2672 alio

711 2703 988 2772 20modo
1008 2703 1202 2770 velim
1233 2726 1338 2769 me
1361 2702 1718 2787 vindicare,
1760 2704 1815 2768 si
1848 2703 1936 2769 ad
1968 2726 2247 2769 examen
2276 2723 2407 2766 non
2440 2702 2750 2769 admittar
2787 2704 2892 2771 vel
2931 2707 3138 2771 eciam
3178 2716 3330 2793 post
3371 2729 3635 2772 examen

790 2806 1060 2887 reiciar,
1102 2801 1222 2868 sub
1264 2824 1474 2891 poena
1519 2804 1823 2891 periurii,
1864 2802 2039 2892 quod
2080 2811 2309 2868 contra
2344 2801 2592 2868 faciens
2634 2804 2778 2891 ipso
2823 2805 2997 2871 facto
3039 2806 3301 2871 incurro
3320 2855 3338 2888 ,
3385 2814 3451 2871 et
3496 2828 3630 2871 cen-

791 2913 930 2969 tum
984 2903 1407 2985 florenorum,
1450 2925 1722 2992 quorum
1775 2902 2090 2969 medietas
2149 2901 2340 2967 cedat
2392 2899 2520 2984 illi,
2573 2924 2765 2991 quem
2824 2906 2920 2970 sic
2968 2903 3259 2986 offendo,
3308 2903 3445 2970 alia
3484 2927 3631 2971 vero

796 3002 1112 3070 medietas
1156 3000 1346 3067 cedat
1385 3000 1699 3067 facultati.
1787 3001 1898 3068 Sic
1936 3024 2043 3068 me
2085 3001 2246 3067 deus
2289 2999 2559 3067 adiuvet
2597 3010 2663 3068 et
2703 3012 2932 3069 sancta
2976 3003 3081 3070 dei
3130 3003 3552 3091 ewangelia.“

1026 3194 1121 3255 10.
1184 3205 1279 3252 DE
1322 3203 1554 3253 POENA
1592 3203 2134 3253 MOLESTANOIUM
2173 3202 2714 3253 EXAMINATOBES
2754 3206 2847 3256 ΕΤ
2890 3191 3419 3255 nffEDITORES.¹

710 3331 777 3389 25
958 3321 1122 3386 Item
1162 3319 1378 3387 nullus
1419 3321 1673 3386 actione
1711 3319 1815 3385 vel
1857 3320 2130 3403 ultione,
2173 3340 2291 3405 per
2334 3338 2406 3381 se
2443 3317 2548 3383 vel
2591 3342 2711 3407 per
2755 3321 2953 3388 alium
2968 3371 2988 3406 ,
3033 3321 3279 3388 directe
3318 3322 3428 3389 vel
3469 3323 3632 3389 indi-

792 3431 969 3489 recte
985 3469 1005 3504 ,
1047 3418 1250 3485 verbo
1293 3418 1397 3485 vel
1438 3420 1611 3485 facto
1660 3418 1765 3485 vel
1819 3440 2199 3506 quocunque
2252 3415 2382 3481 alio
2443 3417 2633 3484 modo
2680 3420 2950 3508 impetat
3003 3421 3110 3486 vel
3163 3421 3467 3488 molestet
3529 3422 3636 3488 ali-

797 3543 988 3610 quem
1035 3518 1117 3584 de
1170 3520 1504 3606 magistris
1546 3518 1652 3584 vel
1708 3516 2265 3584 examinatoribus
2321 3537 2444 3603 pro
2505 3539 2581 3583 eo
2595 3567 2615 3601 ,
2670 3519 2846 3606 quod
2899 3521 3177 3607 aliquem
3236 3520 3317 3586 de
3371 3524 3510 3588 suis
3557 3522 3638 3589 ad

795 3641 1070 3685 examen
1098 3617 1205 3682 vel
1232 3618 1509 3704 gradum
1535 3618 2010 3685 baccalariatus
2034 3640 2117 3682 ex
2150 3638 2353 3681 causa
2394 3617 2773 3685 rationabili
2811 3643 2944 3686 non
2983 3621 3250 3687 admisit
3292 3621 3399 3687 vel
3441 3624 3640 3688 eciam

797 3718 1070 3787 eundem
1107 3719 1296 3783 iuxta
1336 3720 1808 3785 conscienciam
1845 3740 2030 3784 suam
2072 3726 2137 3781 et
2175 3717 2610 3781 iuramentum
2651 3719 2995 3806 impedivit
3031 3719 3137 3786 vel
3178 3729 3516 3808 tamquam
3551 3725 3637 3787 in·

713 3828 782 3886 30
803 3818 1069 3905 dignum
1123 3818 1367 3883 reiecit.
1453 3818 1868 3886 Contrarium
1911 3818 2158 3882 faciens
2201 3814 2372 3880 ultra
2416 3826 2667 3883 reatum
2707 3820 3011 3906 periurii,
3050 3818 3225 3907 quod
3274 3821 3424 3908 ipso
3469 3821 3634 3887 facto

796 3919 1087 4000 incurrit,
1130 3926 1194 3982 et
1234 3926 1492 3982 centum
1532 3918 1923 3984 florenorum
1962 3938 2259 4004 poenam,
2300 3937 2573 4002 quorum
2617 3917 2929 3984 medietas
2971 3917 3162 3984 cedat
3202 3917 3297 3984 illi
3343 3918 3451 3985 vel
3494 3919 3636 4004 illis,

797 4039 988 4106 quem
1031 4015 1137 4081 vel
1180 4038 1341 4103 quos
1378 4018 1473 4081 sic
1515 4019 1767 4106 impetit
1803 4017 1908 4084 vel
1952 4014 2270 4097 molestat,
2314 4012 2444 4079 alia
2485 4016 2797 4083 medietas
2843 4017 3031 4083 cedat
3067 4015 3390 4103 facultati,
3436 4023 3636 4086 eciam

797 4125 1107 4206 perpetue
1148 4138 1188 4181 a
1233 4117 1537 4184 facultate
1590 4120 1840 4183 arcium
1899 4118 1984 4182 sit
2041 4113 2363 4181 exclusus.
2450 4114 2736 4182 Tenetur
2795 4120 3003 4183 eciam
3054 4117 3331 4184 facultas
3384 4118 3485 4184 illi
3539 4119 3635 4185 vel

798 4216 931 4283 illis
951 4267 970 4301 ,
1015 4216 1125 4304 qui
1169 4216 1263 4281 sic
1304 4218 1636 4305 impetitur
1681 4227 1791 4285 aut
1833 4218 2263 4304 impetuntur,
2306 4212 2687 4282 molestatur
2728 4227 2840 4284 aut
2879 4217 3333 4302 molestantur,
3379 4218 3636 4285 realiter

715 4327 782 4385 35
801 4340 948 4383 cum
991 4316 1219 4381 effectu
1266 4318 1573 4383 assistere
1617 4325 1681 4383 et
1698 4366 1718 4401 ,
1764 4318 1817 4382 si
1861 4338 2026 4404 opus
2065 4314 2289 4397 fuerit,
2331 4314 2540 4380 eciam
2594 4315 2714 4381 sub
2756 4318 3060 4404 expensis
3118 4317 3451 4384 facultatis
3495 4342 3633 4407 pro·

801 4418 967 4506 priis
1007 4416 1280 4482 eundem
1316 4415 1422 4482 vel
1463 4417 1724 4484 eosdem
1741 4466 1759 4498 ,
1802 4417 2008 4481 eciam
2053 4438 2095 4479 a
2136 4412 2652 4502 quibuscunque,
2695 4420 2849 4482 totis
2890 4417 3142 4483 viribus
3184 4416 3528 4486 defensare
3559 4430 3633 4504 et,

799 4526 1109 4607 quantum
1149 4518 1220 4582 in
1260 4518 1382 4583 ea²
1423 4517 1647 4601 fuerit,
1689 4536 2068 4583 assecurare
2109 4537 2231 4580 nec
2272 4535 2403 4579 non
2442 4514 2726 4581 totaliter
2770 4515 3138 4603 exbrigare.

1365 4691 1461 4751 11.
1499 4702 1594 4751 Dr:
1636 4701 1946 4750 sumn
1986 4699 2237 4749 Momm
2275 4697 2514 4759 Quom
2557 4686 3083 4751 menmx'rssst

962 4817 1127 4884 Item
1167 4816 1439 4905 quilibet
1475 4818 1934 4905 magistrorum
1978 4815 2061 4880 de
2115 4813 2381 4880 consilio
2431 4815 2780 4901 facultatis,
2832 4840 2950 4905 per
3007 4817 3324 4885 decanum
3363 4821 3438 4886 in
3479 4842 3628 4886 exa-

718 4919 973 4984 40mine
996 4941 1246 4985 morum
1278 4918 1645 5008 requisitus,
1688 4914 2277 5010 teneturkrevelare
2319 4937 2625 4983 excessus
2666 4917 2985 4985 notabiles
3028 4926 3092 4983 et
3132 4918 3628 4987 insufficiencias

979 5157 1004 5208 1
1040 5151 1151 5208 Die
1186 5150 1405 5207 Rubrik
1438 5151 1515 5207 ist
1545 5155 1659 5206 erst
1690 5154 1877 5222 spiiter
1907 5149 2011 5205 mit
2047 5148 2352 5206 schwarzer
2384 5148 2555 5205 Tinte
2588 5147 3023 5222 nachgetragen.

971 5240 1003 5290 2
1041 5235 1413 5293 Geschrieben
1445 5233 1593 5291 steht
1630 5252 1711 5291 co.

977 5324 1009 5375 3
1043 5319 1207 5375 Auch
1235 5320 1385 5376 dieue
1418 5318 1635 5375 Rubrik
1665 5319 1741 5374 ist
1770 5324 1886 5374 erst
1915 5320 2103 5390 apator
2135 5316 2238 5373 mit
2271 5315 2577 5377 schwarzer
2607 5319 2777 5376 Tinte
2808 5320 3240 5393 nachgetragen.
