4038 6358
1191 674 1466 735 Entwiirfe
1500 692 1595 733 aus
1627 682 1728 733 den
1764 672 1964 733 salam
2002 674 2351 735 1443-1446.
3119 678 3234 747 371

394 856 599 926 fuerit
653 859 929 928 lucidius
982 861 1354 949 informata,
1413 865 1481 931 in
1540 865 1664 932 hoc
1710 864 1832 931 toti
1880 872 2141 931 nostrae
2180 860 2472 929 facultati
2525 862 2870 930 utilitatem
2922 868 2988 928 et
3041 862 3245 928 incre-

398 970 694 1027 mentum
752 984 881 1028 non
943 962 1266 1030 modicum
1331 964 1729 1032 exhibentes.
1808 964 2056 1033 Datum
2092 962 2288 1052 Liptz
2334 985 2503 1030 anno
2549 962 2655 1029 die
2698 1012 2716 1029 .
2759 1011 2776 1028 .
2822 1011 2840 1028 .
2892 961 3248 1029 decanatus

396 1059 735 1128 facultatis
777 1062 1024 1128 arcium
1069 1062 1190 1129 sub
1226 1063 1456 1151 sigillo.

967 1179 1276 1248 Decanus
1318 1191 1382 1248 et
1422 1181 1720 1269 magistri
1760 1178 2087 1246 facultatis
2133 1180 2383 1245 arcium
2431 1177 2628 1244 studii
2665 1175 3076 1265 Lyptzensis.

656 1520 712 1580 5.
753 1478 1028 1582 Annor¹
1071 1516 1377 1584 domini
1410 1516 1684 1584 mille⁰
1723 1517 2167 1584 ccccxnv‘·
2209 1514 2588 1604 deputati
2632 1512 3053 1600 magistri:
3299 1522 3333 1577 5

900 1647 1235 1716 Stenslaus
1278 1649 1360 1716 de
1399 1650 1602 1717 Auris
1996 1648 2389 1717 Polonorum

894 1747 1391 1816 Bartholomeus
1433 1643 1767 2049 Franks}
1806 1799 1887 1866 de
1937 1641 2508 2049 {Misenensium}
2531 1797 2812 1866 natione·

894 1847 1215 1914 Iohannes
1258 1847 1443 1916 Wise
1995 1848 2328 1915 Saxonum

897 1948 1238 2018 conradus
1277 1948 1532 2015 Wetter
1556 1952 1582 1991 ²
1991 1950 2395 2016 Bavarorum
3275 1978 3338 2037 10

1024 2148 1390 2207 GONGEPTA
1442 2147 1580 2198 PER
1633 2147 2051 2201 DEPUTATOS
2096 2151 2140 2199 A
2181 2149 2611 2203 FAOULTATE.

1835 2255 1892 2316 1.
2437 2326 2444 2333 ,

558 2369 669 2436 Ad
733 2366 1125 2435 servandum
1184 2364 1453 2431 divinae
1519 2364 1810 2435 caritatis
1872 2375 2293 2454 praeceptum
2357 2374 2423 2432 et
2462 2374 2534 2432 ut
2576 2366 2880 2454 magistri
2893 2417 2913 2452 ‚
2979 2367 3255 2435 aliorum

404 2468 791 2553 directores,
864 2468 935 2534 in
997 2466 1173 2534 omni
1234 2465 1745 2531 conversacione
1809 2474 1873 2530 et
1946 2466 2084 2531 vita
2150 2466 2282 2531 sint
2353 2465 2762 2555 exemplares
2829 2477 2896 2535 et
2957 2469 3027 2534 in
3081 2467 3255 2535 bono

398 2568 736 2635 amiciciae
802 2567 1139 2634 unanimes
1206 2572 1272 2630 et
1343 2562 1727 2649 concordes,
1796 2573 1868 2630 ut
1928 2566 2123 2631 etiam
2185 2566 2255 2631 in
2315 2565 2621 2633 facultate
2668 2568 2914 2635 arcium
2956 2567 3255 2633 meliores
3274 2575 3338 2634 15

403 2676 930 2755 promoveantur,
970 2664 1544 2732 subordinaciones
1570 2674 1634 2731 et
1659 2663 2139 2751 displicenciae,
2178 2665 2434 2731 unionis
2463 2666 2825 2734 amicabilis
2865 2667 3254 2751 turbativae,

397 2765 698 2834 odiorum
753 2774 818 2833 et
858 2787 1202 2833 raucorum
1238 2765 1658 2852 generativae
1668 2814 1688 2849 ,
1761 2786 1928 2853 quae
1939 2813 1958 2848 ,
2023 2772 2097 2830 ut
2147 2766 2599 2851 communiter,
2655 2768 2832 2832 circa
2885 2775 2949 2832 et
2987 2775 3256 2855 propter

406 2864 887 2955 promovendos
905 2866 1054 2932 fieri
1076 2874 1580 2948 consweverant‚
1624 2864 2016 2948 auferantur,
2062 2872 2128 2930 et
2167 2874 2241 2931 ut
2282 2864 2600 2954 impulsus
2643 2867 2811 2933 varii
2854 2866 2941 2933 ad
2981 2866 3258 2954 gradum

392 2966 874 3033 baccalariatus
917 2975 981 3031 et
1021 2965 1381 3050 magisterii
1431 2965 1614 3030 iuxta
1655 2964 2125 3031 continenciam
2165 2963 2392 3030 literae
2435 2968 2642 3032 nostri
2684 2967 2968 3053 graciosi
3011 2967 3256 3033 domini

392 3064 955 3152 Merseburgensis
1021 3063 1530 3150 restringantur,
1594 3065 1938 3152 peccunia,
2003 3087 2048 3130 a
2108 3064 2567 3151 promovendis
2635 3074 2930 3154 tempore
2999 3087 3257 3154 promo·
3274 3072 3343 3129 20

397 3166 606 3233 cionis
670 3163 1063 3253 colligenda,
1135 3186 1300 3252 quae
1367 3163 1805 3230 verisimiliter
1863 3164 2052 3230 istius
2122 3163 2681 3233 subordinacionis
2702 3216 2721 3251 ,
2797 3164 3259 3254 displicenciae

400 3275 597 3354 atque
642 3264 1063 3332 dissensionis
1119 3263 1378 3329 occasio
1418 3263 1560 3329 fore
1599 3262 1958 3330 dinoscitur
1973 3312 1989 3341 ,
2032 3265 2201 3331 inter
2237 3267 2584 3352 magistros
2622 3263 2953 3331 facultatis
3004 3268 3255 3332 arcium

399 3364 753 3432 secundum
799 3366 1126 3431 iusticiam
1167 3361 1648 3429 distributivam
1689 3363 2346 3451 proporcionabiliter
2388 3364 2741 3432 dividatur.

397 3536 455 3599 2.
496 3549 595 3598 na
635 3546 1178 3598 raonoroamus
1219 3543 1868 3612 Paouovnunoatm,
1923 3546 2019 3595 nn
2049 3513 2393 3598 raecum
2435 3547 2675 3601 mmm
2714 3549 2807 3597 ur
2848 3548 3257 3606 emmaum.

814 3683 1021 3735 Primus
1057 3683 1247 3733 modus
1286 3683 1353 3733 de
1386 3682 1555 3732 libera
1599 3682 1900 3732 donacione
1939 3693 1989 3732 et
2033 3683 2232 3747 absque
2279 3684 2583 3735 differ-enci·
2620 3686 2919 3736 nacionum.
3270 3688 3338 3745 25

567 3798 855 3881 Quilibet
919 3793 1395 3886 promovendus
1461 3795 1532 3859 in
1588 3791 2032 3861 baccalarium
2085 3806 2201 3866 aut
2237 3799 2641 3886 vmagistrum
2701 3797 3007 3865 retinebit
3063 3796 3254 3863 liber·

399 3909 602 3966 tatem
648 3896 930 3985 eligendi
968 3897 1038 3962 in
1080 3904 1515 3984 promotorem
1556 3917 1757 3960 unum
1797 3897 2281 3983 magistrorum,
2327 3898 2761 3990 cuiuscunque
2800 3898 2994 3964 fuerit
3034 3898 3257 3963 nacio-

399 4000 501 4065 nis
517 4049 539 4083 ,
595 3997 699 4063 cui
756 3995 1016 4085 publice
1065 3994 1152 4061 ad
1197 3993 1572 4061 cathedram
1625 3995 1821 4074 faciet
1889 3994 2094 4062 libere
2136 3999 2541 4084 praesentari
2594 4021 2715 4087 pro
2776 4000 2879 4065 sui
2936 4007 3000 4063 et
3055 3996 3253 4063 facul-

403 4100 559 4165 tatis
602 4097 848 4163 honore
896 4104 1151 4162 tantum
1165 4144 1185 4179 ‚
1241 4103 1553 4183 quantum
1611 4116 1767 4161 suae
1809 4094 2125 4183 legalitati
2185 4097 2396 4162 visum
2438 4097 2636 4162 fuerit
2676 4097 3021 4185 expedire,
3069 4117 3256 4184 prae-

402 4200 607 4265 missa
659 4206 877 4262 tamen
931 4194 1062 4261 fide
1131 4194 1306 4261 facta
1359 4193 1919 4261 examinatoribus
1983 4205 2049 4261 et
2094 4194 2388 4270 facultati
2455 4197 2889 4284 promissione
2951 4194 3256 4262 manuali.
3275 4205 3343 4261 30

403 4297 600 4382 Quod
644 4298 915 4386 quisque
958 4293 1439 4383 promovendus
1484 4292 1755 4359 daturus
1794 4294 1880 4360 sit
1916 4318 2034 4361 suo
2076 4295 2450 4384 promotori‚
2493 4318 2625 4361 non
2668 4294 2834 4361 clam
2879 4296 2995 4362 sed
3038 4294 3259 4384 palam

407 4396 815 4488 praesentari
861 4394 1062 4461 faciat
1087 4394 1113 4437 ³
1168 4401 1463 4482 tempore
1521 4415 1677 4460 suae
1719 4396 2158 4482 promocionis
2212 4417 2332 4482 pro
2390 4392 2685 4461 sollemni
2745 4395 2989 4463 honore
3042 4397 3254 4462 tocius

404 4496 771 4582 facultatis3
829 4516 1080 4584 pauper
1120 4514 1277 4560 vero
1294 4541 1313 4577 ,
1371 4493 1482 4582 qui
1526 4494 1845 4578 sig-netum
1902 4493 2225 4561 redimere
2277 4517 2406 4561 non
2441 4494 2685 4579 valuit,
2741 4495 2949 4582 gratis
2991 4505 3262 4585 propter

411 4595 601 4664 deum
632 4603 1111 4684 promoveatur.
1152 4593 1480 4661 Peccunia
1518 4615 1675 4660 vero
1719 4592 1937 4659 oblata
1978 4594 2104 4670 hoc
2145 4594 2336 4661 modo
2381 4592 2729 4678 dividatur,
2773 4594 2964 4683 quod,
3009 4593 3261 4660 duabus

403 4694 704 4785 partibus
748 4695 916 4762 inter
956 4694 1302 4781 magistros
1345 4693 1428 4760 de
1470 4691 1741 4760 concilio
1781 4692 2108 4760 facultatis
2151 4694 2504 4780 aequaliter
2545 4692 2803 4778 divisis,
2853 4694 3058 4759 tercia
3096 4716 3254 4782 pars
3276 4702 3344 4759 35

404 4797 574 4862 inter
631 4803 882 4861 ceteros
938 4794 1286 4880 magistros
1341 4801 1528 4860 extra
1588 4791 1928 4859 concilium
1982 4792 2360 4881 praedictae
2402 4791 2728 4860 facultatis
2771 4802 2921 4859 actu
2961 4802 3259 4881 regentes

402 4895 813 4963 uniformiter
856 4892 1298 4961 distribuatur.
2567 4895 2580 4906 “

582 5116 605 5169 1
646 5110 780 5168 Und
812 5126 959 5165 zwar
988 5108 1065 5164 im
1099 5098 1632 5182 Sommersemester3
1690 5109 1838 5166 deun
1894 5113 2069 5166 unten
2126 5108 2264 5165 wird
2324 5108 2590 5182 Nicolaus
2621 5110 2847 5169 Gai-den
2902 5110 2973 5167 de
3003 5110 3277 5182 Gripheu-

405 5194 1679 5270 hagenahDoeangenannuwaserms·
1728 5211 1861 5251 war.

575 5284 610 5337 2
644 5279 763 5335 Da
794 5278 961 5336 letzte
996 5277 1169 5333 heisst
1199 5277 1560 5353 vollsffindig:
1611 5277 1896 5337 conradus
1930 5275 2240 5343 Deinhssrdi
2274 5277 2347 5335 de
2376 5277 2610 5338 Wetter.
2729 5329 2737 5340 .

578 5368 614 5424 s
650 5362 992 5422 Undeutlich
1028 5360 1407 5436 gewhrieben.

2801 5450 2924 5522 24*
