4038 6358
916 623 1039 691 292
2017 622 2130 674 Das
2163 623 2412 676 Paulincr
2445 620 2653 687 colleg.

920 828 1098 892 pore,
1151 807 1331 872 cuius
1375 806 1719 872 autoritate
1771 807 1967 872 etiam
2022 806 2168 876 loca
2219 806 2518 895 publicae
2561 805 2894 872 doctrinae
2946 804 3215 890 singulis
3255 802 3362 869 his
3414 803 3718 890 professio-

920 904 1110 970 nibus
1152 905 1674 991 assignabuntur.

1083 1003 1268 1085 Quae
1311 1004 1671 1093 quibusque
1711 1007 2046 1093 assignata
2105 1016 2291 1072 erunt
2304 1056 2323 1090 ,
2380 1028 2459 1072 ea
2501 1006 2714 1094 quiete
2768 1013 2833 1070 et
2887 1001 3157 1091 pacifice
3199 1001 3506 1069 tenebunt
3542 1024 3720 1091 neque

915 1112 1155 1168 temere
1193 1103 1581 1170 audacter-ve
1621 1103 1832 1171 aliena
1875 1105 2305 1193 occupabunt.
2573 1177 2578 1182 ,

834 1212 867 1266 5
1082 1202 1394 1268 Famuli
1436 1202 1522 1269 ad
1564 1226 1848 1270 mensam
1891 1225 2292 1271 communem
2337 1204 2545 1270 additi
2585 1204 2916 1290 magistris
2958 1211 3233 1288 quatuor
3277 1200 3570 1266 obedient
3601 1204 3724 1267 sine

919 1304 1343 1368 recusatione.
1414 1302 1667 1368 Horum
1712 1306 2000 1392 quisque,
2044 1325 2185 1369 cum
2227 1304 2595 1390 recipietur,
2638 1304 2974 1389 promittet
3011 1302 3091 1385 ei,
3145 1302 3328 1365 cuius
3370 1310 3499 1365 tum
3536 1303 3724 1366 trime-

919 1402 1073 1466 stris
1122 1403 1368 1469 curatio
1412 1404 1561 1486 erit,
1621 1425 1689 1469 se
1731 1404 2195 1491 praestiturum
2231 1402 2507 1469 fideliter
2549 1425 2647 1487 ea,
2701 1424 2868 1490 quae
2910 1402 3041 1466 suis
3085 1398 3409 1485 capitibus
3459 1402 3725 1487 exposita

918 1510 1294 1587 sequuntur:
1768 1585 1773 1592 ι

1082 1599 1393 1684 Primum,
1432 1598 1597 1666 velle
1637 1623 1726 1686 se,
1767 1609 2074 1690 quantum
2105 1603 2328 1688 possit,
2370 1600 2683 1690 prodesse
2724 1600 3165 1666 communitati
3207 1597 3481 1685 collegii,
3519 1620 3725 1668 nocere

839 1699 1226 1786 10=scientem
1265 1698 1437 1765 nullo
1481 1697 1696 1768 modo,

1082 1796 1400 1883 SecundO,
1459 1798 1545 1864 ad
1602 1800 1818 1866 omnia
1871 1799 2166 1887 legitima
2222 1800 2403 1865 iussa
2457 1798 2788 1885 magistris
2849 1808 3124 1883 quatuor
3181 1807 3245 1863 et
3301 1797 3606 1884 imprimis
3649 1799 3726 1880 ei,

917 1898 1095 1963 cuius
1134 1899 1474 1964 trimestris
1515 1900 1762 1965 curatio
1805 1895 2127 1986 generalis
2167 1900 2384 1983 fuerit,
2428 1907 2691 1985 praesto
2736 1918 2894 1962 esse.

1082 1996 1326 2080 Tertio,
1381 1999 1451 2063 in
1508 2000 1680 2063 omni
1735 1999 1998 2065 servitio
2058 2022 2174 2065 suo
2235 2000 2432 2088 inque
2490 1999 2634 2064 cibo
2696 2019 2774 2062 ac
2831 2006 2989 2084 potu
3042 1995 3333 2079 emendo,
3389 1993 3726 2076 deferendo,

918 2094 1336 2168 custodiendo
1378 2098 1660 2182 itemque
1703 2098 1932 2164 ceteris
1990 2099 2059 2162 in
2115 2096 2309 2164 rebus
2367 2096 2454 2164 ad
2512 2121 2700 2164 usum
2746 2097 3132 2162 necessariis
3173 2095 3420 2162 nullam
3461 2093 3726 2160 fiaudem

840 2203 899 2258 15
917 2217 1232 2281 usurpare
1271 2218 1478 2284 neque
1518 2196 1719 2263 ullum
1760 2198 2010 2263 lucrum
2052 2219 2240 2263 suum
2276 2197 2511 2262 facere.

1084 2292 1351 2379 Quarto,
1394 2298 1449 2361 si
1495 2318 1657 2383 quos
1702 2296 2045 2362 damnosos
2087 2319 2229 2363 esse
2258 2297 2647 2383 compererit
2675 2295 3078 2361 contubernii
3118 2294 3340 2361 domui
3383 2306 3493 2359 aut
3529 2293 3722 2375 rebus,

916 2394 1034 2460 hos
1075 2392 1364 2460 indicare
1405 2404 1470 2459 et
1511 2395 1818 2461 damnum
1861 2395 2305 2461 demonstrare
2347 2418 2431 2461 ex
2469 2396 2799 2481 magistris
2843 2405 3115 2482 quatuor
3150 2396 3260 2460 uni
3302 2393 3672 2482 pluribusve.

1079 2491 1393 2562 Famulus
1436 2504 1669 2577 autem,
1725 2495 1907 2561 cuius
1949 2493 2104 2559 fidei
2159 2494 2375 2560 claves
2432 2495 2688 2560 aedium
2731 2494 3252 2575 committentur,·
3285 2493 3449 2558 haec
3486 2494 3730 2578 insuper

916 2602 1135 2657 sancte
1191 2594 1545 2677 promittat,
1600 2592 1767 2659 velle
1823 2615 1892 2659 se
1935 2593 2278 2680 diligenter
2320 2604 2385 2659 et
2426 2616 2572 2658 cum
2612 2592 2742 2658 fide
2783 2603 3072 2680 tempore
3115 2592 3458 2681 praefinito
3498 2590 3728 2656 aedium

831 2699 901 2756 20
916 2692 1085 2757 fores
1125 2689 1464 2760 occludere
1506 2703 1699 2778 atque
1738 2715 2052 2776 reserare,
2097 2702 2374 2780 postque
2411 2693 2558 2759 illas
2600 2691 2889 2759 occlusas
2922 2701 3115 2778 atque
3152 2689 3730 2757 reseratas-elavem

913 2792 1248 2875 magistro,
1290 2793 1395 2855 cui
1438 2789 1719 2875 debebit,
1766 2793 1834 2856 in
1875 2815 2105 2859 manus
2160 2792 2421 2857 tradere
2473 2791 2598 2876 vel,
2655 2794 2710 2857 si
2768 2793 2826 2857 is
2883 2791 3049 2860 forte
3106 2789 3309 2874 absit,
3366 2793 3501 2857 eius
3543 2790 3730 2854 vicem

915 2891 1185 2975 gerenti,
1224 2912 1307 2954 ne
1350 2892 1453 2955 cui
1494 2893 1778 2976 egressio
1820 2894 2224 2978 ingressiove
2263 2901 2488 2979 pateat
2528 2890 2738 2956 alieno
2776 2900 3087 2978 tempore.

1077 2988 1331 3054 Placuit
1386 2992 1803 3056 communiter
1857 2991 2072 3056 cibum
2124 2990 2528 3078 capientibus
2586 2989 2941 3075 adiungere
2993 2988 3462 3056 adolescentem
3512 2986 3730 3052 studio-

915 3112 1059 3155 sum
1102 3098 1167 3153 et
1206 3087 1502 3174 probum,
1559 3089 1670 3176 qui
1710 3091 1957 3155 interea
1999 3088 2263 3177 aliquod
2313 3091 2562 3156 recitet.
2645 3089 2776 3154 Hic
2812 3087 3059 3171 eadem,
3113 3110 3279 3176 quae
3320 3086 3539 3155 famuli
3576 3108 3730 3151 com-

830 3199 897 3255 25
916 3188 1265 3270 munitatis,
1310 3189 1643 3275 promittet
1685 3199 1749 3255 et
1788 3191 2056 3277 insuper
2093 3190 2237 3275 hoc,
2278 3190 2619 3256 lectionem
2666 3190 2894 3276 scripti
2938 3190 3273 3275 assignati,
3314 3209 3524 3277 neque
3555 3184 3731 3253 ullius

914 3289 1199 3370 alterius,
1242 3311 1311 3354 se
1352 3310 1604 3376 quoque
1645 3298 1938 3376 tempore
1980 3300 2283 3357 accurate
2327 3299 2392 3355 et
2434 3289 2655 3356 sedulo
2695 3290 2928 3376 exequi
2971 3287 3153 3353 velle.
3197 3287 3347 3353 Hae
3385 3288 3733 3375 promissio-

912 3411 1027 3454 nes
1093 3387 1365 3473 singulis
1425 3386 1839 3454 semestribus
1912 3390 1981 3453 in
2046 3388 2441 3455 sollennibus
2496 3387 3004 3476 inspectionibus
3068 3389 3374 3454 renovari
3436 3396 3733 3476 poterunt.

915 3489 1146 3555 Visum
1189 3497 1255 3552 et
1309 3487 1431 3553 hoc
1482 3486 1868 3572 faciendum,
1922 3497 1993 3553 ut
2050 3491 2348 3574 magistri
2402 3498 2677 3576 quatuor
2720 3486 3077 3573 deligerent
3114 3510 3317 3553 unum
3359 3506 3443 3552 ex
3482 3484 3734 3568 famulis,

914 3588 1021 3674 qui
1064 3586 1427 3673 praefectus
1475 3596 1645 3651 esset
1683 3588 2265 3653 vexationibus
2305 3609 2694 3654 novorum
2739 3609 2871 3670 seu,
2913 3596 2984 3652 ut
3018 3597 3271 3670 vocant,
3313 3585 3733 3675 depositio·

831 3685 1187 3768 30nibus,
1248 3687 1303 3750 si
1344 3708 1505 3773 quas
1552 3684 1639 3750 ad
1682 3707 2051 3751 communes
2094 3686 2318 3774 epulas
2361 3685 2501 3751 fieri
2546 3686 2912 3775 placuisset.
2991 3685 3122 3752 Hic
3172 3687 3240 3751 in
3293 3708 3370 3752 eo
3427 3687 3582 3769 loce,
3634 3683 3734 3750 ubi

915 3786 1335 3852 communiter
1378 3784 1559 3850 cibus
1604 3787 1915 3872 capietur,
1957 3794 2246 3874 tempore
2287 3785 2552 3873 prandii
2591 3807 2912 3853 coenaeve
2955 3808 3101 3852 cum
3139 3785 3537 3852 tenuioribus
3573 3784 3734 3849 illam

915 3885 1387 3973 depositionem
1424 3883 1507 3948 de
1546 3905 1728 3949 more
1766 3894 2070 3972 peragat,
2127 3908 2317 3973 quam
2360 3886 2622 3950 minime
2660 3884 3003 3951 barbarico
3049 3884 3325 3949 tumultu
3363 3907 3566 3973 neque
3602 3883 3733 3971 plus

914 4008 957 4050 a
998 4006 1250 4070 quoque
1291 3982 1541 4049 duobus
1586 3984 1833 4068 grossis
1876 3983 2200 4051 exhibeat.
2283 3984 2430 4051 Hoc
2484 3993 2699 4050 tamen
2754 3984 2898 4049 fieri
2953 3983 3145 4050 debet
3205 3983 3448 4051 sciente
3498 3994 3560 4049 et
3605 4004 3734 4070 per·

915 4085 1207 4149 mittente
1249 4105 1324 4148 eo
1375 4083 1706 4169 magistro,
1751 4084 1935 4148 cuius
1973 4093 2111 4148 tum
2156 4086 2404 4149 curatio
2449 4086 2794 4149 trimestris
2836 4084 2976 4148 erit.

830 4193 896 4249 35
1078 4182 1201 4246 His
1245 4183 1558 4268 expositis
1609 4191 1831 4264 restat,
1883 4190 1955 4247 ut
1999 4182 2308 4271 deinceps
2365 4184 2545 4271 leges
2599 4196 3191 4266 commemoremus,
3249 4182 3483 4271 quibus
3535 4201 3734 4248 omnes

913 4291 979 4347 et
1033 4280 1269 4366 singuli
1321 4281 1510 4345 huius
1552 4278 1808 4366 collegii
1858 4281 2131 4365 incolae,
2195 4284 2513 4369 magistri,
2567 4283 2868 4370 discipuli
2924 4294 3117 4371 atque
3157 4285 3371 4348 cuncti
3423 4282 3624 4348 teneri
3672 4301 3732 4345 se

913 4383 1080 4447 scire
1120 4379 1376 4445 debent.
1418 4378 1554 4444 Eas
1601 4389 1666 4444 et
1705 4382 1884 4467 ipsas
1930 4379 2157 4448 ordine
2202 4381 2633 4448 subiiciemus.

1223 4563 1317 4611 DE
1357 4561 1687 4623 QUATUOR
1729 4562 2095 4614 MAGISTRIS
2141 4565 2563 4616 PRAEFECTIS
2608 4564 3080 4615 CONTUBERNII
3123 4567 3422 4616 PAULmL

2176 4685 2394 4748 Caput
2430 4684 2472 4734 1.

828 4810 896 4865 40
1083 4796 1376 4878 Quatuor
1414 4795 1730 4882 magistri,
1775 4797 2131 4884 praepositi
2174 4798 2488 4863 curationi
2535 4799 2859 4863 communi
2900 4800 2966 4862 in
3008 4797 3423 4865 contubernio
3460 4798 3730 4876 Pauline,

1075 4896 1365 4960 Primum
1409 4895 1540 4959 sint
1579 4896 1703 4959 viri
1743 4893 1916 4980 boni,
1961 4897 2225 4983 pietatis
2267 4895 2559 4980 studiosi,
2605 4907 2926 4963 amatores
2953 4899 3268 4982 veritatis,
3311 4898 3506 4964 alieni
3537 4920 3577 4962 a
3600 4917 3724 4984 pro·

909 4997 1179 5062 sanitate
1222 5004 1286 5062 et
1338 4993 1921 5081 superstitionibus.
2005 4994 2363 5082 Religionis
2405 5016 2603 5061 verae
2658 4995 3085 5081 intelligentia
3126 5007 3191 5062 et
3232 4996 3620 5086 approbatio
3656 4993 3726 5060 ab

912 5095 1012 5161 his
1066 5096 1344 5183 primum
1387 5096 1704 5181 exigatur,
1752 5092 1986 5159 deinde
2025 5096 2200 5160 vitae
2256 5094 2596 5181 integritas
2640 5104 2705 5160 et
2761 5118 3010 5161 morum
3067 5097 3384 5184 probitas,
3439 5109 3510 5161 ut
3558 5094 3725 5161 disci·

1068 5282 1091 5333 l
1128 5278 1307 5332 claves
1341 5274 1483 5330 fehlt
1518 5276 1628 5331 und
1667 5274 1758 5330 fiir
1780 5282 2014 5347 postque
2048 5274 2196 5330 steht
2220 5283 2516 5347 postquam
2551 5275 2928 5348 geschrieben.
