4038 6358
2713 546 2734 583 v

1347 629 1450 679 Die
1500 628 1738 680 Statuten
1782 640 1906 679 vom
1952 626 2118 681 Jahn-e
2158 629 2300 683 1543.
3121 634 3242 698 573

404 831 527 896 pro
572 808 829 875 viribus
868 810 1395 898 impugnaturum
1439 833 1613 893 esse,
1666 819 1730 875 et
1779 822 2182 877 servaturum
2242 822 2485 878 statuta
2523 811 2847 877 facultatis
2888 811 3058 879 bona
3098 813 3244 880 fide.

404 907 516 973 Sic
558 931 659 974 me
704 908 861 974 deus
904 909 1167 975 adiuvet
1208 933 1326 998 per
1379 921 1858 976 sacrosanctum
1901 935 2087 976 suum
2128 912 2600 998 evangelium.“

569 1007 927 1090 „Promitte
982 1012 1279 1096 insuper,
1336 1009 1611 1096 gradum
1677 1009 1844 1073 hunc
1909 1033 2011 1075 me
2065 1034 2382 1098 nusquam
2440 1012 2894 1098 repetiturum,
2969 1012 3084 1077 sed
3140 1012 3246 1077 hic

405 1106 808 1172 doctoralem
852 1106 1142 1174 ordinem
1186 1111 1360 1173 intra
1401 1131 1674 1190 annum,
1719 1110 1844 1173 nisi
1902 1112 2125 1196 gravis
2188 1134 2385 1176 causa
2443 1109 2683 1192 obstet,
2739 1120 3144 1196 sumpturum
3183 1120 3246 1175 et

403 1207 659 1291 omnia,
724 1229 886 1294 quae
945 1207 1030 1272 ad
1089 1220 1535 1273 ornamentum
1590 1207 1920 1273 facultatis
1985 1220 2282 1296 spectant
2303 1260 2322 1293 ,
2389 1210 2572 1275 salva
2637 1210 3031 1273 conscientia
3094 1232 3241 1295 pro·
3293 1220 3326 1274 5

406 1316 745 1371 vecturum
803 1308 1007 1373 esse.“

1659 1439 1983 1506 Doctoris.

575 1573 762 1659 „Ego
810 1574 911 1639 .N.
953 1576 1115 1655 iuro,
1161 1596 1263 1638 me
1304 1596 1530 1638 sanam
1573 1573 1932 1639 doctrinam
1978 1575 2301 1661 evangelii
2341 1585 2405 1640 et
2444 1573 2630 1639 verbi
2662 1573 2927 1657 Christi,
2971 1574 3246 1662 prophe-

407 1682 621 1737 tarum
678 1682 743 1738 et
796 1672 1236 1761 apostolorum
1292 1672 1635 1757 diligenter
1680 1686 1744 1738 et
1784 1673 2062 1738 fideliter
2107 1675 2493 1739 traditurum
2512 1723 2529 1755 ,
2583 1675 2799 1738 omnia
2840 1696 2997 1738 vero
3036 1677 3242 1757 varia,

410 1782 684 1836 externa
727 1782 791 1837 et
842 1773 1169 1838 haeretica
1224 1772 1532 1856 dogmata
1589 1794 1708 1859 pro
1762 1772 2013 1837 viribus
2067 1772 2533 1838 declinaturum
2580 1782 2643 1836 et
2683 1775 3332 1859 impugnaturum310

407 1891 488 1935 ac
543 1870 625 1935 de
666 1873 746 1936 iis
791 1894 1044 1959 quoque
1066 1921 1084 1953 ,
1138 1874 1249 1958 qui
1311 1870 1397 1936 ad
1446 1871 1689 1957 gradus
1735 1871 2131 1958 theologicos
2178 1872 2586 1938 adsciscendi
2631 1883 2799 1953 sunt,
2844 1893 3142 1937 severum
3186 1885 3251 1938 et

407 1992 613 2055 grave
653 1972 1091 2037 testimonium
1132 1982 1196 2036 et
1246 1970 1556 2036 iudicium
1597 1966 1723 2057 [4¹³]
1771 1974 2341 2057 pronunciaturum
2402 1994 2573 2054 esse3
2641 1982 2704 2036 et
2760 1971 2929 2036 hanc
2980 1970 3248 2036 faculta-

404 2080 537 2133 tem
581 2081 646 2135 et
688 2069 974 2136 scholam
1018 2070 1104 2135 ad
1146 2069 1488 2135 utilitatem
1531 2069 1841 2134 ecclesiae
1885 2079 1948 2133 et
1988 2070 2265 2155 gloriam
2313 2071 2555 2137 Christi
2592 2071 2741 2136 Iesu
2780 2092 3052 2157 semper,
3097 2071 3250 2136 dum

407 2170 651 2251 vivam,
695 2171 762 2234 in
801 2170 1096 2235 omnibus
1138 2179 1477 2234 aucturum
1522 2179 1587 2234 et
1631 2179 2003 2234 ornaturum
2053 2193 2214 2237 esse.
2300 2170 2410 2234 Sic
2464 2193 2568 2235 me
2618 2171 2777 2235 deus
2829 2168 3095 2234 adiuvet
3132 2192 3252 2256 per

408 2281 893 2335 sacrosanctum
937 2267 1208 2334 verbum
1249 2270 1494 2333 suum.“
3274 2279 3335 2334 ¹5

1672 2452 1953 2500 EXTERN
1955 2454 2000 2499 1.

1655 2570 1700 2620 C
1711 2585 1743 2620 a
1754 2586 1788 2633 p
1800 2587 1831 2620 u
1850 2580 1870 2620 t
1917 2571 2011 2620 XI.

583 2683 718 2764 Qui
775 2682 1037 2747 aliunde
1091 2684 1249 2748 satis
1303 2682 1481 2748 clara
1538 2684 1734 2749 studii
1791 2687 1889 2749 sui
1944 2685 2328 2750 documenta
2384 2682 2697 2766 attulerit,
2742 2682 2895 2748 dum
2934 2683 3127 2748 modo
3168 2685 3254 2749 sit

421 2786 735 2869 magister
778 2784 1048 2864 artium,
1096 2781 1534 2869 disputatione
1577 2795 1642 2847 et
1685 2785 1983 2848 examine
2041 2783 2126 2849 ad
2178 2785 2457 2870 primum
2512 2783 2789 2869 gradum
2846 2781 3252 2867 admittatur3

418 2885 528 2971 qui
575 2905 730 2947 vero
771 2880 1237 2946 baccalaureus
1281 2881 1438 2947 alibi
1479 2884 1690 2946 factus
1733 2892 1863 2964 est,
1920 2881 2113 2947 simili
2166 2885 2417 2947 ratione
2470 2881 2820 2946 secundum
2864 2891 3106 2947 statuta
3152 2906 3251 2947 su·
3270 2892 3339 2949 20

418 2985 683 3069 periora
738 2980 823 3045 ad
879 2979 1390 3066 designationem
1444 2982 1682 3045 veniat.
1767 2980 1840 3046 Si
1898 2983 2040 3069 quis
2094 2993 2306 3046 autem
2363 2983 2443 3047 in.
2490 2980 2622 3046 alia
2676 2979 3010 3046 academia
3064 2983 3258 3047 fuerit

422 3092 691 3147 ornatus
723 3079 933 3166 gradu
962 3079 1354 3160 doctoratus,
1395 3077 1522 3143 huc
1557 3102 1685 3145 non
1712 3080 2108 3163 admittatur,
2153 3084 2279 3146 nisi
2323 3084 2505 3168 prius
2549 3102 2665 3145 sex
2703 3102 2957 3145 menses
3001 3080 3258 3168 publice

417 3182 713 3248 docuerit
756 3183 824 3244 in
865 3179 1208 3262 cathedra,
1255 3179 1454 3248 semel
1508 3178 1765 3267 publice
1810 3178 2243 3268 disputaverit
2281 3192 2430 3246 ante
2474 3204 2552 3246 ac
2593 3189 2738 3268 post
2778 3181 3133 3263 meridiem,
3178 3204 3256 3247 ac

420 3281 686 3346 demum
730 3282 798 3344 in
843 3279 949 3345 die
1008 3280 1292 3344 convivii
1351 3290 1500 3343 ante
1549 3280 1894 3365 prandium
1956 3304 2182 3346 sacrae
2232 3279 2592 3365 theologiae
2645 3279 2871 3345 laudes
2932 3279 3257 3346 declama-

414 3383 603 3445 verit.
689 3380 836 3446 Hoc
879 3379 992 3445 ubi
1036 3379 1300 3461 fecerit,
1356 3377 1668 3464 postridie
1721 3402 1762 3443 a
1801 3381 2107 3445 facultate
2160 3379 2424 3445 honeste
2476 3382 2718 3465 petenti
2777 3402 2930 3444 suus
2974 3381 3033 3444 ei
3077 3379 3338 3446 locus25

422 3480 914 3565 adsignabitur,
960 3481 1054 3543 sic
1099 3489 1315 3543 tamen
1360 3488 1429 3541 ut
1471 3477 1692 3542 eodem
1748 3481 2140 3562 iuramento,
2201 3502 2325 3566 quo
2379 3479 2676 3544 doctores
2731 3476 2990 3543 scholae
3043 3478 3253 3564 huius,

425 3578 889 3666 obstringatur.

592 3678 653 3743 N
655 3678 978 3744 umerabit
1021 3686 1230 3742 autem
1275 3699 1505 3742 aureos
1553 3677 1621 3740 in
1660 3699 1817 3742 auro
1876 3678 2145 3762 triginta
2202 3675 2603 3759 doctoribus,
2664 3676 2921 3754 famulis
2978 3677 3258 3765 publicis

420 3778 584 3844 duos
631 3801 864 3844 aureos
888 3828 906 3861 ,
958 3779 1011 3842 si
1073 3778 1255 3863 prius
1312 3775 1485 3841 nullo
1545 3776 1649 3841 hic
1708 3775 1916 3861 gradu
1975 3776 2317 3841 decoratus
2381 3776 2592 3841 fuerit,
2698 3775 2815 3842 Sin
2873 3789 3085 3842 autem
3151 3777 3257 3843 hic

423 3876 892 3942 baccalaureus
950 3886 1048 3941 est
1103 3876 1314 3940 factus
1371 3874 1734 3959 theologiae
1791 3887 1902 3940 aut
1945 3874 2274 3940 biennium
2316 3874 2475 3961 legit
2529 3874 2819 3963 publice,
2881 3876 3252 3943 doctoribus
3271 3873 3355 3944 30‘

423 3999 553 4042 non
596 3976 745 4064 plus
789 3976 971 4042 dabit
1013 3976 1245 4062 viginti
1288 3979 1521 4039 aureis.

1469 4191 1828 4240 SESSIONES
1877 4191 1965 4240 Ac
2022 4191 2225 4240 LOCA.

1627 4343 1641 4352 ·
1661 4313 1868 4375 Caput
1901 4313 2021 4365 XII.

593 4426 670 4491 In
710 4423 1106 4491 sessionibus
1162 4422 1527 4507 doctorum,
1587 4424 2067 4513 designatorum
2126 4437 2189 4492 et
2240 4425 2809 4492 baccalaureorum
2867 4426 3261 4493 consuetudo

429 4524 825 4600 servabitur,
892 4525 1020 4589 nisi
1080 4523 1253 4609 quod
1320 4523 1441 4589 hoc
1505 4525 2186 4591 conmonefaciendum
2258 4536 2399 4590 erat
2416 4575 2435 4608 ,
2510 4525 2910 4594 licentiatum
2965 4527 3257 4614 quemvis
3274 4535 3341 4592 35

428 4627 603 4690 intra
645 4647 883 4689 annum
924 4625 1223 4710 primum,
1265 4632 1377 4687 aut
1424 4625 1480 4686 si
1517 4622 1673 4707 quid
1715 4647 1756 4688 a
1801 4633 1935 4690 toto
1980 4624 2250 4712 collegio
2298 4624 2445 4712 plus
2486 4626 2862 4712 impetravit
2903 4627 3127 4713 spacii,
3172 4648 3259 4690 ex

429 4722 796 4789 rationibus
823 4722 1128 4808 legitimis
1158 4720 1371 4787 locum
1404 4745 1585 4787 suum
1617 4744 1745 4788 non
1775 4724 2090 4807 amittere,
2136 4726 2191 4789 si
2231 4725 2335 4791 vel
2376 4723 2460 4790 ab
2504 4735 2770 4790 externo
2812 4724 2917 4790 vel
2954 4725 3260 4811 indigena

433 4825 572 4889 sive
624 4832 911 4888 nostrate
968 4823 1037 4886 in
1098 4821 1433 4886 doctoratu
1496 4831 1972 4908 praevertatur.
2078 4822 2247 4888 Nam
2301 4846 2425 4911 quo
2488 4826 2766 4911 primum
2821 4823 2928 4889 die
2979 4827 3263 4911 insignia

436 4921 799 4988 doctoralia
842 4931 906 4986 et
941 4925 1085 5008 ipse
1127 4920 1389 5007 ceperit,
1430 4930 1824 5007 praeventus
1865 4943 2007 4986 esse
2050 4922 2181 4987 dici
2222 4945 2351 4989 non
2389 4931 2622 5010 potest,
2665 4922 2780 4989 sed
2821 4922 3033 4989 locum
3076 4945 3260 4988 suum

438 5033 502 5087 et
545 5020 840 5086 ordinem
876 5022 1017 5085 acsi
1056 5019 1181 5103 illi,
1228 5021 1338 5107 qui
1378 5017 1601 5084 eodem
1645 5041 1811 5085 anno
1855 5029 1920 5084 et
1959 5028 2250 5108 tempore
2288 5020 2587 5087 doctores
2631 5023 2787 5088 facti
2829 5031 2995 5106 sunt,
3034 5022 3345 5109 proculw

437 5119 632 5186 dubio
679 5119 980 5185 tuebitur.
