4038 6358
897 574 1014 637 112
1832 568 1943 619 Des
1983 567 2252 619 Iohannes
2286 567 2444 619 Fabri
2482 568 2550 618 de
2583 566 2814 619 Werdea

1332 757 1432 819 50.
1497 765 1886 816 mnarum
1926 766 2066 815 rso
2109 763 2776 815 cousrms'rlomus
2812 763 2959 813 Non
2996 763 3294 816 miuus.

1053 883 1326 950 Mandat
1347 883 1644 950 omnibus
1667 892 1818 949 etet
1863 892 2178 971 quatenus
2206 880 2455 947 nullum
2480 881 2773 968 ipsorum
2799 879 3250 946 conventicula
3267 902 3384 945 seu
3407 878 3722 966 conspira-

890 986 1098 1050 tiones
1137 982 1401 1071 (quibus
1430 1006 1566 1071 pax
1592 993 1655 1048 et
1680 982 2029 1048 concordia
2047 981 2351 1059 violatur)
2384 982 2587 1047 faciat
2613 989 2726 1046 aut
2752 978 2882 1045 illis
2910 979 3394 1069 quomodolibet
3424 979 3722 1044 interesse

889 1093 1294 1172 praesumat,
1352 1080 1457 1171 [22
1471 1080 1523 1171 b]
1588 1105 1797 1169 neque
1851 1084 2047 1148 etiam
2110 1082 2391 1171 aliquem
2453 1080 2560 1147 vel
2623 1080 2876 1166 aliquos
2941 1079 3029 1145 ad
3091 1080 3212 1145 has
3266 1077 3602 1145 faciendas
3638 1078 3722 1145 di·

844 1197 877 1251 5
900 1195 1076 1251 recte
1114 1183 1220 1249 vel
1258 1183 1572 1248 indirecte
1610 1182 1876 1248 inducat
1918 1204 2033 1247 seu
2074 1184 2305 1270 quovis
2342 1180 2535 1246 modo
2578 1178 2853 1262 alliciat,
2902 1178 3023 1245 sub
3063 1201 3276 1267 poena
3315 1202 3440 1267 per
3480 1180 3722 1244 univer-

891 1286 1149 1351 sitatem
1205 1281 1512 1348 dictanda
1562 1289 1626 1346 et
1679 1282 2295 1348 contrafacientibus
2352 1280 2729 1368 infligenda.
2814 1279 2887 1345 Si
2927 1301 3084 1346 vero
3123 1277 3395 1368 aliquod
3441 1282 3720 1367 supposi-

884 1395 1022 1450 tum
1060 1383 1503 1448 universitatis
1548 1403 1692 1446 sese
1731 1383 1800 1446 in
1842 1402 2226 1467 quacunque
2266 1403 2464 1446 causa
2502 1390 2849 1467 gravatum
2877 1381 3152 1448 senserit
3176 1389 3289 1445 aut
3313 1381 3720 1467 reputaverit,

887 1482 1050 1550 illud
1093 1483 1265 1548 idem
1307 1481 1634 1547 dominum
1676 1492 1992 1548 rectorem
2028 1479 2354 1568 intrepide
2395 1481 2695 1546 accedat:
2738 1491 2802 1546 et
2842 1479 3053 1545 eidem
3093 1501 3293 1545 causa
3329 1481 3720 1566 gravaminis

885 1581 1253 1649 huiusmodi
1292 1582 1660 1669 proposita,
1704 1581 1786 1647 de
1830 1603 1992 1669 pace
2035 1580 2312 1668 talisque
2353 1582 2753 1667 gravaminis
2795 1579 3159 1646 sublatione
3197 1577 3551 1645 salubriter
3586 1602 3719 1667 pro—

806 1693 870 1748 10
888 1682 1166 1765 videbit,
1220 1681 1325 1746 vel
1369 1682 1596 1746 saltem
1640 1684 1697 1747 ei
1736 1704 1856 1768 per
1899 1678 2235 1747 consilium
2276 1682 2718 1747 universitatis
2732 1731 2751 1766 ,
2809 1683 2865 1747 si
2903 1703 3069 1769 opus
3110 1681 3307 1747 fuerit
3320 1728 3340 1763 ,
3395 1678 3715 1768 provideri

885 1782 1233 1870 vigilanter
1269 1780 1665 1868 procurabit.
1745 1781 1993 1846 Datum
2035 1790 2152 1846 etc.

882 1957 978 2018 51.
1034 1967 1422 2018 mnarum
1462 1967 1557 2014 DE
1602 1936 1968 2031 comi-:ens
2012 1964 2359 2013 ssaormo
2387 1964 2714 2015 TEMPORE
2743 1963 3024 2013 nnm‘rls
3050 1962 3260 2013 Home
3289 1964 3717 2013 cmunmmm

1485 2067 1576 2113 Εἰ·
1619 2065 1765 2114 Non
1804 2064 2136 2114 vAeANDo
2181 2063 2360 2112 Pos'r
2405 2064 2817 2113 cmusnm
2860 2064 3122 2113 sonum,

1051 2167 1218 2235 Cum
1282 2188 1490 2253 nuper
1553 2187 1674 2252 per
1729 2162 2069 2231 consilium
2119 2165 2563 2229 universitatis
2614 2158 3022 2229 concorditer
3080 2162 3458 2229 conclusum
3516 2163 3714 2246 fuerit,

807 2280 870 2336 15
887 2267 1062 2358 quod
1118 2265 1397 2353 collegia
1451 2274 1516 2331 et
1569 2264 1808 2330 bursae
1864 2286 1984 2351 per
2027 2264 2515 2329 universitatem
2555 2262 2959 2352 approbatae
3000 2263 3082 2330 ob
3127 2274 3337 2329 certas
3377 2262 3713 2329 rationabi-

882 2370 1104 2454 lesque
1143 2388 1223 2432 ac
1261 2374 1567 2453 urgentes
1609 2386 1839 2429 causas
1885 2364 2167 2429 serotino
2210 2373 2503 2450 tempore
2544 2374 2694 2429 ante
2735 2364 2965 2429 horam
3008 2385 3248 2429 nonam
3289 2385 3411 2452 per
3454 2386 3713 2430 conven-

882 2481 1055 2536 tores
1114 2477 1182 2533 et
1215 2475 1503 2532 rectores
1545 2464 2030 2552 praedictorum
2071 2462 2359 2541 locorum
2403 2463 2616 2529 claudi
2659 2462 2942 2528 debeant
2982 2474 3048 2532 et
3090 2465 3323 2547 serari,
3378 2474 3713 2553 eapropter

894 2593 977 2635 ex
1020 2568 1308 2633 decreto‘
1324 2566 1606 2653 praefati
1644 2563 1894 2630 consilii
1937 2563 2032 2629 .N.
2078 2573 2199 2629 etc.
2239 2575 2453 2630 rector
2506 2564 2776 2629 mandat
2824 2562 3121 2630 omnibus
3164 2572 3229 2628 et
3271 2563 3547 2650 singulis
3589 2565 3713 2628 uni·

885 2669 1214 2735 versitatis
1265 2665 1552 2732 eiusdem
1606 2673 1759 2729 etc.:
1812 2674 2132 2752 quatenus
2192 2663 2439 2729 nullum
2493 2665 2785 2751 ipsorum
2835 2663 3142 2751 deinceps
3204 2673 3356 2751 post
3408 2665 3713 2750 praescri·

801 2778 871 2836 20
889 2780 1067 2857 ptam
1107 2768 1335 2834 horam
1373 2754 1612 2830 nonam
1649 2763 1897 2851 absque
1944 2761 2319 2829 rationabili
2368 2773 2432 2829 et
2471 2763 2765 2850 legitima
2799 2786 2998 2828 causa
3032 2764 3102 2827 in
3144 2763 3379 2850 plateis
3418 2761 3527 2827 vel
3562 2759 3659 2849 [23
3668 2758 3712 2848 ⁸]

886 2871 1049 2934 vicis
1090 2867 1451 2955 praesentis
1493 2862 1718 2951 oppidi
1757 2865 1990 2950 vagari
2031 2872 2427 2952 praesumat,
2470 2886 2694 2928 verum
2733 2865 2949 2950 potius
2984 2863 3392 2951 praescripto
3421 2871 3713 2949 tempore,
3784 2864 3793 2871 ’

885 2993 967 3034 ne
1024 2966 1382 3055 periculum
1440 2987 1554 3031 seu
1604 2963 1910 3028 damnum
1949 2961 2213 3048 aliquod
2251 2964 2572 3046 incurrat,
2631 2964 2700 3027 in
2742 2963 2886 3028 loco
2931 2985 3089 3029 suae
3128 2961 3552 3028 habitationis
3592 2961 3713 3025 sive

884 3070 1157 3133 stantiae
1197 3087 1340 3131 sese
1380 3065 1725 3130 contineat.
1806 3061 1943 3128 Sub
1983 3084 2197 3149 poena
2232 3063 2424 3128 unius
2467 3063 2696 3129 floreni
2735 3072 2854 3129 etc.

880 3240 978 3302 52.
1035 3250 1424 3300 mnarum
1469 3249 1564 3295 DE
1606 3247 1814 3296 sams
1855 3247 2000 3295 NON
2045 3247 2458 3313 PoerNms,
2500 3249 2763 3296 nsm‘ru
2807 3248 2953 3297 non
2994 3247 3334 3297 sturmo
3375 3246 3709 3308 ansqus

796 3341 866 3400 25
1982 3346 2129 3395 non
2168 3347 2627 3396 Exsssonsms.

1045 3449 1319 3516 Mandat
1370 3448 1668 3515 omnibus
1722 3459 1871 3513 ete:
1945 3455 2265 3534 quatenus
2324 3446 2568 3512 nullum
2633 3450 2923 3535 ipsorum
2983 3447 3289 3537 deinceps
3358 3452 3429 3514 in
3497 3447 3709 3537 plateis

884 3548 990 3616 vel
1031 3552 1192 3615 vicis
1232 3550 1421 3615 huius
1468 3546 1698 3636 oppidi
1739 3545 2014 3633 gladios,
2060 3545 2368 3630 cultellos,
2413 3550 2730 3634 pugiones
2775 3557 2887 3612 aut
2929 3569 3361 3634 quaecunque,
3373 3550 3508 3615 alia
3541 3567 3707 3613 arma

887 3649 1163 3733 deferat,
1219 3649 1325 3716 vel
1379 3658 1626 3714 mutato
1686 3645 1915 3711 habitu
1966 3667 2083 3711 seu
2134 3647 2302 3712 facie
2358 3646 2575 3712 velata
2630 3646 2983 3734 praedictis
3026 3650 3095 3712 in
3133 3647 3292 3715 locis
3334 3650 3565 3732 vadat,
3618 3643 3709 3710 vel

887 3749 1204 3815 clamores
1246 3747 1593 3814 horribiles
1632 3769 1810 3813 more
1850 3767 2242 3832 onagrorum
2282 3748 2614 3812 nocturnis
2656 3746 3061 3834 temporibus
3091 3751 3346 3833 excitet,
3389 3772 3514 3815 nec
3539 3745 3708 3813 ludos

801 3858 870 3915 30
887 3848 1150 3914 illicitos
1205 3858 1507 3914 exerceat
1556 3844 1662 3912 vel
1710 3848 1777 3912 in
1836 3846 2127 3912 tabernis
2174 3848 2536 3933 praesentis
2580 3847 2807 3935 oppidi
2846 3857 2960 3911 aut
3000 3847 3300 3913 villarum
3340 3871 3457 3916 seu
3498 3846 3702 3914 subur-

888 3948 1143 4013 biorum
1188 3948 1395 4013 eidem
1439 3946 1682 4035 oppido
1725 3946 2327 4011 circumiacentium
2367 3945 2644 4030 latitare,
2691 3955 2803 4011 aut
2842 3967 3264 4035 quaecunque
3299 3947 3527 4014 illicita
3564 3943 3708 4011 inibi

887 4059 1264 4163 perpetrare
1309 4046 1582 4129 studeat,
1626 4068 1746 4111 nec
1789 4048 1985 4110 etiam
2026 4043 2270 4110 incolas
2314 4044 2502 4112 huius
2549 4045 2775 4134 oppidi
2819 4055 2931 4112 aut
2973 4068 3384 4135 quoscunque
3424 4046 3585 4111 alios
3617 4040 3707 4106 vel

884 4149 953 4211 in
1005 4148 1301 4233 personis
1358 4144 1464 4211 vel
1517 4145 1715 4210 rebus
1767 4143 2112 4210 molestare
2167 4167 2282 4209 seu
2335 4144 2752 4210 damnificare
2813 4157 3219 4233 praesumat,
3292 4168 3416 4211 nec
3476 4141 3707 4211 iniuriis

888 4246 1377 4334 quibuscunque
1417 4244 1677 4311 afficere
1719 4243 1977 4310 audeat.
2063 4243 2202 4310 Sub
2245 4267 2459 4332 poena
2498 4246 2690 4310 unius
2729 4245 2959 4312 floreni
3000 4256 3117 4313 etc.

800 4422 870 4481 3⁵
1367 4417 1467 4479 53.
1534 4429 1923 4479 munuum
1958 4429 2053 4477 DE
2096 4428 2533 4478 susrnnsonn
2576 4430 2722 4479 nos·
2763 4430 3253 4481 orrmmo.

1045 4545 1317 4613 Mandat
1366 4546 1663 4611 omnibus
1719 4554 1868 4611 etc..
1935 4555 2252 4633 quatenus
2301 4547 2546 4613 nullum
2595 4548 2889 4634 ipsorum
2951 4545 3259 4634 deinceps
3315 4555 3704 4614 executorem

883 4647 1203 4729 iustitiae,
1267 4668 1456 4735 quem
1515 4645 1761 4710 lictoris
1829 4641 1932 4733 [23
1945 4642 2000 4732 ¹²]
2065 4650 2324 4713 nomine
2388 4647 2654 4735 quidam
2725 4645 3093 4734 appellant,
3173 4645 3327 4712 dum
3378 4670 3558 4713 reum
3606 4641 3701 4708 ali-

888 4769 1102 4833 quem,
1141 4769 1259 4834 per
1301 4746 1681 4812 sententiam
1723 4746 1914 4810 morti
1956 4744 2310 4830 addictum,
2352 4769 2568 4834 poena
2604 4747 2896 4814 iniuncta
2936 4746 3195 4813 afficere
3231 4748 3608 4828 temtaverit
3645 4743 3702 4806 in

888 4849 1199 4913 exercitio
1242 4845 1622 4931 actibusque
1665 4847 1802 4910 suis
1843 4847 2073 4933 quovis
2113 4845 2306 4912 modo
2345 4846 2692 4934 impediat,
2745 4845 2883 4929 vel,
2940 4848 3000 4912 si
3031 4848 3100 4911 in
3143 4848 3520 4933 exequendo
3559 4862 3700 4931 opus

801 4954 871 5011 ⁴0
890 4969 1076 5012 suum
1115 4946 1452 5033 negligens
1496 4955 1607 5010 aut
1646 4944 2026 5032 imprudens
2070 4956 2366 5034 repertus
2407 4948 2629 5030 fucrit,
2669 4956 3007 5034 percutere
3022 4996 3041 5030 ,
3085 4949 3305 5013 iacere
3321 4998 3340 5031 ‚
3383 4949 3700 5015 vulnerare

888 5046 991 5111 vel
1036 5045 1331 5111 occidere
1372 5056 1774 5133 praesumat,
1839 5068 1964 5111 nec
2000 5046 2217 5133 ipsum
2257 5046 2674 5113 iudicandum
2717 5049 2798 5126 (si
2853 5069 3010 5112 casu
3060 5048 3383 5135 aufugerit
3420 5048 3525 5115 vel
3572 5064 3697 5110 eva·

886 5148 1065 5223 serit)
1111 5143 1476 5228 defendere,
1521 5145 1896 5230 conducere,
1940 5156 2284 5233 protegere
2327 5146 2432 5213 vel
2475 5156 2812 5236 receptare
2855 5146 3127 5216 studeat.
3194 5146 3331 5214 Sub
3375 5170 3580 5236 poena
3614 5163 3698 5207 re·

888 5245 1255 5332 legationis.
1335 5244 1583 5309 Datum
1626 5257 1746 5311 etc.
