4038 6358
849 588 966 653 126
1784 586 1893 637 Des
1929 584 2199 637 Iohannes
2234 584 2389 635 Fabri
2426 586 2495 635 ds
2532 584 2763 637 Werdes

847 767 992 833 dem
1063 766 1436 833 facultatem
1508 766 1860 833 honorifice
1921 776 2253 855 receptum
2320 768 2539 854 sicque
2602 776 2865 831 nostrae
2928 764 3253 831 facultatis
3334 757 3811 828 antedictae

843 866 1200 935 membrum
1241 866 1666 953 benegratum
1710 875 1773 930 et
1813 868 1882 931 in
1922 866 2151 933 eadem
2194 869 2261 931 in
2304 864 2741 931 baccalarium
2785 875 3171 953 promotum,
3212 866 3285 929 in
3344 882 3527 949 qua
3572 859 3809 923 etiam

845 988 961 1055 per
1013 964 1208 1051 longa
1263 975 1328 1030 et
1379 964 1672 1051 legitima
1714 975 2011 1053 tempora
2054 976 2311 1031 strenue
2352 964 2773 1047 militaverat,
2826 964 3207 1033 lectionibus
3246 976 3321 1029 et
3384 958 3809 1027 exercitiis

845 1067 1304 1153 magistrorum
1347 1064 1634 1130 eiusdem
1671 1064 1998 1129 facultatis
2044 1064 2385 1151 diligenter
2426 1064 2821 1148 insudando,
2862 1086 2985 1131 nec
3020 1086 3149 1131 non
3192 1084 3523 1132 curtum
3580 1080 3805 1123 suum

797 1176 830 1231 5
849 1168 1038 1231 iuxta
1091 1173 1336 1229 statuta
1387 1162 1798 1251 saepedictae
1850 1174 2109 1229 nostrae
2162 1164 2489 1229 facultatis
2536 1162 3033 1231 commendabili
3072 1164 3201 1229 fine
3242 1160 3369 1249 [40
3388 1158 3465 1247 ⁸]
3526 1178 3805 1223 eonsu-

847 1263 1106 1331 mando.
1189 1263 1412 1344 Quare
1466 1262 1736 1329 eundem
1795 1262 2123 1329 dominum
2169 1265 2555 1350 magistrum
2597 1264 2725 1347 .N.,
2778 1286 3007 1329 sacrae
3046 1262 3455 1349 theologiae
3514 1258 3801 1323 bacca-

847 1365 1099 1448 larium,
1139 1364 1368 1429 merito
1391 1362 1696 1429 duximus
1721 1365 2065 1451 unicuique
2098 1364 2531 1429 sincerissime
2557 1361 3228 1445 recommendandum,
3268 1364 3527 1427 etiam
3562 1368 3801 1444 atque

849 1467 1040 1529 etiam
1085 1472 1387 1549 rogantes
1401 1512 1420 1545 ,
1475 1474 1792 1550 quatenus
1840 1464 2283 1551 unusquisque
2298 1512 2315 1545 ,
2378 1462 2465 1529 ad
2506 1485 2697 1552 quem
2739 1472 3113 1551 praesentes
3152 1470 3453 1527 nostrae
3514 1478 3795 1545 perve-

850 1566 1064 1629 nerint
1100 1562 1372 1644 litterae,
1417 1561 1502 1627 ob
1546 1572 1806 1628 nostrae
1845 1562 2172 1628 facultatis
2216 1562 2615 1649 theologicae
2656 1561 3153 1649 amplitudinem
3194 1582 3275 1625 ac
3318 1569 3787 1625 nostrarum

768 1674 832 1729 10
853 1686 1116 1751 precmn
1169 1664 1404 1729 intuitu
1451 1672 2037 1749 praememoratum
2096 1662 2427 1727 dominum
2486 1662 2581 1727 Ν.
2636 1660 3185 1747 promotionibus,
3244 1657 3663 1725 favoribus
3714 1666 3789 1719 et

849 1760 1134 1829 consiliis
1175 1762 1456 1848 dirigere
1502 1762 1759 1847 suisque
1799 1762 1868 1825 in
1909 1760 2182 1849 agendis
2225 1761 2500 1847 negotiis
2544 1761 2849 1827 assistere
2888 1760 3207 1847 dignetur.
3292 1756 3539 1840 Quod
3590 1776 3779 1840 erga

847 1883 1364 1950 unumquemque
1427 1872 1620 1947 grata
1672 1861 2123 1927 vicissitudine
2180 1860 2287 1925 die
2342 1870 2663 1949 noctuque
2720 1882 3215 1949 recompensare
3266 1856 3779 1925 studebimus.

851 1962 928 2027 In
970 1984 1244 2049 quorum
1285 1962 1570 2025 omnium
1611 1970 1676 2025 et
1717 1960 2113 2049 singulorum
2160 1962 2661 2048 praemissorum
2700 1958 2895 2025 fidem
2908 2008 2929 2043 ‚
2972 1958 3173 2025 robur
3212 1968 3331 2025 etc.

906 2133 1002 2195 87.
1065 2144 1225 2193 ALIA
1265 2142 1502 2193 romu
1543 2142 1996 2191 LITTERARUM
2038 2143 2667 2193 Pnono'ronumms
2706 2143 2845 2191 PRO
2888 2140 3321 2191 Baccmmo
3366 2138 3697 2191 SACRAE

775 2240 834 2295 15
1026 2242 1472 2293 THEOLOOEAE
1515 2240 1846 2291 FORMATO
1893 2241 2221 2291 VOLENTE
2264 2242 2649 2291 Pssorlclscl
2690 2243 2784 2291 AD
2832 2242 3111 2291 TERRAH
3152 2240 3545 2291 REMOTAM.

1013 2360 1352 2425 Universis
1409 2368 1473 2424 et
1525 2356 1800 2443 singulis
1843 2368 2107 2423 sanctae
2152 2360 2378 2423 matris
2420 2358 2734 2423 ecclesiae
2776 2356 2961 2442 filiis,
3026 2367 3093 2423 et
3158 2358 3521 2443 signanter
3590 2354 3754 2419 uni—

851 2462 1232 2529 versitatum
1273 2459 1412 2525 sive
1453 2457 1810 2523 studiorum
1845 2458 2405 2545 privilegiatorum
2428 2480 2951 2545 quorumcunque
2974 2458 3289 2545 personis,
3330 2454 3753 2543 magistris,

853 2558 1224 2629 doctoribus
1240 2606 1258 2639 ,
1303 2558 1652 2623 licentiatis
1695 2566 1759 2621 et
1799 2556 2187 2625 baccalariis
2198 2606 2217 2640 ,
2260 2556 2347 2622 ad
2388 2580 2549 2645 quos
2591 2579 2903 2645 praesens
2944 2557 3315 2643 pervenerit
3354 2556 3749 2641 scriptum,

851 2664 1162 2748 magister
1213 2657 1308 2722 Ν.
1323 2706 1344 2741 ,
1401 2678 1628 2721 sacrae
1673 2655 2042 2743 theologiae
2076 2656 2333 2721 humilis
2374 2658 2705 2743 professor
2718 2706 2737 2739 ,
2784 2656 3111 2721 fatmltatis
3150 2654 3591 2741 theologicae
3642 2652 3745 2717 al·

767 2772 836 2829 20
855 2784 996 2827 mae
1051 2757 1492 2824 universitatis
1547 2754 1744 2821 studii
1785 2756 2169 2843 Lipczensis
2210 2754 2769 2843 Merseburgensis
2824 2755 3101 2823 diocesis
3142 2755 3433 2823 decanus
3450 2804 3473 2838 ,
3544 2762 3735 2819 tota-

855 2884 978 2949 que
1033 2858 1456 2923 communitas
1512 2855 1840 2922 facultatis
1909 2854 2197 2921 eiusdem
2252 2854 2523 2921 salutem
2580 2878 3043 2943 successusque
3097 2855 3184 2921 ad
3237 2864 3393 2921 vota
3450 2854 3735 2921 felices.

853 2959 1016 3025 Cum
1070 2957 1306 3021 rationi
1361 2964 1668 3021 consonet
1715 2978 1798 3021 ac
1851 2954 2127 3041 perutile
2184 2956 2271 3019 sit
2308 2964 2373 3019 et
2414 2956 2801 3021 conveniens
2816 3004 2835 3037 ,
2884 2956 3065 3021 viros
3114 2954 3441 3041 quoslibet
3486 2956 3719 3020 cuius-

853 3078 1102 3143 cunque
1145 3055 1530 3121 conditionis
1571 3066 1638 3119 et
1675 3064 1912 3138 status,
1977 3076 2096 3140 per
2152 3054 2415 3119 diversa
2456 3064 2775 3119 terrarum
2816 3055 2956 3121 sive
2996 3076 3343 3142 regnorum
3380 3054 3539 3121 loca
3590 3052 3727 3119 ali-

855 3159 1152 3247 quotiens
1202 3156 1428 3273 ignota
1477 3156 1898 3237 transituros,
1961 3154 2257 3220 veritatis
2302 3150 2406 3242 [40
2422 3151 2475 3244 t’]
2516 3153 2954 3221 declaratione
2996 3164 3061 3220 et
3100 3153 3277 3222 fideli
3318 3154 3720 3220 testimonio

771 3270 840 3327 25
861 3257 1274 3340 communiri,
1331 3255 1532 3322 multo
1588 3257 1800 3343 magis
1853 3267 2071 3320 tamen
2118 3255 2447 3340 congruit,
2512 3265 2585 3320 ut
2638 3255 2765 3319 viri
2822 3253 3224 3338 scholastici,
3282 3254 3717 3321 diversarum

853 3360 1268 3428 scientiarum
1319 3357 1720 3443 professores
1735 3404 1754 3438 ,
1809 3355 1922 3440 qui
1976 3355 2319 3420 veritatem
2360 3355 2429 3418 in
2470 3353 2769 3420 omnibus
2810 3353 3103 3441 diligenti
3144 3355 3465 3422 rimantur
3508 3353 3713 3420 inda-

853 3463 1002 3548 gine
1019 3509 1038 3541 ,
1095 3460 1164 3522 in
1223 3479 1425 3545 eaque
1483 3455 1648 3522 alios
1699 3456 2027 3522 instruunt
2066 3463 2132 3519 et
2172 3455 2553 3537 informant,
2620 3453 2857 3519 nedum
2900 3465 2973 3520 ut
3010 3478 3053 3520 a
3092 3455 3281 3522 malis
3322 3453 3715 3520 hominibus

854 3558 1272 3626 iniustissime
1311 3578 1444 3622 non
1485 3555 1964 3642 opprimantur,
2024 3577 2251 3618 verum
2290 3555 2491 3618 etiam
2530 3576 2613 3619 ne
2652 3563 2879 3621 contra
2922 3577 3033 3622 eos
3076 3577 3499 3644 quaecunque
3542 3553 3709 3620 sini·

856 3670 992 3728 stra
1032 3657 1316 3743 suspicio
1355 3656 1632 3738 oriatur,
1673 3654 1968 3719 veritatis
2011 3655 2379 3719 testimonio
2420 3653 2854 3718 defensentur.
2938 3654 3113 3736 Quia
3162 3656 3361 3742 igitur
3402 3653 3705 3720 universi

771 3769 842 3826 30
857 3756 1216 3828 catholicae
1255 3754 1590 3840 religionis
1633 3753 1910 3820 cultores
1951 3763 2089 3818 tam
2127 3755 2269 3819 iure
2306 3765 2579 3818 naturae
2618 3776 2813 3840 quam
2854 3753 3115 3821 divinae
3149 3754 3313 3841 legis
3340 3763 3705 3842 praecepto

857 3867 1006 3924 sunt
1045 3855 1315 3939 astricti,
1357 3863 1430 3919 ut
1466 3853 1656 3920 fidele
1696 3854 2131 3918 testimonium
2174 3852 2558 3941 perhibeant
2598 3855 2881 3936 veritati,
2920 3877 3041 3920 nos
3082 3856 3444 3942 cupientes,
3486 3875 3699 3940 quan·

855 3969 990 4023 tum
1029 3953 1218 4020 nobis
1257 3954 1327 4020 in
1365 3953 1488 4018 hac
1525 3963 1714 4040 parte
1753 3951 2103 4035 incumbit,
2163 3953 2423 4018 veritati
2462 3954 2905 4018 testimonium
2950 3953 3325 4041 perhibere,
3378 3975 3695 4039 recogno-

857 4057 1094 4121 scimus
1136 4053 1394 4142 publice
1433 4051 1826 4140 profitentes,
1875 4051 2295 4140 spectabilem
2334 4063 2401 4116 et
2438 4051 3011 4118 commendabilem
3050 4052 3381 4118 dominum
3428 4053 3547 4134 .N.,
3586 4075 3693 4118 ar-

857 4157 1018 4220 tium
1052 4154 1453 4239 magistrum,
1495 4153 1931 4238 praesentium
1959 4161 2377 4234 ostensorem,
2420 4150 2794 4238 praedictae
2820 4153 3261 4218 universitatis
3288 4153 3697 4240 Lipczensis,

772 4265 838 4321 35
858 4254 1210 4343 praecipue
1252 4261 1464 4318 autem
1503 4261 1766 4317 nostrae
1807 4249 2208 4338 theologicae
2250 4247 2576 4316 facultatis
2620 4273 2761 4315 esse
2804 4251 3163 4316 membrum
3202 4251 3693 4332 benemeritam,

854 4358 1196 4443 ipsumque
1229 4361 1560 4438 tamquam
1602 4351 1889 4416 eiusdem
1925 4349 2251 4415 facultatis
2296 4351 2651 4414 maximum
2694 4358 3051 4416 amatorem
3076 4349 3318 4416 nedum
3348 4352 3691 4418 doctorum

854 4452 1184 4521 facultatis
1219 4450 1395 4518 illius
1434 4449 1816 4516 lectionibus
1877 4459 1944 4514 et
1983 4448 2530 4536 disputationibus
2572 4448 2735 4516 inibi
2776 4459 2890 4516 aut
2928 4449 3381 4538 respondendo
3424 4461 3539 4516 aut
3582 4473 3686 4516 ar-

858 4551 1115 4642 guendo
1159 4572 1281 4639 pro
1325 4551 1426 4616 sui
1466 4550 1712 4636 ingenii
1753 4551 2219 4616 exercitatione
2260 4551 2445 4616 iuxta
2484 4560 2748 4615 nostrae
2780 4549 3111 4616 facultatis
3154 4561 3397 4616 statiua
3436 4561 3503 4616 et
3542 4573 3690 4618 con-

859 4652 1226 4718 suetudines
1279 4648 1752 4716 auscultatione
1805 4648 2301 4736 diligentissima
2356 4649 2617 4716 affuisse
2634 4698 2653 4732 ,
2712 4648 2829 4716 sed
2868 4651 3065 4714 etiam
3106 4671 3369 4716 cursum
3404 4652 3475 4716 in
3516 4649 3690 4716 theo-

775 4761 843 4817 40
861 4751 1036 4838 logia
1085 4773 1208 4838 pro
1268 4771 1386 4815 sua
1443 4747 1868 4836 completione
1922 4757 1988 4812 et
2042 4747 2299 4816 demum
2350 4761 2499 4835 post
2548 4769 2811 4814 cursum
2862 4769 3083 4814 omnes
3126 4759 3401 4836 quatuor
3438 4763 3691 4816 senten-

779 4909 784 4916 .
858 4853 1096 4916 tiarum
1149 4847 1351 4916 libros
1409 4871 1450 4914 a
1479 4849 1824 4935 'principio
1882 4869 2087 4934 usque
2132 4847 2219 4912 ad
2255 4847 2447 4913 finem
2490 4847 2883 4916 declarando
2924 4858 2991 4915 et
3031 4849 3449 4936 exponendo,
3502 4859 3693 4936 prout

863 4950 1078 5014 dictae
1133 4958 1396 5014 nostrae
1451 4947 1780 5014 facultatis
1831 4946 2179 5013 laudabilis
2232 4946 2477 5012 obtinet
2518 4948 2913 5014 consuetudo
2928 4997 2947 5030 ,
3000 4950 3421 5016 exactissima
3458 4947 3693 5034 legisse

863 5047 1229 5134 diligentia,
1269 5050 1536 5134 insuper
1575 5069 1656 5112 ea
1697 5047 2031 5113 honestate
2074 5069 2454 5135 morumque
2494 5046 2791 5112 decentia
2830 5047 3011 5134 apud
3050 5071 3168 5114 nos
3212 5069 3467 5134 semper
3510 5045 3613 5134 [41
3638 5045 3689 5134 ²]

865 5155 1312 5212 conversatum
1367 5147 1568 5212 fuisse
1581 5196 1600 5230 ,
1658 5157 1732 5212 ut
1781 5145 2023 5212 nullam
2079 5169 2346 5233 prorsus
2399 5147 2709 5212 infamiae
2762 5157 2981 5214 notam
3035 5157 3183 5236 post
3232 5171 3301 5214 se
3342 5146 3693 5234 reliquerit,

781 5255 848 5312 45
869 5258 938 5312 ut
990 5249 1184 5312 etiam
1242 5268 1412 5312 anno
1457 5248 1756 5333 proxime
1798 5255 2131 5312 transacto
2172 5248 2241 5311 in
2286 5247 2497 5314 dictae
2538 5247 2748 5314 almae
2790 5248 3231 5314 universitatis
3272 5257 3591 5314 rectorem
3632 5257 3694 5312 et
