4038 6358
1035 668 1040 674 .
1111 592 1302 645 Zweite
1340 594 1870 661 statutenredaction,
1913 608 2019 645 von
2060 593 2401 649 1436—1465.
3060 596 3181 661 325

1273 815 1328 877 9.
1369 828 1466 877 ΒΕ
1505 826 1708 877 nono
1753 826 2271 879 cenomannum.

1565 946 1696 1029 yffi.
1731 961 1780 998 a.
1818 946 1894 998 St.
1929 946 1978 999 8.

503 1058 668 1124 Item
707 1056 776 1121 in
817 1058 1442 1145 congregacionibus
1494 1059 1824 1128 facultatis
1867 1060 2165 1129 concludi
2212 1060 2409 1129 debet
2458 1059 2811 1129 secundum
2850 1060 3180 1149 pluralita-

299 1166 468 1223 tem
519 1174 768 1240 vocum,
812 1157 1102 1245 exceptis
1145 1157 1718 1244 praeiudicialibus
1760 1168 1826 1225 et
1861 1161 2204 1246 graciosis.

537 1343 620 1406 10.
659 1356 736 1403 m
781 1356 1032 1418 oureus
1070 1356 1362 1407 Aci-mus
1403 1358 1734 1409 mms‘rm
1774 1360 1849 1407 m
1889 1360 2583 1409 lummene-Damam·
2620 1360 3001 1409 ΑΡΡΔΕΕΕΕ.
3074 1340 3095 1351 ’
3227 1351 3261 1408 5

1548 1477 1667 1541 Vgl.
1702 1492 1750 1527 a.
1789 1477 1864 1528 St.
1904 1477 1981 1528 16.

505 1590 662 1655 Item
702 1588 773 1653 in
817 1587 1138 1655 eleccione
1181 1588 1430 1674 decani,
1483 1592 1554 1657 in
1606 1591 2246 1658 recommendacione
2286 1590 2796 1674 licenciatorum,
2856 1594 2924 1656 in
2959 1593 3176 1679 incep—

308 1690 526 1753 cione
562 1686 1046 1753 licenciatorum
1087 1686 1224 1753 sive
1265 1688 1617 1774 licenciati,
1669 1692 1740 1756 in
1781 1691 2231 1778 disputacione
2252 1690 2606 1774 ordinaria,
2641 1692 2709 1755 in
2734 1690 3175 1757 extraordina-

312 1789 446 1853 riis
497 1785 1046 1874 disputacionibus
1087 1789 1564 1873 magistrorum,
1618 1790 1687 1855 in
1741 1792 2127 1877 recepcione
2163 1789 2479 1856 ordinarii
2520 1792 2819 1877 magistri
2876 1791 2944 1854 in
2998 1788 3177 1855 habi-

313 1885 514 1951 tibus
551 1886 824 1971 integris
867 1895 931 1952 et
967 1909 1096 1951 non
1138 1886 1283 1952 aliis
1328 1887 1564 1953 debent
1604 1911 1946 1977 apparere.
2027 1890 2191 1955 Item
2231 1888 2445 1956 nullus
2488 1892 2627 1955 sine
2678 1888 2905 1955 habitu
2957 1888 3175 1979 legere
3199 1900 3262 1956 10

319 1984 534 2050 debet
577 2007 701 2050 nec
754 1987 894 2051 sine
945 1984 1173 2053 habitu
1228 1985 1488 2072 publice
1539 1987 1890 2076 disputare,
1945 1986 2067 2055 sub
2109 2010 2320 2076 poena
2364 1988 2562 2055 medii
2612 1989 2843 2055 floreni
2887 1988 3177 2056 facultati

320 2086 584 2149 arcium
625 2084 1058 2171 persolvendi.

693 2274 786 2333 11.
828 2285 924 2334 ΒΕ
961 2284 1304 2338 ‘rAPARms
1345 2284 1482 2335 ΡΕο
1527 2282 1812 2335 nononis
1856 2284 2285 2337 neumam-Is
2326 2284 2820 2337 onsunvnmls.

499 2400 661 2467 Item
704 2400 936 2466 decani
977 2411 1126 2489 post
1180 2400 1532 2467 decanatus
1571 2402 1862 2491 ipsorum
1903 2401 2186 2468 officium
2224 2401 2539 2468 tabardos
2583 2412 2646 2467 et
2686 2402 2948 2469 habitus
2991 2404 3177 2470 deca-

325 2509 522 2566 natus
567 2523 686 2587 pro
726 2499 972 2566 honore
1011 2500 1337 2582 facultatis
1378 2500 1743 2586 observent,
1783 2525 1921 2586 nec,
1966 2510 2311 2588 antequam
2351 2500 2688 2567 licenciam
2710 2502 2780 2566 in
2810 2502 2942 2568 alia
2976 2503 3173 2569 facul·
3197 2514 3259 2570 15

325 2610 465 2665 tate
505 2601 846 2685 attingant,
891 2598 1010 2665 sub
1053 2622 1266 2687 poena
1295 2601 1482 2666 unius
1529 2620 1915 2687 sexagenae‚
1956 2600 2262 2684 vendant,
2304 2602 2533 2687 quam¹
2562 2600 2844 2667 decanus
2873 2620 2993 2690 pro
3016 2612 3174 2669 tem—

329 2721 490 2786 pore
517 2700 804 2765 existens
831 2721 874 2763 a
899 2700 1290 2764 contrarium
1328 2699 1606 2765 faciente
1647 2700 1766 2767 sub
1809 2722 1927 2766 suo
1964 2701 2328 2767 iuramento
2372 2722 2517 2765 cum
2562 2698 2807 2767 auxilio
2850 2700 3175 2768 facultatis

329 2808 582 2865 tenetur
621 2807 1023 2886 extorquere.
2673 2814 2677 2817 ·

337 2986 430 3048 12.
487 2998 562 3047 m
606 2997 796 3058 Quor
840 2996 1462 3047 DISPUTAGIONIBUS
1510 2996 1916 3061 ounnussns,
1947 2997 2409 3048 Pnouovmml
2450 3001 2544 3049 An
2584 3000 3063 3053 MAG1STERIUM
3106 3000 3177 3050 m

1118 3096 1488 3145 ΗΑΒῙΤΙΒυε
1532 3098 1906 3147 ΤΕΝΕΝΤΒΕ
1953 3097 2387 3147 conmmanit.
3192 3090 3261 3148 20

489 3230 656 3296 Item
696 3229 966 3319 quilibet
1015 3229 1532 3296 baccalariorum
1586 3232 1655 3297 in
1707 3231 1977 3316 artibus,
2027 3230 2111 3297 ad
2168 3231 2445 3319 gradum
2497 3235 2857 3320 magisterii
2907 3237 2975 3301 in
3026 3235 3176 3301 arti·

337 3329 452 3396 bus
493 3330 716 3397 volens
762 3330 1153 3420 promoveri,
1211 3353 1332 3418 pro
1376 3330 1618 3396 honore
1673 3330 2003 3397 facultatis
2043 3332 2289 3398 arcium
2332 3333 2401 3397 in
2444 3332 2666 3399 decem
2708 3333 3172 3422 disputacioni-

337 3429 453 3496 bus
495 3430 844 3497 ordinariis
906 3432 975 3496 in
1014 3429 1245 3495 habitu
1293 3429 1548 3514 integro
1594 3438 1745 3495 ante
1801 3431 2211 3518 aparcionem
2265 3433 2709 3520 temptaminis
2764 3456 2803 3498 a
2851 3434 3174 3521 principio

335 3531 512 3596 tercii
554 3530 972 3617 sophismatis
1013 3550 1344 3618 quousque
1384 3530 1668 3618 quinque
1709 3530 2009 3622 magistri
2054 3528 2435 3616 arguebant,
2479 3541 2562 3615 et,
2604 3551 2687 3597 ne
2706 3531 3173 3619 respondentes

341 3627 657 3714 deficiant,
712 3638 982 3718 paratus
1036 3628 1123 3694 ad
1173 3628 1694 3716 respondendum
1751 3628 1837 3694 ad
1892 3650 2363 3717 quamcumque
2406 3639 2660 3717 partem
2704 3640 2958 3696 tenetur
3000 3653 3169 3697 com·
3188 3635 3256 3696 2⁵

342 3751 579 3816 parere,
638 3728 756 3796 sub
799 3750 1011 3816 poena
1053 3751 1181 3794 non
1223 3729 1638 3795 admissionis
1691 3728 1780 3794 ad
1834 3736 2252 3816 temptamen‚
2295 3729 2423 3794 nisi
2480 3728 2832 3817 diligencia
2876 3730 3175 3797 adhibita

344 3827 739 3898 commodose
778 3827 1171 3916 tappardum
1218 3827 1461 3894 habere
1502 3851 1634 3895 non
1670 3830 1910 3916 potuit,
1951 3827 2035 3895 de
2077 3849 2202 3915 quo
2245 3826 2617 3894 facultatem
2659 3852 2777 3918 per
2820 3840 3017 3898 testes
3058 3829 3165 3897 vel

345 3951 518 3994 suum
555 3929 986 3994 iuramentum
1027 3927 1420 3994 informabit.

1048 4099 1141 4163 13.
1183 4110 1280 4159 ΒΕ
1322 4109 1442 4164 nm
1484 4111 2043 4163 ms‘ramucmms
2084 4111 2466 4162 nummum.

1498 4227 1615 4294 vgl.
1650 4246 1699 4281 a.
1739 4231 1815 4284 St.
1849 4232 1932 4297 21,
1971 4233 2022 4284 1.
2909 4193 2918 4202 ⁶
3190 4237 3261 4295 30

493 4361 659 4427 Item
713 4362 788 4426 in
831 4363 994 4429 festo
1047 4363 1254 4428 sancti
1297 4360 1562 4448 Aegidii
1605 4361 1890 4428 decanus
1942 4363 2266 4429 tenebitur
2312 4385 2672 4429 convocare
2712 4385 2932 4429 omnes
2972 4362 3177 4448 magi-

349 4469 500 4626 Ξξτοε
540 4462 610 4526 in
651 4461 957 4528 facultate
997 4463 1240 4528 arcium
1286 4461 1373 4527 ad
1413 4460 1934 4529 distribuendum
1974 4461 2180 4529 libros
2220 4461 2529 4549 legendos
2574 4484 2769 4548 super
2811 4463 3177 4528 mutacione

409 4569 563 4626 tura.

1247 4683 1343 4746 14.
1383 4695 1480 4743 ΒΕ
1521 4693 1722 4744 nono
1761 4693 2277 4745 ΒιεΤΕιΒσΕΝΒῙ.

1495 4812 1612 4876 vai.
1657 4825 1708 4863 a.
1743 4811 1820 4864 st.
1856 4813 1938 4874 21,
1973 4814 2025 4866 2.
3191 4817 3259 4875 35

491 4923 650 4990 Item
679 4923 909 4990 modus
944 4918 1374 4991 distribuendi
1415 4923 1779 4992 ordinarios
1817 4927 1932 4993 fiat
1971 4948 2090 5015 per
2134 4937 2391 5011 sortem,
2434 4925 2637 4992 donec
2676 4923 2955 4994 facultas
2996 4923 3175 4990 aliud

359 5023 695 5090 decreverit
732 5023 1120 5090 faciendum.

503 5265 518 5310 1
560 5254 935 5314 Geschrieben
967 5255 1118 5312 steht
1151 5276 1299 5328 quos.
