4038 6358
840 573 962 640 602
1591 578 1600 587 ’
1859 575 1960 627 Die
1997 574 2366 627 medicinische
2401 572 2656 627 recanat.

837 754 927 821 Et
973 754 1095 821 hoc
1133 756 1338 920 eiciam
1377 756 1755 845 intelligitur
1798 758 1878 822 de
1917 756 2275 823 licenciatis
2315 766 2378 822 et
2432 755 2805 824 doctoribus
2860 755 3019 824 alibi
3075 760 3389 847 promotis
3424 726 3519 825 'et
3567 759 3675 827 hic

841 877 1142 935 assumen
1190 880 1247 921 ιε

1002 989 1345 1055 Promotus
1428 990 1495 1054 in
1569 988 2066 1055 baccalaureum
2145 989 2505 1055 medicinae
2584 991 2654 1055 in
2719 988 2851 1056 alia
2916 991 3342 1058 universitate
3405 993 3673 1075 famosa,

837 1088 1145 1153 affectans
1189 1090 1393 1175 recipi
1436 1087 1523 1153 ad
1561 1088 1932 1155 facultatem
1970 1099 2304 1179 tamquam
2344 1087 2830 1171 baccalaureus,
2873 1089 3207 1156 tenebitur
3250 1100 3401 1157 ante
3437 1093 3673 1174 omnia,

756 1196 789 1252 5
843 1196 1186 1277 antequam
1244 1188 1629 1275 recipiatur,
1686 1188 1917 1254 docere
1979 1187 2060 1254 de
2116 1211 2229 1254 suo
2284 1187 2783 1255 baccalaureatu
2837 1211 2956 1275 per
3009 1191 3401 1256 autenticam
3460 1213 3672 1256 suam·
3657 1241 3674 1274 ,

839 1286 1072 1353 deinde
1114 1286 1232 1352 sub
1277 1286 1491 1376 aliquo
1532 1287 1794 1354 doctore
1839 1287 2292 1354 determinabit
2335 1289 2778 1377 quaestionem
2820 1288 3307 1374 medicinalem,
3350 1290 3441 1356 ad
3483 1314 3675 1379 quam

833 1385 1253 1474 respondebit
1313 1386 1523 1452 eidem
1587 1386 1838 1453 doctori
1892 1398 1955 1453 et
2021 1387 2167 1453 aliis
2222 1387 2582 1454 medicinae
2635 1386 3083 1497 baccalaureis
3151 1392 3251 1455 et¹
3284 1389 3671 1457 scolaribus

837 1507 1113 1573 arguere
1155 1485 1538 1553 volentibus.

996 1619 1158 1685 Item
1200 1620 1444 1686 iurabit
1482 1620 2004 1687 baccalaureus
1986 1644 2054 1686 in
2094 1619 2228 1686 alia
2265 1621 2687 1687 universitate
2729 1630 3060 1711 promotus
3102 1619 3346 1687 decano
3405 1620 3671 1688 faculta-

759 1726 821 1783 10
843 1719 926 1782 tis
970 1716 1327 1785 medicinae
1370 1719 1489 1784 sub
1532 1720 1655 1785 hac
1693 1720 1933 1785 forma:
1987 1720 2178 1807 „Ego
2238 1720 2339 1784 .N.
2392 1722 2533 1786 iuro
2589 1718 2779 1785 vobis
2835 1718 3080 1787 decano
3122 1723 3489 1809 vestrisque
3528 1743 3663 1787 suc·

834 1818 1197 1884 cessoribus
1243 1818 1688 1885 obedienciam
1732 1830 1796 1885 et
1837 1820 2289 1885 reverenciam
2333 1821 2400 1884 in
2442 1817 2638 1884 licitis
2678 1828 2742 1883 et
2785 1818 3089 1901 honestis,
3134 1829 3199 1884 et
3236 1819 3401 1886 velle
3447 1843 3671 1908 procu-

838 1938 986 1981 rare
1028 1917 1264 1984 bonum
1302 1919 1630 1985 facultatis
1672 1917 1957 1984 eiusdem
2002 1920 2102 1983 et²
2145 1917 2524 2001 statuenda,
2581 1940 2747 2007 quae
2809 1927 2958 1985 sunt
3006 1928 3073 1984 et
3115 1928 3301 1984 erunt
3343 1942 3464 2006 pro
3508 1919 3672 1987 bono

838 2016 1162 2082 facultatis
1206 2018 1571 2106 approbata
1613 2018 1716 2084 vel
1759 2017 2208 2105 approbanda,
2252 2041 2373 2105 pro
2418 2040 2613 2105 posse
2666 2039 2843 2100 meo,
2901 2017 3009 2093 ad,
3043 2040 3495 2108 quemcunque
3550 2030 3673 2086 sta-

843 2125 977 2182 tum
1021 2116 1360 2184 devenero.
1449 2118 1559 2184 Sic
1601 2141 1702 2183 me
1744 2117 1901 2182 deus
1942 2116 2208 2182 adiuvet
2250 2127 2315 2181 et
2356 2127 2582 2183 sancta
2625 2117 2730 2182 dei
2772 2117 3176 2204 evangelia.“

762 2258 823 2314 15
1013 2249 1298 2319 Tenetur
1351 2253 1557 2317 eciam
1622 2250 2087 2317 baccalaureus
2144 2248 2301 2316 alibi
2367 2258 2698 2336 promotus
2715 2299 2734 2333 ,
2817 2254 2974 2339 quia
3033 2251 3302 2318 scolaris
3358 2261 3670 2334 censetur,

839 2348 1213 2415 doctoribus
1256 2350 1546 2441 eiusdem
1586 2349 1914 2416 facultatis
1954 2359 2247 2436 tempore
2285 2351 2664 2435 congruenti
2723 2360 2786 2415 et
2838 2350 2980 2417 loco
3038 2351 3323 2418 debitam
3374 2374 3669 2417 reveren·

840 2450 1006 2515 ciam
1049 2459 1114 2516 et
1153 2451 1462 2517 honorem
1502 2449 1898 2538 impendere.

955 2654 1055 2717 37.
1110 2667 1430 2717 surum
1481 2664 1941 2718 monnclssos
1996 2665 2412 2715 axrnmos
2454 2666 2908 2717 assumnnos
2949 2667 3042 2715 An
3084 2666 3556 2716 mcunn‘rsu

1751 2766 2131 2815 mmmm
2178 2749 2761 2815 concnmncm.³

753 2906 822 2963 20
1002 2899 1413 2965 Licenciatus
1456 2900 1523 2965 in
1566 2899 1696 2965 alia
1738 2899 2156 2965 universitate
2196 2905 2550 2987 promotu&
2600 2909 2973 2985 assumptus
3018 2896 3105 2963 ad
3147 2906 3436 2964 nostram
3476 2897 3666 2963 facul-

836 3007 1035 3063 tatem
1079 2998 1270 3064 huius
1315 2999 1527 3082 studii,
1574 2999 1756 3064 dabit
1800 2995 1973 3086 [10⁸]
2017 2996 2274 3062 famulis
2320 2998 2757 3063 universitatis
2821 2997 2982 3064 duos
3034 2997 3316 3063 florenos
3373 3019 3671 3063 renenses

832 3106 1123 3186 tempore
1167 3121 1324 3163 suae
1366 3100 1875 3187 assumpcionis3
1957 3107 2213 3162 tenetur
2265 3099 2472 3161 eciam
2528 3096 2812 3183 probare
2870 3119 2988 3184 per
3033 3118 3215 3161 suam
3260 3098 3667 3181 autenticam,

835 3219 903 3261 se
948 3196 1361 3263 licenciatum
1407 3221 1569 3281 esse,
1614 3208 1678 3263 et
1719 3201 2094 3285 promittere
2136 3199 2321 3262 iuxta
2364 3197 2586 3283 priora
2633 3206 2893 3280 statuta,
2949 3195 3115 3262 velle
3154 3218 3517 3284 procurare
3556 3196 3669 3262 bo·

837 3318 989 3361 num
1040 3297 1370 3363 facultatis
1425 3296 1745 3381 medicae,
1808 3296 1895 3363 ad
1943 3318 2384 3385 quemcunque
2438 3306 2673 3360 statum
2726 3296 3090 3379 devenerit,
3163 3306 3226 3362 et
3284 3295 3444 3380 alia,
3512 3319 3674 3382 quae

751 3404 817 3459 25
840 3407 1233 3462 concernunt
1270 3397 1581 3462 honorem
1627 3407 1691 3462 et
1727 3395 1966 3462 bonum
2015 3406 2251 3461 statum
2297 3394 2584 3460 eiusdem
2624 3395 2955 3461 facultatis
3012 3396 3203 3461 huius
3266 3396 3468 3462 studii
3526 3396 3671 3483 Lip-

835 3497 1092 3578 zensis3
1137 3496 1428 3562 similiter
1472 3497 1913 3561 reverenciam
1974 3495 2221 3560 decano
2271 3493 2665 3581 reliquisque
2719 3493 3094 3561 doctoribus
3152 3494 3484 3561 facultatis
3539 3496 3673 3563 loco

835 3604 899 3659 et
939 3604 1228 3683 tempore
1273 3596 1649 3682 congruenti
1693 3616 1773 3661 ac
1810 3593 2098 3660 debitum
2142 3593 2450 3659 honorem
2507 3603 2760 3659 tenetur
2819 3594 3226 3684 impendere3
3314 3595 3433 3661 sed
3500 3601 3573 3663 12
3612 3596 3673 3660 fl.

839 3693 1026 3760 dabit
1065 3693 1455 3761 doctoribus.

836 3899 936 3963 38.
980 3911 1296 3961 surum
1338 3908 1707 3960 noc‘romss
1750 3910 1938 3958 amm
1980 3908 2358 3958 Paolum-os
2398 3909 2489 3957 m·
2533 3909 2651 3959 mc
2696 3908 3150 3960 sssmnnos
3176 3911 3675 3978 nssmcmncu,

753 4002 822 4059 30
1090 4015 1291 4079 quae
1332 3992 1499 4079 legi
1557 3991 1862 4058 debent
1905 4002 2263 4079 tempore
2304 3994 2922 4079 assumpcionis
2967 3993 3431 4059 eorundem.

1001 4144 1343 4210 Promotus
1385 4142 1746 4208 medicinae
1788 4141 2014 4208 doctor
2056 4144 2123 4207 in
2166 4141 2299 4207 alia
2339 4143 2778 4226 universitate,
2823 4151 3051 4229 petens
3088 4146 3401 4210 assummi
3457 4144 3546 4210 ad
3584 4145 3671 4209 fa-

837 4243 1138 4309 cultatem
1182 4243 1542 4309 medicinae
1583 4242 1773 4307 huius
1819 4240 2035 4323 studii,
2081 4253 2230 4307 ante
2273 4241 2490 4306 omnia
2542 4240 2739 4332 debet
2796 4242 3177 4309 matriculae
3235 4244 3673 4310 universitatis

836 4364 979 4409 esse
1021 4343 1370 4429 inscriptus
1415 4351 1479 4407 et
1519 4350 1722 4407 totam
1761 4339 2142 4428 peccuniam
2195 4340 2358 4407 solvi
2399 4349 2767 4406 consuetam
2787 4390 2806 4424 ,
2849 4352 3076 4430 utpute
3123 4343 3348 4409 decem
3389 4366 3673 4431 grossos,

834 4444 1074 4508 rectori
1115 4442 1556 4507 universitatis
1598 4440 1889 4506 solvisse.
1972 4438 2106 4506 Sed
2152 4446 2226 4510 18
2284 4438 2345 4504 fl.
2366 4489 2384 4523 ,
2450 4462 2609 4528 quos
2676 4439 2784 4506 hic
2837 4464 2957 4529 pro
3013 4443 3314 4509 examine
3373 4442 3675 4524 dedisset,

751 4551 817 4608 35
839 4540 1021 4608 dabit
1056 4540 1445 4624 doctoribus,
1484 4550 1557 4606 ut
1596 4541 1844 4627 supra.⁴

1000 4658 1247 4725 Doctor
1289 4657 1665 4741 medicinae,
1708 4666 2043 4744 promotus
2104 4657 2172 4724 in
2218 4654 2349 4721 alia
2405 4655 2828 4721 universitate
2881 4657 3170 4740 famosa,
3232 4659 3289 4723 si
3353 4656 3675 4724 desiderat

837 4761 1041 4848 recipi
1085 4758 1173 4824 ad
1213 4756 1584 4824 facultatem
1626 4749 2005 4840 medicinae,
2049 4754 2373 4843 principio
2416 4753 2609 4819 debet
2651 4755 2885 4823 docere
2927 4757 3010 4824 de
3038 4756 3379 4825 doctoratu
3412 4781 3530 4824 suo
3563 4781 3672 4845 per

1010 5015 1033 5066 1
1071 5017 1124 5064 et
1151 5007 1305 5064 fehlt.

1005 5098 1036 5149 ‘2
1071 5093 1147 5148 Es
1178 5091 1321 5148 fehlt
1352 5092 1494 5148 wohl
1526 5109 1750 5148 servare
1777 5097 1987 5147 statuta
2017 5098 2085 5145 et.

1010 5183 1040 5230 3
1074 5176 1446 5233 Geschrieben
1480 5178 1556 5231 ist
1591 5183 1977 5232 commta-5.

1015 5265 1049 5316 4
1082 5260 1279 5318 Dieser
1311 5276 1489 5334 ganne
1521 5259 1734 5317 Absatz
1769 5260 1843 5316 ist
1878 5263 2065 5330 spater
2096 5255 2528 5315 durchstrichen.
