4038 6358
1443 625 1545 678 Die
1580 628 1797 678 altemen
1837 626 2091 679 Statuten.
3066 631 3187 692 557

314 820 454 875 aut
497 810 832 894 decanum,
874 820 1066 898 prout
1111 809 1495 891 baccalarii,
1511 812 1531 853 ¹
1591 808 1708 874 sub
1758 812 1982 896 poenis
2028 809 2192 895 ipsis
2240 831 2358 896 per
2402 809 2771 875 facultatem
2814 809 3187 895 infligendis

326 911 481 974 sint
512 913 795 993 astricti3
836 913 990 975 item
1022 909 1212 997 quod,
1260 912 1452 975 sicuti
1496 931 1698 995 supra
1739 910 1946 973 eciam
1988 918 2245 972 cautum
2284 919 2400 992 est,
2438 908 2648 974 nullus
2691 912 2757 973 in
2801 920 2991 974 antea
3033 930 3189 995 qua·

327 1031 606 1097 cunque
637 1012 974 1076 occasione
1012 1012 1079 1073 in
1123 1032 1381 1074 cursum
1425 1010 1561 1074 sive
1608 1010 1965 1072 sentencias
2009 1009 2403 1094 principium
2444 1009 2661 1090 faciat,
2705 1007 3044 1074 licenciam
3080 1019 3191 1073 aut

317 1107 663 1174 biri-etum
685 1111 753 1174 in
785 1110 1110 1195 theologia
1154 1111 1429 1194 recipiat
1470 1130 1511 1173 a
1553 1108 1716 1172 festo
1735 1107 1914 1172 Petri
1957 1117 2021 1171 et
2045 1106 2255 1189 Pauli,
2300 1118 2677 1172 sanctorum
2720 1107 3181 1193 apostolorum,

317 1230 551 1294 usque
610 1207 696 1273 ad
747 1210 978 1274 festum
1036 1211 1240 1273 sancti
1297 1209 1634 1296 Lamperti
1689 1205 2038 1289 inclusive,
2097 1207 2221 1270 nisi
2282 1205 2762 1271 racionabiliter
2816 1222 2933 1293 per
2988 1208 3186 1273 facul·
3239 1218 3272 1273 5

315 1318 545 1372 tatem
573 1330 792 1374 secum
823 1308 1016 1374 fuerit
1058 1307 1533 1393 dispensatum3
1581 1308 1734 1371 item
1780 1306 1951 1393 quod
1993 1305 2203 1370 nullus
2246 1306 2315 1371 in
2356 1302 2682 1388 theologia
2730 1307 3191 1391 magistrorum

321 1417 458 1471 aut
505 1406 993 1473 licenciatorum
1053 1428 1172 1494 pro
1228 1407 1612 1471 canonicatu
1671 1414 1735 1470 et
1790 1403 2165 1490 praebenda
2217 1405 2464 1490 aliqua,
2508 1406 2917 1471 universitati
2960 1430 3001 1471 a
3042 1407 3194 1472 sede

321 1506 714 1593 apostolica
756 1515 1092 1572 reservata
1136 1502 1306 1592 [15¹²]
1353 1516 1416 1570 et
1455 1507 1909 1592 incorporata,
1966 1504 2182 1591 aliquo
2238 1504 2427 1569 modo
2480 1505 2676 1567 instet
2688 1505 2741 1586 ,⁶²
2784 1507 2922 1570 sive
2977 1508 3191 1594 ipsum

325 1604 450 1670 vel
500 1628 688 1670 suum
726 1607 826 1670 ius
844 1655 862 1688 ,
909 1604 1033 1670 sibi
1078 1604 1163 1670 ad
1205 1607 1418 1691 ipsum
1462 1614 1866 1689 competens,
1910 1626 2057 1667 cum
2100 1602 2301 1667 altero
2350 1613 2671 1690 permutet
2715 1626 2828 1669 seu
2870 1604 3057 1677 alteri
3097 1629 3192 1671 re-

322 1705 578 1788 signet,
621 1705 1081 1792 praefatosque
1125 1706 1542 1768 canonicatus
1588 1714 1652 1767 et
1691 1702 2098 1789 praebendas
2142 1726 2182 1769 a
2221 1701 2582 1788 theologica
2623 1702 2929 1769 facultate
2974 1705 3187 1772 nullus
3211 1719 3273 1771 10

327 1805 645 1889 ipsorum
688 1804 925 1869 alienet
967 1826 1174 1888 neque
1216 1807 1285 1866 in
1327 1802 1693 1868 huiusmodi
1735 1801 2232 1883 alienacionem,
2280 1824 2658 1888 quacunque
2701 1806 3041 1869 occasione
3083 1830 3194 1870 seu

327 1901 565 1967 colore
593 1906 902 1989 quaesito,
947 1905 1336 1985 consenciat,
1382 1901 1502 1966 sub
1533 1923 1745 1988 poena
1775 1903 2218 1989 suspensionis
2262 1923 2301 1964 a
2343 1900 2610 1966 consilio
2652 1901 2977 1967 facultatis
3021 1904 3196 1969 theo-

335 1999 613 2086 logicae
639 2010 703 2066 et
725 2003 1122 2088 privacionis
1146 2002 1626 2089 promocionum
1661 2012 1853 2087 atque
1885 2001 2160 2066 aliorum
2208 2000 2756 2065 emolimentorum
2799 2003 3198 2088 singulorum

333 2099 682 2164 facultatis
726 2101 1030 2167 eiusdem.

493 2305 594 2366 26.
649 2317 744 2364 DE
790 2317 1280 2365 COMPLEGIONE
1325 2318 1585 2365 BIENNII
1628 2318 1811 2364 ANTE
1855 2318 2246 2365 m'neol‘rma
2290 2317 2587 2367 consum
2630 2319 3074 2367 FAOULTATIS.
3221 2314 3280 2368 ¹5

525 2432 718 2497 Anno
774 2432 1016 2497 domini
1066 2440 1220 2499 1444
1273 2433 1378 2497 die
1427 2441 1498 2498 14
1555 2435 1795 2497 mensis
1840 2434 2006 2498 Iunii
2070 2432 2438 2498 conclusum
2499 2434 2619 2499 fuit
2675 2435 3082 2500 concorditer
3135 2447 3196 2500 et

338 2540 668 2596 statutum
698 2541 850 2596 tunc
882 2553 1000 2618 per
1045 2533 1394 2616 magistros
1438 2531 1518 2596 de
1560 2533 1825 2598 consilio
1870 2531 2198 2597 facultatis
2240 2535 2608 2616 existentes,
2653 2533 2823 2619 quod
2865 2538 3196 2621 magister,

335 2630 574 2696 volens
618 2630 805 2695 iuxta
846 2631 1271 2695 iuramentum
1325 2653 1509 2695 suum
1553 2631 1877 2718 complere
1938 2631 2300 2713 biennium,
2360 2631 2553 2696 debet
2604 2642 2751 2719 post
2803 2631 3195 2720 disputacio-

342 2752 501 2794 nem
551 2730 634 2794 de
674 2732 1039 2817 resumpta³
1094 2752 1215 2816 per
1275 2731 1433 2795 duos
1496 2754 1699 2796 annos
1752 2732 1820 2795 in
1867 2730 2192 2816 theologia
2242 2729 2513 2816 singulis
2557 2730 2785 2796 diebus
2827 2731 3198 2819 legibilibus

338 2832 410 2893 in
460 2829 692 2894 ordine
733 2851 849 2894 suo
892 2829 1142 2915 legere;
1205 2841 1268 2894 et
1326 2832 1380 2894 si
1439 2852 1582 2894 eum
1640 2829 1760 2894 sub
1804 2829 1928 2894 hoc
1969 2831 2228 2894 biennio
2272 2828 2500 2894 abesse
2544 2832 2920 2917 contigerit,
2963 2835 3029 2897 in
3071 2831 3282 2897 alio20

341 2927 450 2993 vel
497 2929 567 2992 in
610 2927 755 2993 aliis
796 2950 964 2993 anno
1009 2928 1114 2993 vel
1157 2931 1346 2993 annis
1385 2940 1616 3014 postea
1656 2929 1985 3017 suppleat,
2033 2940 2341 3016 quantum
2397 2929 2810 3015 neglexerat,
2856 2942 3197 3018 antequam

343 3027 697 3093 consilium
751 3026 1075 3092 facultatis
1118 3031 1411 3093 introeat.

1101 3200 1194 3259 27.
1243 3192 1364 3281 [Bl.
1409 3192 1544 3281 16⁸]
1603 3214 1697 3260 DE
1741 3213 1940 3260 nono
1986 3214 2447 3261 Anm‘r'rnnm.

517 3328 682 3393 Item
717 3325 960 3414 placuit
988 3326 1251 3410 ibidem,
1288 3326 1462 3414 quod
1500 3329 1829 3412 magister,
1871 3326 2130 3393 biennio
2177 3351 2293 3395 suo
2337 3331 2449 3410 sic,
2495 3340 2565 3395 ut
2586 3331 3001 3416 promittitur,
3026 3354 3196 3398 eom-

348 3428 564 3516 pleto,
612 3428 667 3491 si
713 3425 1054 3491 consilium
1093 3425 1420 3491 facultatis
1463 3428 1707 3490 intrare
1749 3425 2055 3509 voluerit,
2113 3427 2381 3491 accedat
2422 3428 2733 3493 decanum
2780 3440 2922 3512 aut,
2967 3454 3043 3496 eo
3085 3431 3194 3495 ab·
3214 3441 3281 3497 25

347 3538 553 3609 sente,
580 3528 756 3590 vices
796 3526 1005 3610 ipsius
1038 3535 1379 3607 tenentem,
1423 3527 1634 3612 ipsum
1679 3548 1872 3611 super
1912 3525 2278 3591 huiusmodi
2309 3526 2746 3615 complecione
2767 3529 3196 3613 informando,

343 3637 677 3713 petatque,
713 3624 837 3690 sibi
873 3627 1220 3692 convocari
1255 3625 1602 3709 magistros
1642 3624 1722 3688 de
1767 3624 2035 3690 consilio
2078 3625 2406 3691 facultatis
2450 3629 2798 3693 existentes
2843 3629 2928 3693 ad
2969 3629 3196 3694 horam

347 3728 527 3791 eius⁴
574 3736 828 3812 aptam,
872 3722 985 3788 ubi
1030 3746 1210 3788 suam
1255 3733 1578 3810 proponat
1621 3725 2019 3810 peticionem.
2108 3724 2194 3788 Et
2237 3727 2304 3790 in
2358 3724 2665 3791 absencia
2706 3729 2842 3792 eius
2886 3728 3198 3795 delibera-

345 3826 516 3891 bunt
559 3825 888 3909 magistri,
932 3833 996 3887 et
1039 3824 1093 3887 si
1139 3823 1316 3888 aliud
1358 3845 1506 3906 non¹
1532 3823 1874 3905 obstiterit,
1936 3825 2158 3888 statim
2199 3823 2445 3913 absque
2489 3826 3005 3893 contradiccione
3047 3852 3199 3916 qua-

345 3925 509 3990 libet
558 3923 954 3989 admittatur.
3217 3940 3284 3995 30

1104 4093 1201 4154 28.
1251 4105 1345 4152 ΒΕ
1389 4105 1865 4152 mmmm-:nme
1918 4106 2011 4152 An
2055 4106 2448 4156 momentu.

525 4222 689 4287 Item
735 4222 820 4287 ad
862 4222 1200 4287 licenciam
1254 4222 1322 4285 in
1379 4220 1706 4306 theologia
1770 4220 2078 4307 deinceps
2130 4222 2342 4287 nullus
2397 4224 2807 4310 admittatur,
2863 4228 2990 4291 nisi
3049 4238 3199 4293 actu

350 4324 419 4387 in
466 4321 839 4387 sacerdocio
878 4321 1075 4385 fuerit
1117 4321 1553 4384 constitutus.⁵
1639 4319 1710 4384 Si
1751 4343 1903 4385 vero
1948 4319 2356 4388 baccalarius
2400 4323 2711 4389 formatus
2755 4324 3018 4392 alterius
3063 4330 3199 4392 uni-

358 4424 692 4486 versitatis
762 4421 849 4486 ad
911 4419 1251 4484 licenciam
1306 4420 1511 4505 recipi
1566 4418 1876 4502 voluerit,
1933 4419 2126 4484 debet
2178 4422 2263 4486 ad
2315 4424 2525 4487 minus
2569 4446 2686 4511 per
2727 4448 2923 4490 unum
2962 4449 3201 4493 annum

357 4523 681 4607 integrum
723 4519 833 4585 'hio
864 4520 1117 4584 stetisse
1150 4529 1232 4600 et,
1275 4530 1345 4583 ut
1385 4520 1585 4583 moris
1623 4527 1740 4600 est,
1783 4518 2199 4605 respondisse
2241 4531 2304 4586 et
2365 4522 2683 4588 lecciones
2727 4527 3189 4610 magistrorum
3208 4535 3273 4591 35

360 4620 702 4707 diligenter
747 4620 1083 4700 visitasse3
1146 4617 1309 4683 alias
1365 4616 1542 4682 nullo
1605 4618 1797 4682 modo
1850 4618 2246 4705 admittatur,
2305 4633 2865 4712 quantumcunque
2926 4624 3037 4690 diu
3059 4627 3085 4667 ⁶
3136 4627 3202 4689 in

538 4893 553 4942 l
596 4885 969 4944 Geschrieben
1005 4885 1154 4940 steht
1191 4886 1539 4944 meabas-iis.

535 4977 565 5026 2
604 4971 709 5026 Am
747 4970 967 5026 Raude:
1006 4969 1117 5033 Qui
1146 4989 1259 5024 non
1291 4978 1370 5024 est
1393 4975 1705 5040 prose-seor,
1738 4972 2030 5026 inidoneus
2062 4980 2140 5026 est
2171 4974 2254 5026 ad
2282 4974 2676 5029 canonicatum.

529 5061 559 5111 3
598 5054 671 5110 So
703 5053 850 5109 steht
881 5052 1256 5125 geschrieben.
1328 5054 1458 5125 Vgl.
1501 5053 1672 5109 sehon
1707 5053 1848 5108 oben
1888 5060 2002 5125 555,
2036 5061 2093 5111 21
2138 5057 2251 5110 und
2286 5061 2399 5126 563,
2434 5061 2515 5112 25.

529 5146 562 5195 4
600 5139 672 5194 So
708 5138 856 5194 steht
886 5137 1260 5210 geschrieben.

533 5229 562 5278 5
601 5222 708 5276 Am
744 5223 961 5278 Raude:
1008 5222 1179 5293 Infra
1199 5221 1319 5291 sol.
1358 5227 1422 5277 22
1462 5224 1843 5277 subdiaconus.

534 5311 566 5361 6
600 5305 972 5362 Geschrieben
1008 5303 1155 5372 steht
1185 5307 1290 5362 die.
