4038 6358
1425 657 1526 710 Die
1559 658 1796 711 statuten
1835 671 1958 709 vom
1995 657 2163 709 Jahn-0
2208 654 2351 707 1543.
3180 652 3305 716 569

391 862 848 911 consensum
907 841 1266 911 catholicae
1323 839 1430 909 dei
1492 839 1802 907 ecclesiae
1858 842 1967 930 pie
2022 848 2085 905 et
2138 838 2412 907 fideliter
2472 839 2767 929 proponi,
2825 835 3185 927 propagari
3239 841 3305 900 et

399 946 856 1011 conservari.

635 1044 1057 1111 severissime
1100 1044 1294 1109 etiam
1331 1040 1748 1131 prohibemus
1785 1044 2008 1129 spargi
2052 1050 2117 1107 et
2160 1039 2416 1106 defendi
2456 1038 2759 1106 haereses
2798 1046 3071 1121 veteres,
3122 1037 3301 1103 dam-

403 1154 650 1211 natas
707 1145 776 1209 in
829 1143 1096 1232 synodis
1153 1144 1428 1225 Nicena,
1488 1140 2207 1229 constantinopolitana
2224 1191 2242 1224 ,
2304 1140 2639 1228 Ephesina
2701 1152 2765 1205 et
2822 1136 3305 1207 calcedonensi.

411 1242 633 1310 Nam
677 1244 908 1310 harum
965 1242 1356 1331 synodorum
1413 1242 1690 1307 decretis
1743 1249 1809 1306 et
1859 1241 2289 1329 explicatione
2342 1240 2674 1306 doctrinae
2725 1238 2806 1304 de
2849 1237 2969 1305 deo
3015 1247 3199 1325 patre
3242 1245 3305 1301 et
3355 1246 3389 1301 5

411 1342 595 1409 filio
637 1355 700 1409 et
746 1344 981 1431 spiritu
1023 1351 1245 1407 sancto
1291 1352 1353 1407 et
1394 1341 1475 1407 de
1516 1339 1768 1406 duabus
1809 1342 1878 1406 in
1924 1340 2182 1408 Christo
2226 1342 2507 1424 naturis,
2549 1348 2701 1405 nato
2742 1362 2825 1404 ex
2867 1339 3121 1423 virgine
3158 1336 3296 1401 Ma-

421 1446 581 1527 ria,
625 1444 1041 1523 adsentimur‚
1084 1464 1287 1528 eaque
1329 1441 1688 1507 iudicamus
1730 1443 1799 1506 in
1842 1441 2103 1528 scriptis
2144 1440 2515 1528 apostolicis
2556 1449 2728 1505 certo
2771 1437 3012 1503 tradita
3051 1459 3207 1504 esse.

1607 1624 2170 1674 PRAELECTORES.

1729 1746 2059 1811 CaputIL

634 1861 780 1927 Sint
818 1860 1254 1948 praelectores
1295 1859 1456 1923 certi
1498 1867 1564 1923 et
1604 1861 1900 1947 perpetui
1942 1870 2216 1949 quatuor
2258 1871 2321 1926 et
2364 1856 2713 1925 secundum
2752 1857 3069 1945 principis
3102 1852 3393 1940 diplo-10

443 1985 594 2044 ma,
642 1963 750 2048 qui
796 1963 925 2025 sint
965 1958 1238 2025 subiecti
1281 1959 1516 2023 rectori
1559 1958 1950 2043 academiae,
1996 1959 2269 2026 admissi
2312 1960 2552 2026 iudicio
2584 1957 2841 2043 collegii
2884 1956 3071 2021 huius
3110 1952 3308 2020 facul-

447 2064 640 2143 tatis,
687 2071 750 2126 et
791 2059 1075 2125 habeant
1119 2058 1554 2123 testimonium
1610 2058 1938 2144 publicum
1993 2061 2239 2145 gradus
2283 2060 2672 2139 doctoratus,
2718 2056 2820 2122 vel
2880 2055 2963 2121 ab
3002 2054 3127 2120 hac
3165 2075 3310 2119 aca-

454 2160 685 2227 demia
736 2158 839 2224 vel
900 2157 984 2224 ab
1048 2157 1180 2223 alia
1243 2156 1565 2223 collatum.
1649 2159 1739 2225 Hi
1802 2168 2079 2247 quatuor
2140 2182 2417 2226 unacum
2482 2158 2727 2244 reliquo
2782 2154 3054 2242 collegio
3118 2154 3309 2219 huius

449 2259 800 2325 facultatis
843 2259 1116 2343 negocia
1155 2256 1410 2343 collegii
1451 2260 1750 2323 conmuni
1795 2258 2061 2325 consilio
2101 2269 2166 2325 ot
2205 2281 2404 2346 opera
2447 2259 2930 2337 administrent,
2985 2276 3065 2319 ac
3109 2252 3309 2319 fideli-

457 2370 595 2442 ter,
659 2368 730 2423 ut
795 2359 863 2422 in
924 2357 1201 2423 ecclesia
1263 2357 1734 2443 gubernatores
1797 2359 2014 2424 facere
2079 2356 2293 2440 decet,
2356 2357 2768 2424 concordiam
2830 2354 3179 2441 praecipue
3239 2352 3310 2417 in
3329 2361 3391 2415 15

457 2459 768 2525 doctrina
807 2466 1122 2523 tueantur.

635 2558 708 2623 Si
763 2558 906 2644 quis
962 2566 1174 2622 autem
1216 2555 1286 2619 in
1327 2554 1458 2621 alia
1501 2556 1837 2622 academia
1891 2558 2084 2622 fuerit
2136 2568 2402 2624 ornatus
2460 2556 2671 2644 gradu
2724 2556 3121 2637 doctoratus,
3173 2573 3301 2618 non

461 2660 819 2746 recipiatur
841 2658 910 2722 in
930 2655 1054 2721 hoc
1081 2653 1443 2741 collegium,
1469 2657 1596 2720 nisi
1631 2660 1810 2742 prius
1835 2655 2177 2743 explorata
2207 2659 2290 2722 sit
2322 2658 2459 2722 eius
2486 2656 2759 2723 eruditio
2790 2666 2853 2719 et
2886 2653 3206 2719 sententia
3234 2653 3305 2717 in

463 2758 729 2847 publica
780 2755 1236 2841 disputatione,
1294 2754 1837 2840 quemadmodum
1887 2756 2060 2820 infra
2109 2756 2507 2837 monebitur3
2565 2766 2629 2821 et
2681 2776 2923 2835 omnes,
2978 2755 3089 2837 qui
3142 2752 3303 2816 reci-

463 2860 744 2946 piuntur,
789 2855 892 2921 vel
945 2854 1052 2919 hic
1095 2852 1198 2919 vel
1251 2851 1409 2919 alibi
1455 2856 1668 2919 ornati
1705 2855 1920 2941 gradu
1962 2854 2353 2938 doctoratus,
2408 2857 2655 2938 iurent,
2712 2878 2781 2921 se
2821 2849 3096 2919 fideliter
3136 2851 3305 2915 hunc
3324 2858 3391 2915 20

465 2978 851 3025 consensum
893 2954 1230 3021 doctrinae
1275 2964 1607 3020 secuturos
1651 2964 1714 3020 et
1756 2954 2136 3022 defensuros
2179 2978 2339 3021 esse.

1684 3138 2097 3190 LECTIONES.

1711 3257 1755 3307 C
1766 3272 1799 3307 a
1818 3274 1851 3322 p
1865 3275 1898 3308 u
1911 3268 1932 3309 t
1965 3259 1992 3308 1
2003 3261 2030 3309 1
2042 3261 2083 3312 1.

633 3374 906 3462 Semper
963 3383 1300 3438 enarretur
1353 3370 1437 3437 ab
1494 3394 1621 3437 uno
1677 3394 1760 3437 ex
1815 3371 1917 3438 his
1975 3371 2143 3438 liber
2199 3372 2434 3460 aliquis
2483 3373 2721 3437 veteris
2776 3369 3174 3452 testamenti,
3231 3389 3309 3433 ac

467 3475 847 3562 saepissime
887 3482 1265 3560 repetantur
1307 3473 1791 3537 ennarrationes
1838 3472 2151 3558 epistolae
2196 3470 2383 3536 Pauli
2441 3470 2527 3536 ad
2581 3470 2927 3554 Romanos,
2982 3465 3305 3554 evangelii
3326 3475 3391 3531 25

462 3574 748 3657 Ioannis,
795 3572 1210 3660 psalmorum,
1264 3571 1539 3658 genesis,
1583 3569 1842 3636 Esaiae.
1928 3571 2096 3637 Nam
2145 3572 2211 3638 hi
2250 3571 2400 3636 libri
2448 3572 2731 3636 maxime
2772 3569 3028 3635 erudire
3071 3567 3311 3634 studio-

467 3697 571 3740 sos
617 3673 699 3738 de
743 3673 1110 3760 praecipuis
1148 3670 1306 3737 locis
1348 3671 1679 3736 doctrinae
1725 3669 2135 3738 Christianae
2179 3684 2463 3758 possunt.

635 3786 758 3877 [Bl.
800 3785 904 3876 2¹²]
964 3786 1297 3852 Interdum
1358 3788 1553 3851 etiam
1612 3810 1774 3851 unus
1835 3809 1917 3852 ex
1970 3786 2450 3874 professoribus
2508 3798 2768 3854 enarret
2817 3757 3053 3852 librum
3096 3784 3313 3871 Augu-

469 3890 622 3955 stini
680 3888 761 3954 de
815 3887 1050 3974 spiritu
1110 3895 1174 3950 et
1236 3885 1445 3968 litera,
1509 3895 1624 3950 aut
1685 3886 1824 3951 eius
1887 3889 2146 3972 generis
2206 3887 2503 3975 aliquem,
2566 3897 2636 3953 ut
2696 3887 2960 3952 videant
3022 3883 3312 3966 studiosi,

469 3987 891 4054 ecclesiarum
948 3995 1316 4052 nostrarum
1377 3986 1737 4052 doctrinam
1793 3988 1988 4054 etiam
2045 3987 2285 4053 habere
2343 3987 2768 4053 eruditiorum
2823 3995 3080 4074 patrum
3135 3985 3310 4050 testi·
3327 3991 3395 4050 30

470 4110 706 4153 moma.

631 4185 720 4252 Et
759 4185 829 4250 in
871 4182 1389 4251 enarrationibus
1434 4184 1713 4272 simplex
1755 4187 1996 4250 veritas
2058 4184 2332 4250 candide
2387 4196 2751 4275 quaeratur,
2811 4186 2996 4250 iuxta
3044 4182 3309 4250 manda-

465 4297 601 4351 tum
644 4285 770 4368 dei,
828 4293 890 4350 et
932 4293 1108 4350 recte
1162 4307 1242 4348 ac
1298 4286 1567 4371 proprio
1613 4294 1676 4350 et
1717 4287 2066 4372 perspicuo
2108 4308 2343 4371 genere
2388 4287 2701 4350 sermonis
2756 4283 3134 4371 explicetur,
3192 4305 3314 4347 nec

467 4385 697 4450 ludant
753 4384 1157 4472 professores
1225 4383 1548 4470 ambiguis
1611 4385 1981 4467 involucris,
2046 4407 2166 4450 nec
2227 4385 2508 4470 collegas
2568 4385 2671 4450 vel
2736 4385 3152 4449 criminentur
3209 4381 3312 4447 vel

469 4483 774 4570 sugillent
813 4486 880 4548 in
936 4483 1086 4548 ullis
1141 4483 1687 4570 praelectionibus
1740 4494 1851 4549 aut
1891 4483 2453 4571 disputationibus,
2512 4483 2624 4550 sed
2677 4485 2785 4571 qui
2828 4482 2991 4548 haec
3044 4482 3393 4547 fecerint35

470 4585 728 4648 severe¹
772 4585 969 4649 totius
1014 4581 1389 4649 academiae
1429 4582 1668 4648 iudicio
1712 4585 2083 4671 puniantur.

631 4681 852 4748 Horae
892 4683 987 4747 ita
1028 4681 1520 4764 distribuantur,
1583 4705 1664 4748 ne
1724 4683 1848 4749 duo
1907 4683 2175 4749 eandem
2228 4683 2474 4767 horam,
2535 4684 2662 4748 nisi
2718 4705 2967 4747 summo
3022 4680 3307 4765 consilio,

470 4792 808 4869 occupent,
848 4803 931 4847 ne
972 4803 1167 4868 quam
1211 4779 1702 4848 aemulationem
1746 4805 1824 4847 ea
1865 4804 1971 4847 res
2011 4784 2259 4870 pariat3
2305 4783 2549 4871 fiatque
2586 4783 2893 4848 horarum
2937 4780 3306 4847 distributio

467 4879 707 4946 iudicio
749 4880 980 4946 decani
1027 4891 1091 4946 et
1131 4882 1329 4947 totius
1367 4879 1620 4967 collegii
1664 4880 1988 4946 facultatis
2038 4880 2459 4968 theologicae.

636 4980 763 5062 Qui
801 4980 955 5046 libri
998 5003 1037 5046 a
1083 4979 1318 5068 quibus
1363 4979 1710 5046 enarrandi
1754 4981 1900 5063 sint,
1946 4984 2434 5064 constituantur,
2489 4983 2601 5068 qui
2645 4983 2777 5067 pia,
2827 4979 3011 5046 utilia
3052 4979 3304 5063 studiis,
3323 4990 3390 5045 40

473 5079 762 5147 moribus
804 5103 882 5146 ac
924 5089 1081 5168 apta
1120 5080 1522 5166 temporibus
1565 5078 1825 5166 eligant,
1869 5090 1933 5145 et
1973 5079 2097 5146 hae
2139 5080 2625 5147 distributiones
2667 5080 2970 5146 horarum
3008 5088 3072 5145 et
3110 5079 3305 5145 libro-

640 5352 663 5402 1
703 5346 780 5401 Es
811 5345 884 5401 ist
919 5345 1040 5402 hier
1069 5345 1184 5400 und
1216 5344 1291 5400 im
1325 5342 1645 5414 Folgenden
1678 5361 1894 5400 sevaere
1930 5343 2305 5415 geschrieben.
