4038 6358
1033 642 1135 691 Die
1172 640 1371 691 Placita
1406 623 1638 691 nationis
1675 640 1963 691 Bavaricae
2009 656 2131 690 vom
2172 641 2335 691 Jahn-e
2377 641 2521 694 1498.
3095 643 3210 706 165

307 844 523 889 eura
565 823 915 889 commissa
956 822 1168 906 fuerit,
1211 821 1578 888 huiusmodi
1621 821 1783 889 duos
1826 813 2091 910 grossos
2133 824 2382 888 nationi
2425 822 2870 912 persolverint.
2954 822 3210 911 Suppo-

310 925 505 991 sitis
548 934 785 1006 autem,
830 945 999 1009 quae
1045 922 1253 988 dictos
1294 921 1459 988 duos
1498 945 1764 1009 grossos
1807 922 2258 1011 persolverint,
2315 933 2465 1012 post
2506 922 2752 987 obitum
2794 921 3104 987 candelae
3149 933 3212 987 et

310 1023 635 1113 spolium
681 1024 965 1089 nationis
1006 1022 1213 1109 gratis
1257 1020 1715 1106 concedantur,
1770 1023 1897 1088 nisi
1952 1025 2418 1089 testamentarii
2462 1022 2566 1088 vel
2616 1043 2877 1087 suorum
2913 1022 3209 1088 funerum

314 1133 694 1189 curatores
736 1145 859 1210 pro
903 1121 1147 1188 eisdem
1205 1121 1400 1187 rebus
1455 1120 1885 1188 concedendis
1925 1124 2172 1189 nationi
2228 1122 2475 1211 aliquid
2527 1121 2883 1187 liberaliter
2938 1143 3210 1209 erogare

312 1222 699 1289 voluerint.
782 1221 1083 1288 Aliarum
1126 1243 1284 1287 vero
1325 1222 1659 1287 nationum
1703 1224 2044 1310 supposita
2099 1232 2249 1309 post
2306 1223 2686 1289 solutionem
2733 1220 2936 1286 debiti
2992 1223 3207 1287 carnis
3258 1230 3291 1286 5

316 1332 636 1410 quatuor
677 1344 942 1409 grossos
987 1345 1106 1409 pro
1149 1322 1358 1409 spolio
1404 1331 1516 1386 aut
1557 1320 1845 1387 candelis
1887 1324 2136 1387 nationi
2179 1322 2553 1410 persolvere
2592 1321 2995 1388 tenebuntur.

1290 1492 1348 1554 8.
1390 1508 1483 1554 ΒΕ
1526 1507 1724 1556 risco
1771 1506 2289 1557 cusronmrmo.

516 1622 795 1706 Placuit,
850 1622 1025 1710 quod
1065 1633 1341 1709 quatuor
1383 1622 1668 1688 seniores
1712 1622 1792 1688 de
1833 1624 2096 1689 natione
2149 1624 2613 1711 possessionati
2656 1623 2884 1688 fiscum
2926 1622 3208 1686 nationis

322 1722 715 1811 respiciant
759 1732 823 1787 et
867 1746 985 1810 per
1025 1723 1316 1787 ordinem
1362 1724 1501 1787 sive
1543 1721 1879 1788 alternatis
1926 1723 2182 1789 vicibus
2227 1723 2614 1806 custodiant,
2672 1723 2766 1788 sic
2809 1719 2983 1809 quod
3024 1722 3206 1808 prior

326 1824 573 1889 senior
614 1824 832 1910 ipsum
876 1845 995 1910 per
1052 1845 1250 1890 unum
1308 1845 1546 1887 annum
1587 1833 1651 1888 et
1703 1821 1937 1887 deinde
1984 1820 2112 1911 [4⁸]
2157 1822 2271 1888 alii
2327 1824 2622 1890 similiter
2675 1823 2744 1888 in
2802 1821 3029 1888 ordine
3086 1844 3202 1885 suo
3227 1830 3288 1885 10

324 1944 471 2010 per
512 1945 714 1988 unum
757 1945 995 1987 annum
1039 1922 1421 1989 custodiant.

1191 2093 1250 2153 9.
1290 2104 1385 2151 DE
1432 2104 1729 2176 recum
1772 2106 1949 2155 mscl
1987 2105 2386 2157 EROGANDA.

523 2221 800 2305 Placuit,
858 2220 1031 2308 quod
1083 2220 1264 2287 nulla
1319 2223 1596 2309 pecunia
1654 2222 1735 2288 de
1788 2222 1944 2288 fisco
2002 2224 2286 2289 nationis
2348 2225 2487 2289 sine
2546 2245 2860 2289 consensu
2923 2223 3206 2288 omnium

336 2324 822 2410 magistrorum
863 2322 1142 2386 nationis
1187 2330 1488 2407 erogetur
1534 2323 1669 2387 sive
1711 2321 2140 2411 expendatur,
2184 2323 2312 2389 nisi
2355 2347 2475 2412 pro
2522 2320 2808 2388 candelis
2853 2323 3206 2389 reforman-

337 2423 459 2488 dis
505 2431 618 2487 aut
661 2421 792 2486 alia
833 2444 906 2485 re
943 2422 1314 2485 necessaria
1353 2420 1601 2506 aliquid
1643 2421 2096 2510 exponendum
2139 2422 2351 2506 fuerit,
2409 2446 2534 2511 quo
2590 2445 2747 2488 casu
2801 2423 3015 2487 senior
3058 2443 3202 2485 cum
3228 2429 3287 2485 15

338 2524 486 2590 alio
530 2521 863 2608 clavigero
904 2529 1287 2608 potestatem
1332 2522 1690 2609 recipiendi
1734 2524 2045 2609 pecunias
2093 2520 2173 2587 de
2216 2521 2374 2588 fisco
2413 2522 2714 2588 habeant.

983 2690 1074 2752 10.
1113 2705 1209 2751 na·
1253 2703 1742 2756 Pmscmr‘rrs
1782 2706 2100 2755 PnAcrms
2143 2705 2620 2755 Pusmcmms.

524 2821 801 2886 Domum
863 2820 1136 2908 placuit,
1210 2819 1387 2908 quod
1446 2843 1520 2885 eo
1576 2821 1701 2905 die,
1760 2845 1884 2910 quo
1937 2824 2240 2909 magistri
2294 2822 2705 2888 nationaliter
2764 2819 3203 2900 convenerint,

335 2923 809 3010 suprascripta
862 2921 1104 3008 placita
1161 2942 1381 2985 coram
1439 2920 1736 2986 omnibus
1779 2924 2114 3008 magistris
2157 2924 2435 2988 nationis
2478 2921 2738 3010 publice
2787 2919 3086 3006 legantur
3130 2939 3208 2982 ac

336 3023 767 3111 publicentur
820 3021 1244 3107 magistrique
1301 3029 1580 3108 protunc
1630 3043 1749 3108 per
1804 3023 2121 3086 seniorem
2167 3022 2448 3086 nationis
2506 3022 2613 3110 pie
2668 3013 3292 3100 commoneantur,20

332 3133 421 3189 ut
468 3121 893 3211 praescriptis
939 3119 1199 3208 placitis
1241 3142 1383 3185 sese
1424 3118 1870 3208 obtemperent
1910 3130 1975 3186 et
2013 3121 2241 3188 eadem
2283 3132 2698 3188 manutenere
2740 3119 3055 3186 studeant.

1135 3311 1227 3371 11.
1275 3301 1399 3392 [Bl.
1441 3304 1547 3391 4¹³]
1600 3323 1835 3373 TENOB
1878 3324 2456 3373 convoczinoms.

516 3437 774 3523 „Hodie
813 3437 976 3504 hora
1018 3437 1231 3524 prima
1271 3446 1669 3525 peragentur
1710 3441 2028 3527 exequiae
2069 3440 2351 3506 nationis
2392 3439 2804 3504 Bavarorum
2850 3460 2996 3503 cum
3034 3437 3200 3523 vigi-

342 3543 459 3608 liis
514 3549 579 3605 et
620 3560 766 3604 cras
808 3537 969 3603 hora
1010 3559 1091 3600 .n.
1137 3559 1283 3601 cum
1336 3538 1555 3602 missis
1608 3539 1676 3602 in
1730 3538 2007 3604 ecclesia
2060 3542 2269 3605 sancti
2321 3541 2413 3604 .N.
2493 3534 2597 3604 Ob
2651 3538 2793 3619 hoc,
2850 3536 3206 3602 reverende

343 3643 687 3726 magister,
730 3645 1024 3723 tempore
1067 3644 1130 3699 et
1172 3636 1348 3702 horis
1392 3639 1816 3725 praescriptis
1857 3639 1926 3702 in
1975 3638 2150 3704 dicta
2192 3638 2468 3704 ecclesia
2511 3661 2656 3702 cum
2678 3638 2914 3701 vestris
2958 3635 3285 3702 schola-25

342 3740 538 3806 ribus
593 3739 675 3815 (si
718 3748 882 3824 quos
926 3734 1009 3799 de
1048 3737 1346 3822 praefata
1387 3737 1649 3802 natione
1688 3736 2023 3803 vobiscum
2067 3737 2454 3813 habueritis)
2507 3738 2829 3818 constitui,
2885 3758 3009 3823 pro
3067 3738 3203 3800 ani·

345 3840 586 3906 mabus
631 3838 1132 3923 suppositorum,
1177 3860 1260 3902 ex
1303 3834 1532 3900 eadem
1574 3837 1836 3902 natione
1876 3836 2341 3921 defunctorum,
2385 3861 2592 3920 orare,
2637 3836 3025 3902 oblationem
3047 3857 3200 3921 quo·

346 3963 479 4028 que
520 3941 739 4003 facere
780 3936 1019 4018 velitis,
1072 3935 1500 4001 consimilium
1544 3958 1812 4022 operum
1863 3938 2128 4024 pietatis
2184 3938 2646 4005 exhibitionem
2696 3945 2847 4024 post
2888 3925 3225 4000 humatio·⁴

342 4062 496 4105 nem
540 4046 829 4102 vestram
869 4044 1346 4123 expectaturus.

957 4136 1171 4201 Detur
1213 4134 1512 4201 omnibus
1553 4136 1885 4221 magistris
1928 4145 1994 4201 et
2034 4137 2408 4205 doctoribus
2450 4138 2730 4203 nationis
2769 4136 3197 4202 Bavaricae.“
3215 4145 3283 4200 30

1275 4324 1370 4385 12.
1414 4334 1648 4385 ‘runos
1684 4324 2305 4387 Exnon'rA'r1oms.¹

514 4452 638 4536 ‚,N.
681 4461 897 4518 rector
918 4460 1036 4517 etc.
1080 4451 1254 4533 Quia
1292 4453 1481 4518 nacio
1520 4452 1951 4536 Bavarorum,
1997 4454 2302 4541 operibus
2345 4455 2606 4541 pietatis
2649 4463 2827 4519 mota
2875 4454 3196 4540 salutique

345 4556 715 4619 animarum
759 4547 822 4638 [5
834 4547 885 4637 ⁸]
933 4553 1412 4638 suppositorum
1469 4574 1554 4616 ex
1608 4551 1833 4619 eadem
1885 4555 2150 4619 natione
2202 4552 2655 4620 defunctorum
2693 4553 3196 4619 misericorditer

344 4655 618 4735 intenta,
674 4650 999 4737 quondam
1048 4649 1393 4716 salubriter
1446 4650 1774 4717 ordinavit
1829 4661 1893 4717 et
1954 4655 2205 4736 statuit,
2268 4652 2444 4740 quod
2507 4652 2778 4739 singulis
2834 4654 3020 4719 annis
3075 4674 3194 4739 pro

343 4749 721 4818 huiusmodi
762 4749 1104 4815 animabus
1149 4750 1594 4817 defunctorum
1650 4751 2132 4817 anniversarius
2175 4754 2243 4817 in
2285 4751 2508 4840 aliqua
2543 4751 2961 4817 ecclesiarum
3004 4751 3191 4817 huius
3211 4762 3275 4817 35

345 4851 579 4940 oppidi
631 4872 781 4915 cum
835 4849 1075 4915 divinis
1132 4850 1382 4933 offitiis,
1438 4849 1683 4937 vigiliis
1740 4850 2045 4916 videlicet
2098 4859 2163 4917 et
2213 4853 2460 4935 missis,
2521 4852 2910 4918 sollemniter
2967 4854 3198 4939 peragi

348 4950 587 5017 debeat
630 4957 695 5014 et
735 4948 1066 5031 celebrari,
1112 4948 1385 5035 ideoque
1427 4950 1721 5016 hortatur
1764 4953 1981 5016 omnia
2024 4960 2090 5016 et
2143 4951 2398 5037 singula
2446 4964 2586 5025 tam,
2634 4951 2958 5038 graduata
2999 4960 3194 5040 quarn

349 5072 482 5117 non
541 5047 870 5136 graduata
921 5051 1200 5115 nationis
1254 5050 1544 5117 eiusdem
1597 5050 1964 5137 supposita,
2025 5060 2340 5138 quatenus
2393 5051 2587 5117 hodie
2640 5042 2804 5117 hora
2859 5054 3071 5139 prima
3125 5054 3196 5117 in

524 5323 545 5372 1
590 5316 677 5371 Im
710 5315 1120 5373 Weuenfliehen
1153 5315 1671 5373 iibereinstimmend
1708 5318 1809 5372 mit
1849 5318 1982 5375 Nro.
2016 5322 2084 5374 69
2116 5317 2213 5372 des
2245 5316 2495 5372 Libellus
2529 5317 2856 5373 formularis.
