4038 6358
1448 642 1683 693 Libellus
1719 644 2037 695 formularis.
3039 649 3067 709 1
3079 649 3108 709 1
3118 650 3155 708 7

317 826 564 893 ibidem
618 824 926 914 periculis
985 846 1310 911 exponere
1360 822 1466 888 vel
1524 822 1802 912 aliquem
1855 848 1939 891 ex
1981 826 2144 912 ipsis
2182 823 2553 890 ludentibus
2594 823 2794 890 verbo
2837 825 2942 891 vel
2981 825 3153 893 facto

317 927 660 993 molestare
715 948 828 991 seu
881 924 1207 991 offendere
1258 934 1650 1012 praesumat.
1741 924 1878 991 Sub
1930 926 2121 991 unius
2173 925 2401 991 floreni
2455 946 2694 1010 poena,
2752 927 3155 993 universitati

316 1024 856 1093 irremissibiliter
899 1020 1350 1113 persolvenda,
1392 1044 1644 1089 necnon
1686 1026 2236 1107 incarcerationis,
2280 1047 2401 1111 per
2441 1022 2865 1090 circulatores
2908 1024 2993 1090 ad
3033 1026 3157 1093 hoc

317 1126 662 1213 deputatos
703 1123 983 1191 fideliter
1027 1122 1426 1213 exequenda.
1509 1122 1756 1189 Datum
1795 1133 2155 1191 rectoratus
2197 1134 2314 1189 etc.

571 1333 668 1394 67.
729 1342 1118 1391 nmmum
1157 1342 1416 1391 mecm
1463 1341 1602 1389 PRO
1643 1342 2002 1391 mTRANDo
2047 1342 2474 1391 DILIGENTER
2512 1342 3063 1393 DISPUTATIONES
3174 1339 3207 1393 5

752 1441 1184 1491 ΟΒΒΙΝΔΒΙΑΜ
1220 1442 1310 1489 ΕΤ
1355 1440 1751 1491 SEROTINAM
1791 1442 2355 1503 LATINITATEQUE
2400 1442 2872 1493 OBSERVANDA.

481 1575 590 1641 Ex
635 1596 762 1663 quo
818 1572 1093 1639 facultas
1152 1574 1388 1639 artium
1431 1572 1512 1639 de
1555 1572 1851 1661 profectu
1895 1598 1974 1640 ac
2013 1575 2342 1640 fructuoso
2384 1574 2628 1656 studio,
2685 1574 2932 1641 salubri
2976 1575 3151 1642 deni-

323 1699 442 1765 que
497 1684 668 1740 statu
723 1672 940 1762 quoad
982 1682 1164 1739 actus
1205 1672 1829 1760 exercitationesque
1871 1673 2292 1740 scholasticas
2337 1675 2471 1740 suis
2513 1672 2821 1739 membris
2864 1685 2929 1741 et
2972 1675 3149 1742 scho-

322 1776 563 1842 laribus
615 1773 916 1861 vigilanti
972 1795 1130 1839 cura
1185 1784 1249 1837 et
1305 1771 1736 1839 sollicitudine
1789 1772 2137 1861 providere
2192 1772 2387 1839 debet
2440 1782 2505 1838 et
2554 1784 2843 1858 tenetur,
2903 1784 2967 1840 et
3006 1798 3151 1841 cum

327 1875 789 1963 disputationes
831 1872 1200 1939 ordinariae
1241 1882 1377 1939 tam
1417 1874 1872 1959 magistrorum
1911 1896 2107 1961 quam
2146 1872 2664 1939 baccalariorum
2708 1884 2774 1939 et
2817 1877 3147 1960 signanter
3172 1884 3234 1939 10

325 1974 782 2064 disputationes
815 1970 921 2061 [29
935 1970 988 2061 ἢ]
1037 1974 1358 2039 serotinae
1401 1994 1652 2037 necnon
1686 1971 2058 2057 latinitatis,
2102 1996 2233 2062 qua
2281 1994 2438 2038 usus
2484 1972 2675 2039 facile
2723 1996 2802 2040 ac
2854 1983 3154 2062 prompte

326 2073 652 2160 eloquendi
692 2076 1080 2159 acquiritur,
1133 2074 1435 2162 frequens
1485 2072 1904 2139 observantia
1955 2074 2129 2139 inter
2174 2072 2336 2138 alios
2375 2072 2745 2139 huiusmodi
2783 2072 3153 2140 scholastici

327 2174 642 2261 gymnasii
681 2183 864 2242 actus
905 2173 1197 2240 utiliores
1239 2196 1316 2238 ac
1356 2174 1816 2240 fluctuosiores
1863 2194 2005 2239 esse
2049 2172 2498 2239 dinoscantur:
2537 2172 2811 2260 ideoque
2855 2196 2939 2239 ex
2978 2196 3148 2239 com-

329 2274 620 2339 missione
663 2283 727 2339 et
769 2272 1030 2339 decreto
1071 2275 1532 2359 magistrorum
1570 2274 1770 2338 totius
1812 2271 2142 2339 facultatis
2170 2271 2533 2338 antedictae
2562 2273 2833 2339 mandat
2863 2273 3147 2340 decanus

330 2373 602 2440 eiusdem
635 2371 932 2441 omnibus
973 2382 1040 2438 et
1078 2372 1352 2459 singulis
1391 2374 1744 2461 suppositis
1761 2422 1779 2456 ,
1821 2394 1942 2460 pro
1979 2371 2193 2459 gradu
2232 2371 2337 2437 vel
2374 2374 2734 2459 magisterii
2770 2372 2879 2439 vel
2914 2372 3231 2439 bacca-15

329 2474 584 2539 lariatus
633 2475 704 2539 in
753 2472 1008 2539 artibus
1063 2472 1534 2561 complentibus
1574 2481 1688 2539 aut
1725 2474 1797 2538 in
1837 2472 2085 2537 eisdem
2124 2470 2231 2537 vel
2274 2472 2477 2539 altero
2520 2496 2742 2539 eorum
2780 2473 3149 2559 promoveri

332 2572 740 2662 cupientibus,
784 2582 1102 2662 quatenus
1149 2572 1618 2659 disputationes
1659 2595 1740 2639 ac
1777 2572 2280 2639 exercitationes
2320 2572 2731 2660 supradictas
2761 2573 3147 2638 continuatis

331 2672 566 2739 vicibus
610 2671 954 2759 diligenter
991 2672 1288 2755 visitent,
1339 2673 1408 2735 in
1461 2671 1706 2737 eisdem
1744 2696 1784 2739 a
1823 2674 2036 2761 primo
2078 2694 2283 2759 usque
2326 2671 2412 2737 ad
2452 2672 2646 2737 finem
2686 2671 3146 2760 permanendo,

333 2772 678 2860 ibidemque
719 2794 865 2837 sese
905 2771 1327 2861 opponendo,
1371 2771 1823 2861 respondendo
1841 2822 1859 2856 ‚
1905 2771 2241 2859 arguendo
2284 2794 2363 2837 ac
2402 2770 2979 2837 animadvertendo
3018 2779 3145 2837 stu-

335 2872 494 2937 diose
533 2874 890 2937 exercitent
926 2881 1119 2961 atque
1160 2872 1506 2963 proficiant
1519 2921 1538 2956 ,
1593 2870 1976 2938 latinitatem
2036 2891 2290 2958 quoque
2332 2880 2465 2935 tam
2503 2871 2570 2936 in
2614 2870 2905 2958 collegiis
2948 2893 3144 2959 quam
3162 2880 3230 2936 20

335 2972 526 3037 bursis
565 2972 734 3037 inter
773 2970 1165 3059 loquendum
1208 2974 1506 3040 continuo
1549 2971 1900 3039 observare
1938 2969 2255 3037 studeant.
2335 2968 2472 3035 Sub
2525 2993 2738 3059 poena
2780 2970 3144 3059 impeditio-

337 3073 417 3136 nis
463 3094 539 3136 ac
577 3093 707 3138 non
748 3070 1172 3159 promotionis
1213 3081 1505 3159 tempore
1547 3095 1686 3139 suo.
1748 3072 1992 3137 Datum
2019 3070 2376 3138 decanatus
2407 3070 2528 3137 sub
2556 3070 2785 3159 sigillo,
2831 3094 3001 3138 anno
3028 3080 3145 3137 etc.

495 3279 592 3344 68.
654 3290 893 3340 roam
931 3289 1322 3339 munoms
1361 3291 1616 3340 nomm
1653 3289 1943 3356 mecm,
1997 3287 2349 3340 meas-rao
2390 3289 2696 3340 mcoLAo
2742 3291 2957 3340 'ruunt

1469 3392 1563 3438 nn
1611 3391 1676 3442 u.
1721 3389 1978 3439 mssa.

474 3523 606 3589 Nos
661 3523 758 3588 .N.
811 3523 1048 3588 artium
1101 3523 1447 3608 magister,
1502 3521 1826 3589 facultatis
1880 3522 2230 3589 earundem
2286 3523 2519 3588 artium
2574 3521 2787 3588 almae
2826 3524 3141 3589 universi·
3159 3533 3225 3589 25

345 3625 464 3689 tatis
515 3621 716 3688 studii
754 3623 1136 3711 Lipczensis
1186 3620 1502 3706 decanus,
1563 3632 1788 3688 tenore
1841 3625 2282 3711 praesentium
2330 3622 2412 3688 de
2452 3631 2519 3688 et
2564 3645 2648 3688 ex
2691 3623 3143 3690 commissione

349 3721 424 3810 [29
435 3721 487 3812 ¹²]
541 3723 822 3788 omnium
891 3731 954 3788 et
1009 3721 1407 3808 singulorum
1459 3724 1917 3811 magistrorum
1976 3725 2050 3788 in
2110 3723 2437 3790 antedicta
2492 3721 2799 3790 facultate
2856 3731 3007 3790 actu
3046 3746 3144 3788 re-

349 3826 594 3909 gentium
646 3821 907 3910 publice
957 3823 1344 3909 requirimus
1395 3833 1460 3888 et
1498 3825 1932 3910 peremptorie
1969 3846 2303 3890 monemus
2342 3846 2461 3890 vos
2477 3874 2497 3908 ,
2551 3823 2895 3890 Nicolaum
2935 3823 3147 3890 Thein

245 3962 252 3971 ·
352 3923 408 3988 de
437 3921 1067 4010 Hilperszhawsenn,
1112 3931 1428 3988 assertum
1469 3925 1871 4011 magistrum,
1914 3924 2250 4010 praefatae
2291 3933 2554 3990 nostrae
2584 3923 2913 3991 facultatis
2947 3946 3143 3990 mem-

350 4022 498 4090 brum
547 4025 864 4107 iuratum,
916 4033 1231 4110 quatenus
1284 4022 1456 4087 infra
1506 4033 1640 4088 tres
1697 4023 1834 4089 dies
1887 4023 1974 4088 ab
2017 4024 2450 4091 insinuatione
2492 4025 2929 4113 praesentium
2971 4047 3141 4090 com·
3158 4033 3227 4090 ³0

353 4123 630 4209 putandos
683 4145 906 4190 coram
952 4121 1141 4188 nobis
1199 4123 1270 4188 in
1308 4121 1450 4188 loco
1491 4133 1752 4190 nostrae
1789 4123 2016 4190 solitae
2059 4123 2453 4191 residentiae
2494 4125 2565 4190 in
2606 4123 2847 4211 oppido
2886 4123 3145 4212 Lipczk

353 4220 592 4309 legitime
646 4223 1076 4310 compareatis
1131 4222 1218 4287 ad
1267 4221 1662 4288 audiendum
1699 4221 1832 4310 legi
1870 4245 1950 4288 ac
1992 4219 2315 4311 publicari
2354 4223 2543 4291 vobis
2587 4223 2927 4290 nonnullas
2970 4225 3141 4291 litte-

355 4344 431 4386 ras
471 4319 884 4388 illustrissimi
934 4323 1252 4409 principis
1309 4331 1372 4388 et
1426 4320 1670 4387 domini
1687 4371 1705 4403 ,
1761 4321 2005 4390 domini
2051 4321 2324 4409 Georgii
2338 4372 2357 4407 ,
2408 4323 2591 4389 ducis
2638 4321 2965 4390 Saxoniae
3006 4334 3139 4408 etc,

359 4419 554 4487 domini
609 4423 820 4488 nostri
873 4421 1180 4508 gratiosi,
1239 4422 1308 4486 in
1359 4421 1530 4488 facto
1589 4419 1842 4496 Nicolai
1881 4420 2243 4488 Schreiters
2286 4422 2368 4489 de
2407 4423 2686 4509 Koburg
2732 4433 2797 4488 et
2834 4422 3141 4488 Andreae

357 4520 648 4588 Friszners
693 4521 776 4586 de
813 4520 1156 4588 Wunsidel
1166 4571 1186 4604 ‚
1239 4530 1636 4587 assertorum
1677 4521 2135 4606 magistrorum
2149 4572 2168 4605 ,
2224 4521 2312 4588 ad
2352 4522 2840 4587 universitatem
2878 4523 3136 4606 missas,
3154 4533 3220 4589 35

360 4643 416 4685 ne
459 4631 794 4709 praetextu
842 4623 1248 4706 ignorantiae
1303 4621 1738 4686 continentiae
1777 4620 2129 4688 earundem
2171 4644 2451 4709 poenam
2487 4622 2554 4686 in
2593 4619 2839 4686 eisdem
2880 4622 3139 4686 commi-

359 4730 526 4786 natam
580 4729 692 4786 aut
747 4721 940 4784 etiam
995 4729 1246 4786 reatum
1302 4720 1576 4809 periurii
1591 4769 1609 4804 ,
1676 4720 1931 4786 ratione
1984 4724 2329 4789 iuramenti
2386 4720 2795 4808 saepedictae
2848 4719 3144 4785 facultati

362 4829 568 4886 nostrae
609 4819 908 4907 praestiti
921 4867 940 4901 ,
991 4841 1108 4906 per
1149 4821 1741 4886 contraventionem
1783 4817 2269 4905 quomodolibet
2304 4822 2670 4888 incurratis.
2750 4819 2889 4884 Sub
2932 4841 3140 4907 poena

363 4929 658 5007 perpetuae
697 4917 1090 4985 exclusionis
1130 4942 1170 4985 a
1213 4919 1478 4986 consilio
1521 4919 1870 4985 iamdictae
1907 4918 2239 4986 facultatis
2283 4931 2559 4987 nostrae.
2631 4919 2703 4985 Si
2732 4942 2890 4985 vero
2921 4919 3137 4984 huius-

365 5018 486 5084 modi
531 5020 939 5108 requisitioni
991 5041 1072 5084 ac
1112 5019 1532 5086 admonitioni
1571 5020 2036 5086 contumaciter
2076 5042 2311 5107 parere
2346 5021 2765 5108 neglexeritis
2804 5028 2917 5085 aut
2956 5041 3135 5085 recu-
3154 5029 3221 5086 40

369 5119 640 5200 severitis,
684 5141 802 5185 nos
843 5119 1259 5186 nihilominus
1303 5121 1670 5206 praesentia
1712 5141 1834 5206 pro
1875 5120 2217 5186 insinuatis
2262 5117 2719 5186 vobis'haberi
2763 5142 2843 5186 ac
2882 5121 3137 5186 censeri

369 5215 630 5300 volumus,
694 5219 780 5284 ad
847 5241 1127 5307 poenam
1179 5241 1430 5306 quoque
1481 5222 1983 5308 praescriptam,
2051 5221 2444 5285 contumatia
2498 5229 2719 5286 vestra
2770 5219 3135 5286 nullatenus

370 5313 604 5383 obstante
620 5366 638 5400 ,
713 5327 936 5383 contra
1001 5340 1118 5383 vos
1185 5318 1639 5406 procedemus,
1713 5320 1794 5386 de
1857 5329 1922 5385 et
1989 5341 2186 5407 super
2242 5315 2346 5407 [30
2358 5317 2411 5408 ⁸]
2473 5341 2599 5408 quo
2669 5319 2927 5409 publice
2987 5342 3133 5409 pro·
