4038 6358
788 614 910 676 214
1926 608 2036 658 Das
2072 621 2261 675 grosse
2300 606 2509 672 colleg.

788 792 944 882 quid
986 790 1272 878 legitime
1314 790 1396 857 de
1441 789 1726 877 plurium
1766 791 1835 855 in
1876 790 1999 856 hoc
2038 789 2308 877 collegio
2349 788 2673 856 concorde
2717 792 3038 856 sententia
3082 799 3394 856 statutum
3434 787 3661 856 suerit.

786 891 932 957 Meo
980 892 1177 956 etiam
1237 889 1378 957 loco
1422 890 1772 958 secundum
1814 889 2110 958 ordinem
2163 890 2247 956 ab
2302 891 2568 978 antiquo
2626 887 3043 956 observatum
3100 890 3460 977 praepositi
3521 911 3662 954 mu-

786 1012 941 1056 nere
998 990 1237 1076 fungar
1284 992 1427 1056 sine
1468 991 1875 1056 recusatione
1917 1000 1982 1055 et
2018 989 2200 1073 illud,
2258 991 2425 1055 sicut
2475 988 2749 1072 debebo,
2805 991 2912 1056 vel
2961 993 3106 1078 ipse
3157 1012 3388 1076 geram
3427 987 3540 1054 vel
3593 988 3664 1054 in

789 1113 865 1156 eo
910 1089 1195 1175 gerendo
1241 1112 1510 1177 operam
1569 1089 1856 1172 alterius,
1910 1091 2022 1175 qui
2075 1113 2241 1155 unus
2295 1092 2382 1155 sit
2436 1088 2516 1154 de
2565 1111 2842 1204 corpore
2890 1089 3148 1176 collegii
3200 1088 3414 1170 huius,
3470 1086 3664 1153 adhi-

717 1200 747 1256 5
801 1190 970 1255 bebo
1010 1189 1489 1276 perficiamque,
1534 1212 1615 1253 ne
1655 1191 1908 1274 integro
1953 1212 2165 1254 annuo
2205 1199 2497 1276 tempore
2516 1187 2641 1252 hac
2682 1190 2751 1252 in
2793 1199 2982 1275 parte
3009 1186 3256 1273 aliquid
3287 1209 3434 1253 mea
3460 1185 3666 1273 culpa

795 1289 1163 1356 detrimenti
1207 1286 1548 1373 collegium
1593 1311 1733 1354 sese
1778 1290 2111 1375 accepisse
2166 1290 2307 1352 iure
2363 1290 2671 1378 conqueri
2726 1311 2923 1375 posse
2967 1287 3312 1362 videatur&
3370 1287 3508 1353 Ita¹
3553 1308 3660 1350 me

792 1388 952 1452 deus
995 1387 1262 1452 adiuvet
1304 1409 1419 1474 per
1468 1397 1763 1452 sanctum
1808 1387 2218 1474 evangelium
2260 1388 2510 1452 suum.“

962 1485 1291 1553 Oneratur
1332 1495 1547 1551 autem
1606 1488 1875 1574 antiqua
1919 1485 2382 1552 consuetudine
2439 1487 2548 1571 qui
2601 1488 2695 1552 ita
2748 1495 3086 1573 cooptatus
3135 1486 3258 1551 fuit
3305 1482 3662 1573 impendiis

788 1586 1198 1674 quibusdam,
1244 1586 1325 1652 de
1370 1585 1604 1672 quibus
1647 1608 1783 1652 rem
1828 1587 1952 1653 hoc
1994 1585 2187 1653 modo
2231 1608 2403 1651 nunc
2447 1585 2691 1672 placuit
2733 1585 3011 1652 definiri.

713 1697 776 1751 10
959 1686 1010 1751 I.
1057 1685 1359 1751 Ministro
1404 1686 1882 1771 cooptationem
1922 1686 2240 1751 indicanti
2284 1684 2468 1751 dabit
2509 1707 2780 1750 aureum
2824 1709 3027 1752 unum
3069 1696 3134 1751 et
3173 1693 3533 1770 argentum.

953 1786 1034 1851 II.
1079 1784 1455 1851 Accersitus
1515 1784 1603 1849 ad
1665 1805 2040 1852 consessum
2103 1784 2359 1871 collegii
2426 1786 2645 1849 statim
2699 1806 2892 1849 nume
2907 1780 2994 1871 [9]
3009 1784 3185 1850 rabit
3243 1784 3386 1850 flor.
3428 1784 3487 1848 V
3536 1806 3660 1870 pro

790 1886 1001 1972 primo
1045 1907 1311 1950 accessu
1355 1894 1419 1949 et
1454 1884 2028 1952 emolumentorum
2074 1886 2355 1949 omnium
2410 1893 2549 1949 tam
2602 1884 2958 1950 cerevisiae
3011 1906 3205 1971 quam
3253 1894 3658 1950 caeterorum

790 1985 1308 2073 participatione.
1395 1983 1580 2064 Quae
1624 1985 1902 2070 pecunia
1944 1985 2162 2050 statim
2206 1986 2378 2049 inter
2425 1982 2709 2069 collegas
2753 1983 3197 2049 distribuetur.

956 2083 1073 2148 IH.
1114 2082 1325 2166 Dabit
1366 2081 1470 2147 vel
1512 2084 1642 2170 ipsi
1686 2082 1789 2148 vel
1831 2083 2223 2149 haeredibus
2270 2085 2430 2166 eius,
2478 2084 2588 2170 qui
2634 2082 2932 2165 decessit,
2975 2082 3114 2148 flor.
3142 2081 3271 2147 XV
3299 2083 3371 2146 in
3399 2089 3658 2146 moneta

713 2193 772 2249 15
790 2185 1032 2249 usitata
1069 2184 1240 2247 intra
1282 2184 1563 2270 primum
1606 2204 1912 2266 mensem,
1973 2205 2139 2270 quae
2180 2183 2457 2269 pecunia
2502 2181 2586 2247 ab
2632 2203 2727 2264 ee,
2784 2184 2893 2269 qui
2944 2183 3013 2246 in
3053 2183 3259 2269 ipsius
3302 2179 3654 2267 aliquando

789 2282 1003 2348 locum
1046 2291 1426 2368 surrogatus
1470 2283 1685 2364 fuerit,
1730 2281 2031 2348 similiter
2073 2281 2465 2369 rependetur
2508 2281 2613 2347 vel
2653 2284 2784 2368 ipsi
2826 2282 2932 2347 vel
2974 2280 3368 2347 haeredibus
3413 2282 3573 2345 eius.

952 2382 1102 2446 1111.
1146 2381 1535 2446 Numerabit
1576 2379 1849 2468 collegio
1891 2381 1977 2447 ad
2024 2390 2421 2448 structuram
2465 2380 2881 2468 peculiariter
2923 2380 3064 2446 flor.
3091 2380 3219 2445 XV
3263 2382 3334 2445 in
3375 2390 3656 2460 moneta,

788 2481 984 2566 idque
1026 2483 1200 2545 intra
1238 2482 1580 2546 trimestre.

955 2578 1032 2643 V.
1075 2579 1242 2646 Cum
1271 2589 1491 2646 vetere
1533 2580 1995 2645 consuetudine
2040 2602 2080 2644 a
2115 2599 2285 2645 novo
2331 2580 2581 2665 collega
2624 2580 2991 2645 convivium
3036 2580 3351 2666 apparari
3395 2576 3655 2642 solenne

705 2689 919 2744 20non
962 2677 1238 2744 modicis
1283 2678 1601 2744 sumtibus
1643 2700 1908 2744 necesse
1947 2678 2167 2760 fuerit,
2224 2680 2318 2743 ita
2360 2679 2574 2744 visum
2617 2688 2717 2744 est
2757 2679 2880 2746 hoc
2920 2690 3214 2766 tempore
3255 2701 3399 2743 rem
3439 2675 3650 2741 mode-

787 2779 952 2860 rari,
1007 2788 1078 2843 ut
1133 2802 1255 2866 pro
1314 2779 1627 2865 impensis
1676 2780 1743 2843 in
1797 2780 2166 2843 convivium
2208 2777 2613 2845 insumendis
2658 2779 2965 2865 deinceps
3008 2780 3183 2843 intra
3225 2797 3514 2843 mensem
3557 2778 3650 2840 in·

789 2878 1080 2943 ferantur
1119 2880 1190 2942 in
1228 2878 1459 2943 fiscum
1505 2877 1761 2964 collegii
1804 2877 1888 2943 ab
1933 2899 2318 2966 unoquoque
2362 2900 2533 2944 novo
2578 2877 2830 2964 collega
2869 2879 3010 2944 flor.
3055 2875 3341 2943 XXXV.
3422 2874 3550 2957 Qui
3589 2885 3652 2938 et

788 2978 918 3063 ipsi
960 2975 1046 3040 ad
1081 2978 1481 3043 necessarios
1524 2976 1814 3042 fabricae
1857 2986 1922 3043 et
1965 2977 2130 3042 alios
2171 3001 2328 3044 usus
2373 2987 2809 3043 asserventur.

956 3074 1069 3140 VI.
1112 3075 1320 3140 Dabit
1363 3074 1627 3161 collegis
1669 3077 1842 3140 intra
1884 3098 2173 3141 mensem
2213 3099 2484 3142 caenam
2527 3077 2845 3163 frugalem
2887 3076 2994 3142 vel
3041 3083 3078 3141 7
3123 3075 3428 3142 florenos.

706 3185 774 3240 25
959 3175 1104 3241 VII.
1149 3174 1270 3240 Vel
1322 3175 1462 3262 ipse
1503 3174 1607 3241 vel
1651 3199 1769 3263 per
1812 3175 2034 3259 alium,
2093 3176 2204 3263 qui
2245 3185 2466 3243 tamen
2509 3178 2592 3243 sit
2633 3179 3023 3265 optimarum
3067 3175 3304 3242 artium
3342 3176 3650 3261 magister

790 3284 855 3339 et
898 3298 1042 3340 cum
1085 3274 1402 3361 dignitate
1446 3274 1703 3361 collegii
1758 3275 2030 3341 aedibus
2074 3297 2380 3361 praeesse
2425 3280 2663 3364 possit,
2719 3277 3129 3343 conventoris
3177 3297 3293 3339 seu
3334 3275 3648 3339 curatoris

788 3397 1019 3439 munus
1061 3370 1191 3460 [10]
1235 3375 1368 3438 suis
1407 3374 1725 3440 sumtibus
1772 3375 2117 3441 sustinebit
2154 3376 2423 3459 tamdiu,
2468 3376 2676 3442 donec
2724 3377 2809 3441 ab
2865 3376 2990 3442 hoc
3044 3396 3238 3440 onere
3296 3396 3446 3439 eum
3498 3372 3647 3438 libe·

790 3475 1035 3538 raverit
1088 3472 1275 3555 alius,
1334 3474 1446 3558 qui
1489 3473 1593 3538 vel
1653 3482 1802 3561 post
1854 3484 2126 3540 mortem
2169 3473 2273 3539 vel
2313 3475 2746 3541 voluntariam
2786 3476 3293 3561 resignationem
3335 3474 3531 3538 unius
3570 3494 3648 3537 ex

791 3572 1055 3659 collegis
1115 3571 1354 3639 electus
1412 3582 1475 3636 et
1534 3573 1601 3636 in
1663 3571 1920 3656 collegii
1981 3573 2362 3640 societatem
2417 3584 2717 3661 receptus
2777 3575 2988 3640 fuerit.
3071 3573 3428 3639 Decretum
3488 3594 3648 3637 com·

708 3682 775 3735 30
794 3673 973 3737 muni
1012 3673 1298 3737 omnium
1342 3669 1739 3756 collegarum
1788 3692 2127 3754 consensu,
2172 3675 2546 3760 praeposito
2589 3673 2676 3743 D.
2717 3673 3045 3740 Zacharia
3088 3671 3432 3754 Schiltero,
3490 3694 3649 3735 anno

792 3780 907 3838 etc,
954 3769 1044 3835 M.
1088 3770 1175 3835 D.
1214 3769 1562 3835 LXXXV.

960 3870 1291 3950 Quantum
1332 3891 1488 3935 vero
1530 3868 1611 3934 de
1654 3870 1934 3957 pecunia
1977 3872 2269 3957 corporis
2315 3880 2381 3935 et
2421 3871 2796 3953 cerevisiae,
2847 3872 3322 3939 habitationum
3367 3883 3435 3938 et
3478 3872 3649 3937 anni·

800 3969 1235 4034 versariorum
1291 3970 1688 4034 antecessori
1735 3969 1837 4034 vel
1891 3968 2284 4037 haeredibus
2337 3972 2476 4036 eius
2534 3970 2868 4054 debeatur,
2921 3972 3118 4059 paulo
3171 3981 3320 4060 post
3369 3971 3647 4060 expliea-

796 4078 933 4132 tum
975 4077 1418 4152 cognoscetur.

708 4240 775 4296 35
1649 4242 1702 4301 4.
1745 4252 1838 4298 DE
1885 4251 2193 4301 OPTIONE
2239 4236 2788 4301 HA131'rAT10N1s.²

964 4361 1387 4448 Singulorum
1427 4364 1827 4452 collegarum
1870 4365 2165 4452 singulae
2208 4367 2641 4433 habitationes
2680 4369 2748 4434 in
2790 4367 2892 4432 his
2936 4367 3208 4433 aedibus
3249 4366 3652 4434 scholasticis

797 4463 1115 4549 principis
1157 4463 1514 4529 maioribus
1558 4467 1865 4552 propriae
1909 4474 2079 4531 sunt.
2166 4465 2330 4532 Cum
2382 4488 2515 4532 una
2569 4476 2785 4532 autem
2839 4466 3049 4532 libera
3103 4476 3442 4532 remaneat
3498 4488 3648 4531 sem·-

802 4584 919 4649 per
962 4561 1339 4628 decessione
1381 4562 1675 4647 alicuius,
1732 4564 1922 4629 datur
1965 4565 2145 4650 optio
2190 4564 2455 4650 collegis
2502 4588 2686 4631 suam
2732 4567 2962 4653 cuique
3004 4588 3150 4631 cum
3203 4566 3316 4632 illa
3377 4587 3650 4631 commu-

793 4660 976 4726 tandi
1029 4661 1466 4749 incipiturque
1521 4664 1698 4749 optio
1753 4663 1915 4728 haec
1967 4686 2008 4728 a
2066 4666 2280 4750 primo
2336 4674 2400 4730 et
2453 4664 2750 4751 procedit
2804 4664 3032 4730 ordine
3084 4666 3174 4730 ad
3225 4674 3544 4746 caeteros,
3602 4665 3650 4729 si

710 4769 776 4823 40
798 4761 1049 4845 priores
1100 4783 1243 4824 eam
1289 4762 1618 4844 omittant,
1676 4772 1869 4849 atque
1926 4763 2021 4827 ita
2073 4786 2202 4828 non
2257 4762 2683 4829 excludentur
2730 4763 2814 4828 ab
2869 4765 2994 4830 hac
3036 4767 3299 4853 optione
3345 4764 3650 4850 deinceps

794 4857 1115 4942 absentes,
1177 4858 1292 4923 sed
1349 4883 1463 4926 suo
1519 4860 1660 4927 loco
1709 4862 2015 4948 cuiusque
2071 4864 2236 4929 ratio
2287 4862 2650 4929 habebitur.
2739 4863 2869 4945 Qui
2917 4888 3072 4930 vero
3125 4864 3321 4950 eliget
3380 4863 3649 4929 alteram

796 4957 1290 5041 habitationem,
1330 4960 1388 5024 is
1435 4959 1808 5026 numerabit
1849 4984 1945 5047 gr.
1993 4969 2044 5027 1.

954 5195 969 5244 1
1011 5190 1137 5245 Von
1154 5190 1441 5247 derselben
1460 5192 1630 5247 Hand
1656 5186 2085 5265 nachgetragen,
2099 5192 2188 5249 die
2207 5192 2353 5248 auch
2375 5193 2520 5249 oben
2540 5194 2630 5249 die
2652 5194 3012 5250 Eidesformel
3039 5194 3462 5265 naehgetragen
3482 5193 3651 5249 haste.

950 5280 977 5327 2
1016 5274 1211 5329 Dieses
1244 5292 1423 5347 ganze
1458 5276 1688 5347 Kapitel
1724 5278 1799 5332 ist
1833 5281 2018 5349 spater
2052 5275 2471 5334 durchstrichen
2505 5279 2743 5335 worden.
