4038 6358
1499 658 1600 709 Die
1637 658 1856 708 iltesteu
1894 656 2148 708 stamen.
3140 668 3250 727 551

383 830 653 903 ciones.
740 837 926 921 Quae
970 841 1395 926 congregacio
1440 837 1564 904 sibi
1606 860 1738 904 non
1781 849 2070 926 negetur,
2114 850 2177 905 et
2219 840 2287 905 in
2342 839 2652 906 absencia
2706 845 3001 930 magistri
3060 869 3247 933 prae-

382 940 726 1005 sentantis
767 939 884 1005 fiat
925 939 1314 1005 deliberacio
1357 948 1424 1004 et
1463 947 1723 1004 caetera
1763 940 1980 1005 omnia
2016 939 2369 1006 secundum
2410 941 2685 1007 formam
2730 952 2795 1007 et
2834 944 3096 1010 modum
3139 968 3250 1010 ex-

385 1060 674 1124 pressos
717 1061 918 1127 supra
960 1039 1041 1105 de
1083 1040 1618 1127 praesentacione
1663 1037 1748 1103 ad
1795 1061 2076 1105 cursum.

828 1242 887 1305 9.
927 1256 1022 1304 ns
1061 1255 1463 1305 mesanum
1511 1254 1787 1304 mmss1
1823 1255 1916 1303 AD
1959 1256 2345 1305 LEGENDUM
2389 1256 2829 1306 SENTENCIAS.

578 1387 764 1475 „Ego
824 1388 923 1453 .N.
981 1390 1125 1454 iuro
1182 1390 1249 1453 in
1302 1388 1478 1454 nulla
1534 1388 1662 1454 alia
1715 1389 2136 1454 universitate
2195 1388 2256 1477 [7
2275 1386 2327 1477 b]
2389 1413 2507 1477 pro
2560 1390 2770 1455 forma
2826 1389 3043 1477 legere
3106 1392 3246 1457 se'n-
3303 1402 3336 1456 5

389 1490 692 1572 tencias3
737 1489 890 1553 item
933 1491 1000 1555 in
1042 1488 1252 1576 primo
1298 1510 1466 1554 anno
1508 1489 1788 1576 primum
1830 1498 1893 1553 et
1937 1489 2285 1554 secundum
2327 1489 2531 1554 libros
2574 1490 2827 1575 legere,
2871 1500 2968 1573 et,
3027 1492 3081 1554 si
3122 1514 3251 1555 non

393 1585 709 1653 habuero
754 1587 1031 1674 aliquem
1072 1611 1322 1653 mecum
1363 1597 1867 1670 concurrentem,
1912 1587 2202 1675 quolibet
2243 1587 2348 1653 die
2390 1587 2639 1675 legibili
2679 1600 2829 1676 post
2868 1590 3091 1655 horam
3125 1614 3257 1654 ma-

393 1688 770 1772 gistrorum
813 1709 1010 1752 unam
1052 1686 1539 1753 distinccionem
1573 1684 1826 1772 legere,
1910 1687 2039 1752 nisi
2091 1697 2345 1776 partem
2398 1686 2710 1774 longioris
2765 1688 3075 1754 adderem
3117 1689 3259 1754 bre-

394 1786 580 1851 viori
620 1786 725 1851 vel
771 1797 1063 1869 econtra;
1128 1788 1281 1852 item
1333 1787 1400 1850 in
1458 1784 1739 1852 secundo
1794 1809 1964 1852 anno
2018 1789 2294 1852 tercium
2337 1796 2402 1851 et
2443 1797 2740 1873 quartum
2779 1787 2982 1853 libros
3026 1788 3261 1876 legere,

395 1886 593 1950 circa
634 1885 973 1952 cuiuslibet
1016 1885 1458 1951 distinccionis
1502 1887 1841 1953 materiam
1885 1888 2326 1972 quaestionem
2368 1908 2565 1952 unam
2589 1887 3096 1972 determinandO,
3140 1911 3258 1953 nec
3285 1898 3345 1953 10

395 2008 542 2050 non
583 1994 834 2052 textum
879 1985 1220 2072 diligenter
1264 2008 1383 2072 per
1428 1983 1874 2051 conclusiones
1916 1984 2195 2073 legendo
2258 1993 2324 2049 et
2377 1985 2792 2073 exponend03
2874 1987 3027 2052 item
3091 2010 3259 2052 anno

395 2093 688 2172 utroque
731 2084 832 2150 bis
874 2085 1201 2151 ordinarie
1242 2083 1638 2172 respondere
1696 2092 1759 2148 et
1817 2083 2083 2149 cuilibet
2136 2086 2449 2171 magistro
2512 2085 2683 2150 ultra
2758 2087 3120 2171 praemissa
3175 2086 3261 2151 ad

394 2183 938 2270 respondendum
978 2208 1082 2250 me
1125 2184 1389 2267 offerre3
1450 2182 1742 2247 similiter
1795 2185 1862 2247 in
1905 2181 2133 2250 ordine
2178 2206 2321 2248 meo
2334 2233 2352 2266 ‚
2421 2186 2589 2250 sicut
2644 2185 2840 2249 michi
2898 2186 3261 2250 iniunctum

396 2282 626 2366 fuerit,
667 2284 1083 2370 praedicare3
1165 2285 1320 2349 item
1364 2283 1430 2347 in
1475 2281 1762 2368 quolibet
1801 2281 2001 2365 libro,
2058 2282 2357 2350 faciendo
2414 2286 2804 2372 principium
2854 2284 3149 2350 similiter
3192 2288 3259 2349 in

402 2380 539 2446 fine
584 2384 798 2470 quarti
838 2383 1025 2466 libri,
1091 2393 1317 2448 contra
1370 2382 1543 2446 dicta
1602 2393 1665 2445 et
1716 2380 2156 2447 conclusiones
2203 2383 2342 2446 eius
2385 2382 2489 2447 vel
2532 2406 2781 2466 eorum,
2848 2387 2960 2470 qui
3000 2406 3252 2448 mecum
3284 2393 3342 2450 15

398 2479 689 2566 legendo
734 2482 1201 2563 concurrerint,
1248 2483 1415 2546 sicut
1457 2490 1828 2546 consuetum
1875 2491 1989 2563 est,
2037 2480 2395 2568 replicar03
2450 2483 2634 2565 item,
2684 2506 2831 2549 cum
2873 2484 3087 2548 fecero
3130 2485 3260 2570 pri-

401 2602 593 2645 mum
631 2582 1024 2671 principium
1067 2583 1136 2646 in
1178 2581 1560 2662 sentencias,
1604 2603 1800 2645 unum
1842 2580 2155 2645 florenum
2188 2579 2460 2645 bedellis
2485 2580 2673 2665 dare3
2717 2583 2867 2662 item
2905 2604 3260 2669 procurare

403 2679 614 2744 scribi
657 2681 742 2746 ad
781 2682 1021 2747 librum
1059 2678 1389 2745 facultatis
1433 2689 1726 2766 tempora
1768 2702 1949 2744 meae
1997 2675 2060 2766 [8
2078 2675 2129 2765 ⁸]
2176 2680 2596 2765 recepcionis,
2642 2680 2987 2746 cuiuslibet
3021 2682 3259 2766 princi-

402 2781 736 2866 piacionis
779 2792 847 2846 et
884 2781 1203 2845 finicionis
1241 2779 1554 2845 librorum
1599 2780 2108 2860 sentenciarum3
2168 2780 2322 2842 item
2364 2779 2534 2843 infra
2574 2779 2967 2867 quindenam
3010 2778 3261 2844 solvere

402 2877 683 2944 bursam
725 2881 919 2945 trium
963 2880 1029 2945 fl.
1111 2878 1224 2945 Sic
1264 2902 1368 2945 me
1411 2876 1570 2945 deus
1609 2878 1873 2944 adiuvet
1909 2888 1972 2943 et
2013 2886 2240 2945 sancta
2282 2877 2388 2942 dei
2429 2878 2845 2965 ewangelia.“
3276 2885 3345 2942 20

585 3077 973 3162 Notandum,
1017 3077 1209 3166 quod,
1254 3081 1311 3144 si
1342 3079 1502 3144 fiunt
1543 3078 1669 3144 duo
1713 3077 2126 3147 sentenciarii
2188 3077 2379 3143 simul
2423 3087 2887 3145 concurrentes
2938 3088 3002 3143 et
3041 3076 3263 3142 simili·

407 3189 514 3243 ter
556 3179 824 3267 rece'pti,
869 3177 1181 3244 iurabunt
1222 3201 1486 3244 servare
1532 3177 1794 3244 modum
1829 3177 2090 3264 legendi
2133 3189 2507 3266 sequentem
2523 3227 2541 3261 ,
2596 3177 2902 3245 videlicet
2958 3176 3131 3263 quod
3175 3176 3261 3242 le·

408 3285 575 3362 gant
615 3277 956 3344 alternatis
1001 3277 1229 3343 diebus
1274 3280 1388 3361 sic,
1433 3277 1608 3367 quod
1651 3300 1814 3343 unus
1859 3278 2133 3363 incipiat
2169 3280 2453 3365 primum
2496 3287 2559 3341 et
2602 3277 2765 3346 alter
2806 3280 3077 3342 tercium
3104 3279 3157 3359 ¹3
3199 3285 3264 3340 et

407 3378 524 3462 qui
571 3379 848 3464 primum
889 3379 1134 3464 incipit,
1175 3377 1353 3463 legat
1396 3381 1612 3464 prima
1651 3376 1777 3459 die,
1821 3380 1935 3463 qui
1977 3398 2132 3441 vero
2174 3378 2468 3457 tercium,
2509 3376 2688 3463 legat
2731 3376 3013 3442 secunda
3043 3375 3152 3440 die
3194 3384 3259 3439 et

407 3477 508 3541 sic
552 3476 933 3542 alternando
975 3476 1198 3563 legant
1239 3478 1450 3541 eciam
1491 3474 1783 3541 sabbatis
1829 3474 2060 3541 diebus
2103 3485 2394 3563 tempore
2435 3475 2683 3562 legibili
2738 3498 2857 3562 per
2900 3484 3104 3541 totum
3145 3497 3256 3562 an-
3278 3482 3345 3539 25

406 3599 587 3640 num.
669 3575 982 3641 Similiter
1023 3574 1245 3662 legant
1284 3578 1353 3641 in
1393 3574 1806 3640 hebdomada
1846 3575 2242 3658 Palmarum,
2299 3575 2711 3641 hebdomada
2763 3574 3045 3661 pascali,
3103 3573 3258 3638 heb-

410 3675 699 3742 domada
737 3676 1198 3741 Penthecostes
1238 3685 1302 3740 et
1353 3675 1420 3739 in
1464 3673 1874 3740 hebdomada
1927 3675 2290 3739 nativitatis
2351 3673 2595 3741 Christi
2648 3684 2797 3761 post
2852 3673 3025 3739 diem
3078 3675 3261 3739 inno·

411 3785 688 3840 centum,

584 3958 913 4044 Incipiunt
955 3956 1354 4024 caniculares
1395 3956 1463 4019 in
1510 3957 1794 4020 crastino
1835 3956 2016 4020 Petri
2062 3966 2125 4021 et
2165 3954 2355 4020 Pauli
2381 3956 2406 3997 ²
2464 3964 2528 4020 et
2566 3964 2899 4021 resumant
2936 3955 3257 4021 lecciones

411 4061 480 4125 in
520 4059 803 4124 crastino
846 4054 1328 4122 Bartholomaei
1351 4056 1406 4137 ³,
1474 4064 1539 4119 et
1589 4056 1683 4119 sic
1739 4054 1961 4142 legant
2024 4055 2464 4121 hebdomatim
2523 4055 2889 4122 alternatim
2911 4105 2929 4138 ‚
2982 4054 3255 4141 quilibet
3274 4063 3342 4119 30

411 4181 614 4225 unam
669 4156 1154 4222 distinccionem
1219 4179 1333 4220 suo
1396 4154 1500 4219 die
1562 4154 1915 4220 secundum
1977 4153 2237 4219 modum
2297 4156 2747 4242 praemissum.
2830 4155 2993 4219 Item
3037 4163 3260 4219 notan-

415 4258 591 4340 dum,
636 4255 809 4345 quod
853 4253 915 4343 [8
928 4253 980 4343 b]
1029 4253 1232 4320 solum
1280 4254 1406 4320 duo
1453 4255 1738 4342 poterint
1780 4264 1935 4320 actu
1991 4254 2181 4319 simul
2230 4253 2447 4341 legere
2503 4255 2900 4336 sentencias,
2971 4264 3033 4317 et
3092 4252 3263 4334 dato,

416 4357 590 4446 quod
635 4356 872 4444 aliquis
914 4353 1145 4441 legerit
1186 4353 1346 4419 duos
1388 4354 1612 4435 libros,
1657 4352 1962 4419 videlicet
2007 4355 2287 4441 primum
2332 4363 2396 4418 et
2420 4352 2790 4437 secundum,
2836 4363 2899 4418 et
2919 4375 3115 4438 super
3141 4352 3265 4417 hoc

412 4467 707 4544 tempore
750 4463 1053 4521 consueto
1095 4476 1260 4519 unus
1304 4452 1466 4518 alter
1511 4451 1591 4517 de
1644 4475 1811 4518 novo
1875 4452 2198 4518 admissus
2255 4453 2478 4534 fuerit,
2565 4465 2715 4517 tunc
2779 4451 2889 4516 ille
2943 4451 3266 4516 admissus

415 4567 711 4645 tempore
752 4565 1060 4621 consueto
1103 4553 1377 4641 incipiat
1419 4553 1699 4638 primum
1741 4550 1978 4616 librum
2022 4551 2461 4618 concurrendo
2494 4574 2638 4618 cum
2666 4553 3114 4633 sentenciario,
3150 4553 3260 4638 qui
3280 4562 3345 4617 35

416 4658 550 4722 iam
593 4655 803 4719 finivit
844 4653 1006 4719 duos
1046 4650 1281 4735 libros;
1329 4661 1392 4715 et
1435 4651 1755 4716 alternent
1792 4649 2131 4734 lecciones,
2169 4661 2241 4717 ut
2282 4673 2503 4737 supra.

584 4806 748 4871 Item
791 4804 943 4870 dato
958 4852 976 4886 ,
1048 4801 1220 4889 quod
1269 4801 1456 4867 simul
1511 4799 2003 4868 admitterentur
2058 4801 2279 4888 plures
2335 4800 2421 4865 ad
2476 4802 2838 4867 sentencias
2893 4811 2956 4867 et
3013 4800 3267 4866 defacto

419 4916 592 4972 esset
632 4927 799 4969 unus
843 4902 1332 4983 sentenciarius,
1380 4902 1490 4988 qui
1530 4899 1744 4966 finivit
1781 4899 1945 4966 duos
1987 4899 2213 4984 libros,
2253 4910 2409 4966 tunc
2452 4901 2666 4966 senior
2721 4899 2804 4965 de
2858 4902 3112 4968 noviter
3155 4899 3268 4966 ad·

597 5160 617 5209 1
660 5153 744 5206 Zu
777 5154 1051 5222 ergiinzen
1086 5151 1304 5204 librum.

586 5243 616 5293 2
657 5237 794 5292 Dies
829 5236 963 5290 Fest
997 5234 1124 5289 fallt
1157 5234 1260 5288 auf
1286 5234 1394 5289 den
1436 5238 1515 5290 29.
1554 5233 1706 5290 Juni.

590 5326 621 5377 3
661 5320 810 5375 Fallt
842 5318 946 5375 auf
972 5319 1081 5377 den
1119 5323 1201 5375 24.
1238 5319 1481 5392 August.
