4038 6358
3114 463 3139 499 f

1337 609 1438 659 Die
1473 608 1712 661 statuten
1746 622 1852 659 von
1893 606 2239 660 1497—1537.
3102 611 3224 673 247

283 785 633 854 eiusdem
691 790 998 857 defuncti
1041 790 1322 857 doctoris
1350 788 1582 877 Sporn,
1626 789 1898 877 singulis
1943 790 2132 855 annis
2170 790 2364 855 tertia
2402 788 2569 854 feria
2605 798 2753 876 post
2776 788 3043 855 Exaudi
3086 813 3230 855 cum

280 886 574 974 vigiliis
633 900 720 955 et
773 892 1072 980 sequenti
1111 913 1254 956 cum
1299 891 1516 955 missis
1573 890 1934 954 animarum
1987 890 2057 954 in
2114 887 2390 955 ecclesia
2442 887 2579 952 divi
2622 888 2874 954 Nicolai
2937 890 3230 977 episcopi

283 986 790 1073 celebrando,
836 990 1152 1056 dederunt
1194 1000 1259 1055 et
1298 990 1796 1075 assignaverunt
1838 986 2110 1075 collegio
2150 997 2373 1054 nostro
2418 985 2697 1071 domum,
2742 997 2930 1052 extra
2968 988 3231 1053 valvam

285 1084 882 1175 Grymmensem
921 1112 1147 1155 versus
1189 1087 1489 1155 rubetum
1536 1089 1747 1170 sitam,
1806 1110 1848 1153 a
1902 1087 2183 1176 quodam
2238 1088 2654 1169 sarcinatore,
2713 1088 2971 1152 nomine
3010 1086 3231 1153 Maths

287 1186 510 1251 Koch
563 1188 966 1279 vulgariter
1020 1198 1410 1277 nuncupato,
1474 1187 1596 1252 sub
1645 1185 1829 1252 titulo
1886 1186 2351 1275 redemptionis
2391 1210 2510 1274 pro
2569 1187 3007 1275 quadraginta
3044 1186 3231 1253 flore·
3280 1196 3312 1251 5

287 1286 404 1349 nis
479 1300 862 1376 emptam3
927 1306 1090 1378 quae
1159 1287 1418 1375 quidem
1483 1286 1706 1352 domus
1769 1285 2121 1352 fructificat
2178 1289 2521 1372 quotannis
2575 1308 2771 1351 unam
2830 1307 3230 1372 sexagenam

291 1407 578 1451 novam
607 1397 696 1452 et
739 1398 1017 1475 quatuor
1057 1410 1340 1475 grossos,
1385 1384 1466 1451 de
1511 1408 1640 1474 qua
1681 1387 1957 1473 pecunia
2001 1386 2130 1451 duo
2170 1384 2399 1451 floreni
2442 1386 2715 1472 singulis
2759 1386 2945 1451 annis
2993 1385 3230 1451 cedunt

295 1504 434 1570 pro
493 1490 1015 1571 anniversario,
1068 1491 1163 1553 ita
1207 1495 1279 1551 ut
1333 1485 1609 1573 plebano
1665 1482 1896 1549 dentur
1951 1484 2319 1574 quindecim
2376 1488 2590 1571 grossi
2646 1496 2709 1551 et
2768 1484 3095 1549 residuum
3149 1484 3231 1550 de

299 1584 464 1649 istis
519 1585 820 1653 duobus
866 1587 1127 1654 florenis
1170 1587 1341 1650 inter
1381 1586 1636 1666 fratres,
1693 1593 1765 1649 ut
1818 1606 2036 1673 supra,
2094 1584 2448 1666 dividatur,
2504 1584 2671 1648 aliae
2712 1606 2870 1649 vero
2912 1586 3227 1671 pecuniae

303 1704 438 1769 pro
491 1694 868 1753 structura
910 1685 1197 1752 eiusdem
1240 1684 1466 1751 domus
1511 1694 1576 1749 et
1615 1704 1814 1749 censu
1849 1685 2042 1749 unius
2087 1686 2317 1771 grossi,
2359 1681 2721 1750 consulatui
2766 1683 3218 1769 persolvendo,
3246 1694 3307 1750 10

309 1782 386 1845 in
433 1788 768 1851 termino
811 1786 1082 1852 Martini
1122 1793 1549 1849 reserventur.

1022 1885 1167 1950 Deo
1207 1883 1369 1967 laus,
1412 1882 1622 1969 gloria
1664 1892 1728 1948 et
1767 1882 1988 1948 honor.
2060 1888 2217 1951 1506
2262 1890 2332 1946 ut
2373 1902 2591 1969 supra.

505 2046 663 2133 [Bl.
709 2041 792 2117 28
804 2046 855 2136 b]
914 2049 1074 2115 Item
1127 2050 1538 2137 praepositus
1594 2048 1850 2135 collegii
1891 2058 2184 2136 tempore
2225 2048 2816 2114 anniversariorum
2860 2059 3222 2137 praetacto-

312 2170 474 2213 rum
527 2158 814 2214 tenetur
855 2170 1092 2213 vocare
1135 2149 1372 2215 fratres
1415 2147 1536 2215 sub
1579 2148 1704 2214 hoc
1745 2147 1849 2214 vel
1892 2146 2214 2215 consimili
2253 2157 2493 2213 tenore.

505 2247 958 2331 „Reverende
1001 2250 1332 2334 magister,
1389 2250 1530 2314 sitis
1583 2247 1778 2313 hodie
1829 2247 1993 2313 hora
2052 2248 2268 2335 prima
2322 2248 2391 2311 in
2444 2245 2688 2331 vigiliis
2746 2255 2810 2311 et
2860 2268 3007 2313 cras
3058 2248 3305 2313 hora1⁵

325 2354 540 2411 sexta
609 2348 686 2413 in
737 2349 952 2413 missis
1010 2349 1394 2430 animarum,
1450 2369 1571 2433 pro
1617 2349 2062 2413 anniversario
2105 2347 2350 2412 domini
2406 2345 2509 2411 .N.
2562 2345 2845 2412 doctoris
2901 2347 2970 2411 in
3026 2346 3222 2413 choro

327 2444 691 2512 ecelesiae
740 2448 946 2512 sancti
987 2445 1242 2512 Nicolai
1285 2446 1727 2531 decantandis,
1787 2446 1907 2513 sub
1952 2469 2165 2533 poena
2204 2445 2556 2511 carenciae.

1225 2545 1438 2611 Detur
1480 2547 1776 2612 omnibus
1820 2545 2181 2633 collegiatis
2223 2545 2411 2611 huius
2453 2544 2710 2630 collegii
2754 2544 3136 2611 duntaxat.“

521 2683 632 2743 10.
709 2678 900 2742 Item¹
963 2677 1033 2741 in
1096 2676 1395 2743 omnibus
1458 2688 1520 2742 et
1583 2678 1856 2765 singulis
1915 2679 2378 2744 anniversariis
2441 2679 2865 2765 praescriptis
2929 2676 3218 2742 volentes

335 2778 604 2841 mereri
659 2777 1064 2863 praesentias
1111 2775 1348 2841 debent
1393 2776 1684 2843 adinstar
1734 2780 2326 2843 anniversariorum
2379 2776 2785 2842 dominorum
2842 2799 2927 2842 ex
2985 2776 3217 2841 maiori
3234 2784 3301 2841 m

341 2872 642 2961 collegio
685 2876 1131 2941 defimctorum
1185 2876 1498 2941 interesse
1540 2876 1783 2963 vigiliis
1835 2886 1984 2941 ante
2036 2878 2228 2942 finem
2286 2877 2481 2963 primi
2528 2877 2825 2941 nocturni
2880 2884 2946 2941 et
3000 2878 3218 2941 missis

341 2976 731 3039 animarum
780 2984 932 3041 ante
979 2974 1337 3063 epistolam,
1394 2974 1786 3042 oblationem
1828 2978 2024 3042 trium
2077 2977 2490 3042 denariorum
2530 2976 2851 3041 usualium
2900 2975 3216 3057 faciendo,

346 3082 416 3137 et
459 3076 826 3141 existentes
868 3076 938 3140 in
978 3072 1349 3139 sacerdocio
1393 3084 1646 3160 extunc,
1709 3077 1765 3141 si
1823 3087 1970 3141 sunt
2024 3076 2111 3141 ad
2160 3076 2284 3142 hoc
2338 3074 2657 3162 dispositi,
2711 3074 2995 3162 alioquin
3048 3075 3223 3140 infra

347 3183 668 3240 octavam
723 3186 835 3240 aut
877 3174 1060 3257 alias,
1120 3174 1598 3261 quamprimum
1643 3197 1712 3242 se
1757 3175 1843 3241 ad
1884 3174 2169 3242 officium
2215 3174 2583 3241 huiusmodi
2625 3174 2830 3240 abiles
2875 3176 3211 3259 senserint,

353 3273 442 3337 ad
485 3277 763 3339 missam
805 3296 1000 3338 unam
1042 3296 1161 3361 pro
1219 3274 1437 3339 anima
1485 3275 1850 3343 fundatoris
1905 3275 2382 3358 celebrandam,
2438 3274 2551 3339 alii
2600 3297 2758 3341 vero
2811 3297 2941 3341 non
2999 3297 3211 3342 sacer·
3230 3285 3297 3341 2⁵

352 3371 550 3438 dotes
597 3372 683 3438 ad
722 3371 1066 3458 legendum
1105 3372 1369 3460 vigilias
1409 3383 1808 3441 mortuorum
1851 3374 2177 3440 duntaxat
2213 3374 2464 3441 astricti
2504 3395 2648 3440 esse
2698 3373 2978 3440 debeant
3017 3383 3216 3462 atque

361 3470 659 3560 obligati.
738 3471 962 3537 Portio
1008 3481 1224 3537 autem
1266 3473 1643 3538 absencium
1697 3475 1838 3539 sive
1889 3475 2183 3562 exequiis
2237 3473 2607 3539 huiusmodi
2660 3474 2971 3539 interesse
3011 3473 3213 3562 negli-

355 3572 652 3656 gentium
705 3570 864 3637 fisco
921 3569 1174 3657 collegii
1233 3582 1594 3655 accrescat,
1653 3595 1727 3639 eo
1783 3580 1975 3660 pacto
2032 3583 2106 3639 ut
2156 3575 2567 3661 praepositus
2610 3595 2730 3660 pro
2775 3582 3065 3661 tempore
3108 3572 3215 3638 die

358 3666 640 3757 prox[29
653 3665 842 3756 ⁸]ima
883 3671 1400 3736 anniversarium
1442 3673 1872 3758 praecedente
1914 3672 2363 3739 ordinaciones
2418 3681 2482 3738 et
2532 3672 2953 3738 fundaciones
2992 3672 3209 3738 huius-

359 3769 538 3834 modi
587 3770 1006 3856 exequiarum
1056 3769 1427 3836 doctoribus
1469 3782 1534 3836 et
1575 3771 1904 3858 magistris
1964 3771 2047 3836 de
2104 3771 2375 3858 collegio
2430 3771 2823 3836 denunciare
2876 3781 2943 3837 et
2992 3771 3209 3858 legere
3224 3779 3295 3837 30
3412 3766 3423 3774 ⁸

361 3875 664 3933 teneatur
715 3877 778 3932 et
819 3890 940 3954 pro
986 3891 1061 3933 eo
1103 3867 1328 3935 labore
1369 3879 1434 3935 et
1493 3870 1839 3958 diligencia
1887 3871 1954 3934 in
2007 3871 2133 3938 hiis
2194 3880 2259 3936 et
2314 3871 2491 3936 circa
2542 3893 2622 3936 ea
2675 3870 2995 3936 habendis
3050 3870 3209 3936 duos

361 3988 628 4052 grossos
675 3965 756 4031 de
795 3965 956 4032 fisco
1001 3965 1258 4054 collegii
1301 3967 1554 4036 habeat.

535 4067 666 4132 11.²
704 4065 895 4131 Anno
935 4065 1180 4132 domini
1217 4067 1556 4134 millesimo
1601 4069 2116 4156 quingentesimo
2158 4070 2379 4154 quinto
2419 4068 2843 4135 decimanona
2886 4067 2993 4134 die
3032 4089 3205 4132 men-

365 4164 451 4229 sis
507 4163 668 4229 Maii
727 4170 918 4240 (1505
975 4171 1032 4228 d.
1091 4170 1181 4232 19.
1223 4172 1390 4242 Mai)
1443 4169 1620 4232 eirca
1671 4169 1908 4233 festum
1965 4169 2175 4233 sancti
2227 4167 2517 4233 Servacii
2574 4166 2735 4234 obiit
2791 4171 3067 4234 eximius
3128 4189 3207 4233 ac

367 4263 740 4348 praeclarus
764 4266 889 4346 vir,
919 4263 1214 4330 dominus
1255 4264 1646 4333 Iohannes
1687 4267 1959 4349 Fabri,
2003 4267 2214 4333 alias
2260 4266 2697 4333 Obermair
2738 4266 2827 4331 de
2856 4266 3287 4350 Werdea‚&

367 4365 600 4428 artium
662 4383 742 4427 ac
798 4365 1136 4451 utriusque
1191 4365 1354 4431 iuris
1413 4366 1656 4449 doctor,
1715 4365 2172 4434 celeberrimus
2236 4365 2424 4432 huius
2488 4366 2740 4453 collegii
2809 4365 3203 4452 collegiatus,

367 4464 540 4528 cuius
582 4464 1072 4546 testamentarii,
1115 4463 1418 4530 videlicet
1461 4465 1688 4530 Sixtus
1726 4465 1965 4531 Pfeffer
2008 4466 2091 4531 de
2130 4464 2436 4548 Werdea‚
2493 4465 2787 4532 similiter
2828 4466 3076 4530 arcium
3119 4487 3199 4530 ac

365 4563 691 4649 utriusque
741 4560 903 4627 iuris
945 4562 1190 4645 doctor,
1245 4564 1448 4630 frater
1488 4564 1712 4630 Sixtus
1753 4564 1945 4652 Lang
1985 4564 2068 4630 de
2105 4563 2393 4630 Werdea
2444 4573 2509 4629 et
2544 4564 2867 4630 Iohannes
2910 4563 3201 4647 Setteler,

365 4660 742 4749 Liptzenses
779 4661 976 4744 cives,
1015 4683 1147 4727 una
1185 4685 1332 4728 cum
1374 4663 1764 4730 haeredibus
1805 4663 1966 4729 dicti
2006 4664 2293 4730 doctoris
2316 4662 2641 4746 Iohannis,
2680 4662 2987 4729 videlicet
3004 4662 3201 4750 Aeg-i-

367 4759 466 4826 dio
507 4757 974 4846 Nurenberger
1015 4770 1081 4825 et
1117 4761 1404 4828 Iohanne
1449 4761 1674 4847 Goetz,
1719 4761 1968 4828 civibus
2005 4761 2481 4846 Werdensium,
2526 4785 2609 4828 ex
2649 4770 3035 4828 testamento
3075 4785 3197 4849 pro
3214 4772 3283 4828 40

367 4867 678 4946 perpetua
731 4860 1046 4925 memoria
1097 4863 1374 4949 praefati
1419 4861 1700 4928 doctoris
1751 4861 2057 4929 Iohannis
2112 4860 2288 4948 apud
2344 4871 2641 4928 sanctum
2689 4860 3029 4928 Nicolaum
3083 4861 3195 4927 ob·

367 4956 683 5024 servanda
737 4967 996 5024 centum
1048 4959 1328 5028 florenos
1381 4983 1733 5048 reynenses
1793 4962 2294 5047 assignaverunt
2348 4971 2411 5026 et
2468 4961 2871 5027 donaverunt
2928 4959 3196 5048 collegio

531 5195 553 5246 1
591 5189 718 5246 Von
757 5189 988 5246 andei-er
1019 5189 1201 5246 Hand.

525 5279 556 5330 2
591 5275 725 5348 Dgl.
758 5291 868 5331 von
901 5275 1133 5332 anderer
1162 5275 1347 5332 Hand.
