4038 6358
1335 609 1437 668 Dis
1470 611 1711 668 Sumen
1754 625 1861 667 von
1902 609 2255 669 1409-1445.
3099 617 3220 684 319

544 803 599 862 1.
656 795 970 880 Primum,
1024 792 1202 882 quod
1251 819 1473 864 omnes
1521 798 1817 883 magistri
1862 796 1943 861 de
1988 796 2258 864 consilio
2300 794 2627 862 facultatis
2671 797 2802 861 iam
2842 806 3220 884 praesentes
3286 798 3290 802 ’

330 894 587 960 iurent
625 898 694 962 in
732 897 946 962 forma
990 895 1374 984 subscripta,
1428 906 1491 961 et
1530 894 1695 962 tales
1742 898 1835 961 sic
1875 898 2169 962 iurantes
2209 896 2589 961 nominatim
2631 894 2996 960 scribantur
3011 898 3050 979 ¹,
3102 895 3216 961 alii

332 1016 529 1060 vero
581 995 906 1079 absentes,
963 1017 1156 1084 quam
1212 997 1495 1081 primum
1534 996 1848 1077 venerint,
1904 994 1990 1060 ad
2044 995 2220 1060 idem
2271 996 2702 1059 iuramentum
2757 994 3219 1080 praestandum

334 1094 505 1160 sint
544 1096 819 1179 astricti,
863 1094 950 1160 ad
992 1095 1165 1186 quod
1204 1094 1653 1182 exequendum
1695 1105 1758 1159 et
1801 1092 2192 1180 exigendum
2233 1101 2529 1172 teneatur
2570 1091 2855 1158 decanus
2898 1115 3019 1178 pro
3059 1104 3217 1159 tem-

336 1215 530 1279 pore
588 1196 877 1260 existens
934 1194 1054 1260 sub
1113 1216 1228 1259 suo
1283 1197 1665 1259 iuramento.
1747 1191 1941 1276 Quod
2001 1194 2059 1258 si
2116 1194 2429 1279 magister
2479 1193 2828 1280 requisitus
2884 1204 3222 1278 praestare
3271 1205 3304 1259 5

334 1296 792 1376 recusaverit,
836 1315 879 1359 a
918 1293 1188 1360 consilio
1227 1294 1574 1376 facultatis,
1617 1315 1951 1381 quousque
1989 1293 2406 1380 praestiterit,
2446 1293 2528 1357 sit
2570 1291 2888 1357 exclusus.
2930 1291 3019 1357 Et
3061 1314 3219 1379 ergo

339 1392 663 1479 expedit,
712 1403 786 1458 ut
824 1395 1205 1475 iuramento,
1260 1392 1654 1481 praestando
1698 1391 1943 1457 decano
2001 1414 2120 1478 per
2160 1393 2511 1457 intrantem
2551 1390 2631 1456 de
2671 1414 2843 1457 novo
2887 1392 3223 1458 consilium

340 1491 730 1575 facultatis,
793 1493 1217 1580 apponatur&
1299 1492 1390 1558 Et
1448 1493 1660 1580 primo
1723 1490 2037 1573 decanus,
2100 1493 2291 1556 tactis
2350 1493 2780 1555 sacrosanctis
2835 1491 3223 1578 ewangeliis,

344 1591 619 1656 iurabit
676 1601 741 1656 et
797 1601 1260 1679 consequenter
1317 1591 1431 1656 alii
1486 1592 1785 1676 magistri
1845 1589 1925 1655 de
1986 1589 2254 1655 consilio
2311 1588 2638 1655 facultatis
2698 1592 3046 1656 existentes
3104 1592 3224 1658 sub

342 1688 497 1754 hac
539 1690 784 1755 forma:
852 1689 1037 1777 „Ego
1080 1690 1175 1755 .N.
1217 1692 1379 1773 iuro,
1425 1689 1599 1778 quod
1637 1711 1812 1754 nunc
1852 1699 1919 1753 et
1958 1691 2026 1754 in
2070 1698 2280 1771 antea,
2339 1691 2885 1777 quotienscunque
2923 1692 2993 1755 in
3031 1691 3218 1756 deca-
3244 1704 3306 1758 10

344 1812 523 1854 num
557 1799 626 1854 et
663 1791 1172 1855 examinatorem
1216 1788 1807 1879 promovendorum
1845 1799 1978 1852 tam
2023 1788 2108 1853 ad
2147 1788 2589 1873 magisterium
2632 1811 2826 1874 quam
2867 1789 2953 1854 ad
2995 1790 3224 1857 bacca-

344 1886 684 1953 lariatum
727 1888 966 1955 electus
990 1889 1222 1972 fuero,
1279 1888 1621 1953 admittere
1662 1887 1859 1952 velim
1901 1887 2134 1973 dignos
2178 1898 2241 1951 et
2279 1888 2527 1951 reicere
2568 1888 2888 1974 indignos.
2976 1889 3086 1955 Sic
3125 1915 3228 1957 me

350 1985 532 2052 deus
578 1987 847 2056 adiuvet
888 1999 953 2053 et
1002 1997 1230 2053 sancta
1279 1987 1384 2053 dei
1427 1986 1857 2074 ewangeliafl.
1922 1986 2012 2052 Et
2070 1986 2215 2052 illos
2264 1986 2538 2051 facultas
2582 1997 2843 2075 reputat
2903 1989 3220 2075 gradibus

349 2085 630 2172 dignos,
676 2087 908 2176 quibus
947 2110 1078 2153 non
1124 2086 1331 2153 solum
1374 2087 1713 2152 literarum
1757 2087 2040 2151 sciencia
2081 2108 2301 2151 verum
2348 2087 2555 2150 eciam
2596 2089 2772 2151 vitae
2815 2092 3116 2154 meritum
3159 2099 3225 2156 et

351 2207 625 2250 morum
670 2186 973 2252 honestas
1021 2187 1441 2273 suffragatur3
1502 2188 1569 2251 in
1630 2188 1927 2252 scienciis
1983 2195 2197 2250 autem
2251 2184 2367 2250 hos
2415 2195 2675 2271 reputat
2715 2184 2946 2273 dignos
2991 2187 3308 2255 bacca-15

350 2283 631 2369 lariatu,
690 2288 801 2371 qui
843 2288 1029 2351 iuxta
1082 2294 1389 2350 statutum
1432 2284 1760 2351 facultatis
1805 2286 2139 2371 antiquum
2186 2282 2349 2350 bene
2393 2306 2463 2348 se
2504 2283 2745 2349 habent
2785 2288 2853 2350 in
2906 2309 3228 2373 gramma-

356 2385 524 2466 tica,
571 2385 639 2448 in
679 2387 901 2471 parvis
944 2384 1328 2472 loycalibus,
1373 2387 1441 2449 in
1481 2384 1682 2449 veteri
1729 2393 1887 2466 arte,
1932 2393 1997 2448 et
2038 2386 2105 2448 in
2144 2382 2291 2447 aliis
2331 2393 2790 2471 competenter.
2843 2384 3224 2472 Magisterio

358 2493 592 2547 autem
638 2482 871 2569 dignos
917 2493 1194 2570 reputat,
1240 2485 1350 2571 qui
1392 2483 1556 2548 bene
1600 2506 1669 2548 se
1710 2482 1954 2548 habent
1995 2484 2064 2547 in
2106 2487 2312 2548 veteri
2355 2493 2512 2565 arte,
2570 2484 2638 2548 in
2679 2507 2852 2549 nova
2896 2483 3104 2572 loyca,
3158 2489 3227 2552 in

360 2581 791 2669 philosophia
829 2582 1132 2666 naturali,
1179 2592 1240 2647 et
1280 2583 1349 2647 in
1393 2582 1537 2650 aliis
1581 2592 2032 2670 competenter.
2117 2582 2207 2647 Et
2249 2581 2367 2647 sub
2410 2577 2636 2648 eodem
2678 2586 3061 2668 iuramento,
3105 2608 3224 2674 per

363 2679 696 2746 decanum
721 2684 789 2746 in
831 2684 1101 2770 propria
1141 2683 1351 2747 forma
1393 2681 1832 2769 proponendo,
1876 2680 2151 2769 quilibet
2189 2683 2702 2747 examinatorum
2744 2683 3027 2769 quolibet
3067 2695 3223 2750 tem·
3243 2696 3311 2752 20

362 2802 533 2866 pore
574 2803 735 2846 suae
775 2780 1114 2847 eleccionis
1157 2782 1226 2845 in
1267 2784 1775 2847 examinatorem
1829 2779 2073 2847 decano
2113 2783 2489 2867 promittere
2522 2781 2841 2852 teneatur.

764 2920 835 3002 ι2.
875 2932 970 2979 m:
1012 2931 1213 2980 nono
1256 2932 1698 2980 Anmr'rnnm
1737 2930 2183 2979 nxAmA'ros
2221 2932 2361 2979 An'r
2407 2932 2843 2982 TEMPTA‘ros.

536 3030 705 3096 Item
749 3032 1225 3098 examinatores
1270 3031 1615 3096 admittant
1670 3033 2073 3096 examinatos
2117 3029 2236 3094 vel'
2273 3041 2621 3118 temptatos
2666 3033 3015 3100 secundum
3060 3036 3230 3101 hunc

367 3129 663 3196 modum.
746 3129 1038 3211 Quilibet
1079 3132 1485 3196 examinator
1528 3129 1768 3196 habeat
1802 3140 1897 3197 tot
1934 3132 2084 3217 pisa
2124 3140 2188 3195 et
2226 3139 2323 3195 tot
2364 3129 2642 3218 lapillos,
2703 3143 2857 3221 quot
2895 3145 3044 3200 sunt
3081 3159 3230 3224 pro-

367 3228 701 3313 movendi,
757 3241 821 3296 et
873 3240 1196 3318 ponantur
1248 3232 1481 3295 mitrae
1539 3229 2127 3345 promovendorum
2184 3229 2537 3295 secundum
2589 3231 2881 3298 ordinem
2935 3237 3310 3352 ipsorum25

371 3329 464 3394 ad
504 3348 818 3413 mensam,
859 3330 1120 3394 traditis
1161 3341 1378 3405 tamen
1418 3329 1601 3414 prius
1644 3331 1712 3394 in
1754 3330 2079 3416 principio
2109 3330 2427 3395 examinis
2469 3329 2576 3395 vel
2617 3335 3060 3418 temptaminis
3101 3339 3230 3400 cui-

368 3428 538 3494 libet
581 3430 1013 3494 examinatori
1054 3428 1423 3493 nominibus
1469 3428 1866 3514 singulorum
1925 3428 2506 3494 examinandorum
2547 3428 2652 3494 vel
2708 3433 3230 3519 temptandorum

370 3551 496 3615 per
550 3526 867 3592 decanum
921 3526 1267 3593 facultatis.
1348 3526 1457 3592 Ad
1511 3549 1673 3615 quas
1728 3526 2011 3592 decanus
2071 3537 2136 3591 et
2192 3529 2667 3594 examinatores
2713 3531 3109 3616 transibunt,
3168 3544 3233 3600 et

370 3627 606 3693 volens
652 3625 928 3714 aliquem
970 3627 1312 3693 admittere
1354 3637 1556 3715 ponat
1598 3628 1737 3692 sine
1767 3626 1912 3692 dolo
1943 3635 2008 3690 et
2045 3626 2274 3692 fraude
2314 3628 2529 3714 pisum
2574 3629 2661 3694 ad
2695 3631 2961 3695 mitram
3001 3632 3230 3718 ipsius,

373 3726 603 3793 volens
648 3748 803 3792 vero
848 3729 1095 3792 reicere
1136 3738 1338 3813 ponat
1379 3726 1601 3793 eodem
1644 3726 1835 3791 modo
1876 3725 2190 3811 lapillum.
2272 3725 2423 3806 Qua
2462 3728 2884 3814 imposicione
2923 3752 3042 3818 pro
3092 3755 3224 3797 om·
3243 3743 3313 3799 30

372 3826 571 3891 nibus
630 3849 834 3914 usque
896 3826 982 3891 ad
1041 3826 1235 3891 finem
1297 3818 1650 3912 co‘mpleta,
1712 3825 1828 3891 fiat
1890 3826 2271 3891 scrutinium
2332 3827 2674 3892 mitrarum
2725 3830 2793 3892 in
2849 3834 3234 3915 praesencia

376 3925 615 3991 decani
670 3935 733 3990 et
788 3928 1076 3991 omnium
1120 3926 1653 4006 examinatorum,
1706 3922 2071 3989 inchoando
2128 3947 2169 3989 a
2222 3927 2563 4011 principio.
2648 3924 2738 3990 Et
2792 3930 2847 3991 si
2901 3931 3030 3994 tria
3084 3933 3232 4017 pisa

375 4026 447 4089 in
492 4028 689 4089 mitra
733 4024 1007 4090 alicuius
1051 4024 1473 4112 promovendi
1530 4023 1616 4088 ad
1666 4025 1876 4087 minus
1937 4025 2204 4113 inventa
2260 4023 2525 4105 fuerint,
2588 4027 2672 4090 sit
2726 4025 3077 4113 admissus3
3132 4035 3231 4096 sin

380 4136 599 4189 autem
642 4134 775 4188 tres
818 4123 1027 4211 lapilli
1070 4123 1156 4189 ad
1211 4126 1424 4187 minus
1475 4123 1567 4187 ibi
1619 4125 1864 4187 inventi
1917 4123 2185 4205 fuerint,
2246 4126 2329 4187 sit
2381 4125 2660 4189 reiectus
2718 4124 2963 4213 absque
3014 4127 3233 4214 aliqua

376 4222 677 4315 ulteriori
705 4223 919 4290 vocali
956 4222 1354 4289 induccione.
1397 4221 1487 4286 Et
1514 4220 1725 4287 nullus
1767 4223 2252 4308 magistrorum,
2296 4221 2415 4288 sub
2461 4246 2578 4288 sua
2602 4226 3027 4311 consciencia,
3072 4229 3316 4316 quidss

377 4325 783 4409 imposuerit,
828 4322 1023 4389 debet
1061 4322 1255 4388 alicui
1295 4321 1604 4387 revelare.

1189 4434 1246 4525 3·
1286 4472 1382 4521 DE
1427 4473 1637 4521 TURPI
1676 4474 1863 4522 FAMA
1904 4474 2424 4523 MAGISTRORUM.

547 4572 713 4638 Item
758 4574 815 4637 si
856 4572 937 4637 de
980 4572 1195 4661 aliquo
1237 4574 1551 4659 magistro
1582 4582 1979 4659 compertum
2017 4573 2233 4657 fuerit,
2277 4572 2450 4660 quod
2488 4574 2558 4638 in
2582 4574 2850 4643 comodo
2881 4598 2996 4644 suo
3025 4579 3236 4665 publi-

384 4694 533 4737 cam
576 4673 983 4738 meretricem
1025 4671 1354 4756 habuerit,
1409 4669 1513 4736 vel
1571 4673 1638 4735 in
1694 4670 1892 4736 bursa
1942 4673 2047 4738 vel
2104 4670 2235 4738 alia
2290 4672 2483 4739 domo
2528 4694 2644 4741 seu
2685 4673 3074 4743 domuncula
3121 4703 3238 4746 seu

384 4769 662 4837 comodo
706 4772 1034 4838 meretrici
1076 4771 1378 4859 publicae
1416 4769 1519 4835 vel
1575 4771 2024 4837 meretricibus
2068 4772 2348 4861 publicis
2393 4783 2812 4839 conversatus
2854 4775 3079 4861 fuerit,
3128 4781 3230 4846 vel
3250 4792 3319 4848 40

563 4959 587 5010 1
632 4953 712 5009 Es
762 4953 1007 5024 geschah
1056 4952 1174 5009 dies
1225 4952 1329 5007 auf
1374 4953 1473 5008 der
1515 4952 1818 5011 Riickseite
1862 4955 1962 5010 der
2010 4956 2475 5027 urspriinglichen
2523 4957 2783 5013 Matrikel
2837 4957 2945 5028 (Bl.
2994 4962 3096 5017 38¹·
3141 4962 3239 5019 des

386 5044 578 5096 ersten
611 5037 874 5108 Bandes),
907 5055 992 5093 wo
1023 5036 1160 5092 bis
1142 5055 1201 5092 m
1233 5038 1325 5093 die
1357 5037 1522 5093 Mitte
1554 5037 1654 5095 der
1687 5043 1854 5109 4oger
1884 5038 2060 5094 Jahrs
2112 5042 2196 5110 (so
2229 5039 2395 5110 lange
2427 5041 2578 5097 diese
2611 5042 2874 5098 Matrikel
2909 5045 3240 5122 ansreichte)

387 5122 537 5179 auch
589 5122 681 5178 die
730 5121 947 5179 Namen
992 5122 1092 5178 der
1143 5125 1332 5192 spiiter
1381 5121 1440 5176 in
1490 5122 1581 5177 die
1624 5123 1886 5176 Faculttit
1936 5122 2332 5178 Eintretenden
2384 5125 2498 5179 und
2551 5125 2955 5185 Schwssrenden
2998 5131 3238 5204 nachgo-

384 5213 589 5279 tragen
622 5206 762 5261 sind.
810 5205 1247 5278 vgl.Urkund1.
1284 5206 1519 5277 Quellen
1553 5205 1608 5261 S.
1643 5212 1744 5262 784
1777 5223 1831 5260 ιι.
1870 5205 1927 5261 S.
1962 5211 2078 5262 823.

560 5297 591 5348 2
627 5290 710 5345 Ist
744 5287 1068 5363 geschehen.
1105 5289 1234 5362 vgl.
1272 5282 1415 5346 oben
1455 5295 1486 5358 ς
1522 5295 1554 5347 s
1589 5289 1689 5345 der
1718 5289 1953 5345 altesten
1991 5288 2264 5347 statuum.
