4038 6358
776 633 854 694 14
1686 627 1789 679 Die
1825 626 2189 679 Reformstion
2220 640 2347 679 vom
2378 627 2546 680 Jahre
2583 631 2726 680 1446.

773 808 1165 897 praefertur,
1225 807 1525 874 habitare
1564 811 2107 898 praesumpserit,
2159 809 2268 875 ille
2322 832 2445 897 pro
2486 807 2775 895 quolibet
2811 828 3038 874 mense
3078 807 3316 874 rectori
3352 805 3640 871 univer·

773 910 983 974 sitatis
1027 908 1311 974 medium
1352 908 1417 974 fl.
1459 930 1795 976 renensem
1836 909 2089 976 solvere
2127 918 2444 975 teneatur.

933 1009 1095 1074 Item
1120 1008 1418 1073 volumus
1463 1018 1527 1073 et
1558 1011 1914 1092 statuimus,
1958 1008 2133 1095 quod
2169 1010 2464 1095 magistri
2499 1017 2611 1072 aut
2642 1006 2939 1073 doctores
2974 1005 3378 1073 diversarum
3410 1001 3642 1070 facul-

768 1117 973 1173 tatum
1018 1107 1356 1192 sallariati,
1396 1109 1464 1173 in
1503 1130 1633 1172 una
1679 1117 1742 1173 et
1783 1110 1852 1172 in
1894 1106 2027 1172 alia
2063 1131 2194 1174 non
2235 1107 2626 1191 laborantes,
2671 1105 3099 1173 emolumenta
3135 1103 3330 1187 illius,
3371 1106 3443 1168 in
3491 1123 3643 1188 qua

716 1218 749 1273 5
768 1226 899 1274 non
937 1207 1273 1291 laborant,
1333 1206 1572 1273 habere
1609 1229 1742 1273 non
1783 1206 2041 1273 debent.
2123 1205 2376 1294 Regula
2427 1208 2599 1272 enim
2650 1205 3011 1294 apostoliea
3065 1206 3161 1271 sic
3203 1204 3639 1283 determinat,

768 1307 942 1393 quod
982 1329 1114 1373 non
1152 1306 1458 1372 laborans
1504 1328 1632 1371 non
1675 1305 1868 1371 debet
1902 1306 2319 1372 manducare.
2402 1305 2493 1372 Et
2531 1307 2688 1392 quia
2723 1305 3041 1371 beneficia
3070 1304 3307 1371 dantur
3341 1312 3641 1392 propter

767 1406 982 1473 officia
1025 1416 1089 1472 et
1139 1428 1386 1471 merces
1427 1404 1671 1471 laboris
1717 1405 2200 1494 compensanda
2247 1416 2348 1471 est
2357 1455 2386 1489 ,
2435 1405 2584 1473 ideo
2641 1407 2981 1471 statuimus
3039 1416 3104 1471 et
3153 1405 3634 1493 praecipimus,

767 1505 940 1593 quod
983 1528 1203 1572 omnes
1245 1506 1543 1592 magistri
1596 1514 1662 1569 et
1714 1504 2012 1572 doctores
2073 1505 2388 1572 sallariati
2431 1504 2620 1571 huius
2659 1506 3124 1589 universitatis,
3169 1505 3632 1589 cuiuscunque

767 1607 896 1670 sint
939 1605 1336 1671 condicionis
1353 1654 1371 1688 ,
1432 1614 1635 1670 status
1674 1614 1788 1670 aut
1827 1605 2102 1692 gradus,
2165 1603 2647 1673 valitudinariis
2699 1618 2764 1672 et
2815 1606 3088 1671 infirmis
3131 1603 3457 1669 duntaxat
3505 1624 3631 1666 ex-

683 1716 749 1772 10
769 1708 992 1794 ceptis,
1034 1706 1105 1770 in
1149 1707 1280 1770 suis
1320 1702 1733 1769 facultatibus
1759 1703 2065 1771 laborare
2104 1704 2358 1770 debent.
2444 1704 2636 1786 Quod
2672 1707 2730 1771 si
2759 1707 2903 1793 quis
2936 1712 3297 1786 recusaret,
3341 1702 3630 1768 sallario

764 1827 878 1871 suo
934 1828 1053 1893 pro
1104 1815 1397 1892 tempore
1444 1802 1878 1889 negligentiae
1931 1827 2088 1870 suae
2142 1804 2576 1891 computando
2626 1827 2849 1871 carere
2902 1814 2966 1869 et
3017 1803 3178 1869 illud
3231 1801 3318 1868 ad
3379 1801 3626 1867 fiscum

761 1905 1087 1971 facultatis
1131 1913 1244 1969 aut
1289 1902 1545 1989 collegii
1586 1925 1708 1990 pro
1751 1902 2198 1969 communibus
2240 1904 2464 1969 usibus
2508 1904 2702 1970 debet
2743 1904 3085 1992 applicari.

925 2005 1197 2092 Insuper
1229 2001 1545 2085 volumus,
1587 2001 1760 2088 quod
1800 2023 2021 2067 omnes
2054 2002 2382 2091 collegiati
2414 2026 2936 2090 quorumcunque
2961 2001 3399 2089 collegiorum,
3443 1999 3625 2066 inibi

760 2103 1116 2170 residentes
1140 2106 1157 2146 ¹
1180 2151 1198 2187 ,
1254 2100 1440 2166 simul
1498 2099 1734 2166 debent
1778 2123 1920 2166 esse
1961 2103 2031 2167 in
2071 2126 2298 2169 mensa
2335 2106 2689 2186 communi,
2751 2112 2946 2191 prout
2983 2100 3110 2167 hoc
3154 2101 3360 2165 eciam
3403 2110 3622 2193 statu-

683 2215 745 2268 15
764 2205 849 2269 tis
889 2204 1171 2288 antiquis
1217 2208 1473 2267 cautum
1515 2210 1645 2283 est,
1704 2211 1769 2266 et
1813 2200 1896 2266 ab
1937 2201 2051 2266 ina
2094 2202 2306 2268 nullus
2360 2205 2486 2268 nisi
2532 2202 2886 2271 debilitatis
2933 2210 3045 2266 aut
3085 2198 3352 2266 alterius
3393 2202 3620 2265 iustae

758 2313 823 2368 et
861 2301 1279 2368 racionabilis
1318 2301 1772 2387 occupacionis
1817 2324 1931 2366 seu
1956 2302 2401 2389 impedimenti
2442 2326 2661 2387 causa,
2704 2303 2786 2369 de
2827 2323 2957 2389 qua
2993 2300 3252 2366 notoria
3283 2299 3616 2365 certitudo

757 2412 874 2486 est,
918 2426 988 2467 se
1031 2400 1409 2468 abstrahere
1452 2398 1663 2465 debet.
1748 2398 1943 2479 Quod
1986 2403 2042 2465 si
2079 2402 2342 2486 faceret,
2385 2412 2540 2468 tunc
2581 2426 2702 2491 pro
2746 2404 2876 2469 ista
2917 2403 3062 2467 vice
3102 2401 3174 2465 in
3215 2398 3393 2481 cibo,
3441 2407 3616 2486 potu

754 2501 860 2567 vel
902 2503 1106 2567 eciam
1163 2501 1440 2589 pecunia
1480 2499 1703 2585 porcio
1747 2496 1925 2564 nulla
1964 2498 2255 2567 debetur.
2340 2503 2431 2568 Et
2460 2525 2606 2568 cum
2644 2502 2730 2568 ad
2764 2522 3055 2568 mensam
3098 2522 3170 2565 se
3219 2498 3613 2580 locaverint,

753 2601 1095 2667 lectionem
1135 2600 1435 2682 habeant,
1478 2607 1550 2663 ut
1590 2619 1722 2663 non
1750 2597 1958 2663 solum
1998 2599 2219 2666 fauces
2259 2612 2515 2667 sumant
2554 2601 2787 2685 cibum,
2822 2601 2939 2667 sed
2980 2611 3044 2666 et
3085 2621 3276 2666 aures
3312 2600 3612 2663 esuriant

669 2708 739 2767 20
758 2700 862 2766 dei
914 2700 1205 2766 verbum.
1288 2699 1598 2764 Lectione
1655 2719 1811 2764 vero
1868 2700 2217 2787 completa,
2275 2702 2547 2768 honesta
2608 2700 2931 2787 colloquia
2980 2699 3264 2766 habeant
3311 2720 3434 2763 nec
3486 2697 3603 2762 de-

752 2798 1177 2865 tractionibus
1222 2807 1334 2863 aut
1386 2799 1551 2862 rixis
1601 2796 2001 2863 inhaereant.
2088 2799 2159 2866 Si
2203 2803 2347 2887 quis
2401 2811 2614 2867 autem
2666 2803 2734 2867 in
2783 2822 3009 2867 mensa
3059 2801 3276 2865 rixam
3329 2795 3608 2862 auderet

755 2922 1017 2966 movere
1037 2949 1054 2982 ,
1106 2897 1216 2964 ille
1274 2901 1418 2986 ipso
1462 2898 1635 2962 facto
1688 2918 1966 2983 poenam
2011 2896 2233 2963 decem
2291 2922 2670 2985 grossorum
2713 2922 3028 2968 novorum
3068 2907 3343 2980 mereat,
3410 2918 3602 2982 quos,

752 3009 1095 3084 antequam
1138 2997 1435 3063 decetero
1476 2997 1687 3083 portio
1731 2995 1855 3061 sibi
1899 2996 2105 3079 detur,
2137 2997 2389 3063 solvere
2432 2998 2625 3066 debet
2663 3001 3037 3088 praeposito
3070 2997 3324 3083 collegii
3366 2997 3601 3082 ipsius.

914 3097 1356 3164 Exhortamur
1399 3097 1622 3179 eciam,
1667 3095 1841 3182 quod
1873 3095 2201 3183 collegiati
2241 3107 2337 3164 tot
2369 3098 2741 3165 domicellos
2785 3122 3022 3184 secum,
3067 3099 3350 3164 maxime
3377 3093 3600 3182 quoad

670 3207 738 3267 25
760 3199 1144 3266 divisionem
1185 3195 1599 3285 praebendae
1643 3218 1826 3278 suae,
1882 3215 2013 3261 non
2067 3196 2380 3282 habeant,
2439 3199 2555 3264 sed
2594 3222 2792 3265 unum
2832 3198 3141 3266 famulum
3183 3220 3303 3285 pro
3346 3218 3597 3278 mensa,

753 3309 824 3364 ut
865 3301 958 3366 sic
999 3308 1149 3386 post
1192 3319 1412 3363 eorum
1466 3304 1531 3359 et
1565 3294 1954 3360 famulorum
2007 3297 2422 3363 refectionem
2470 3299 2864 3386 superfluum
2918 3295 3315 3386 pauperibus
3372 3294 3596 3360 distri·

748 3397 1000 3464 bnatur.
1084 3395 1312 3463 Fidele
1375 3394 1545 3459 enim
1599 3395 2037 3460 testimonium
2106 3405 2169 3461 et
2229 3419 2436 3463 verax
2505 3409 2603 3463 est
2671 3420 2919 3486 organo
2986 3396 3348 3462 dominicae
3405 3395 3594 3460 vocis

750 3499 1084 3563 emissum·
1126 3495 1320 3580 „date
1364 3493 1816 3560 elemosinam“
1859 3503 1951 3560 et.
1999 3494 2191 3611 ,3date
2237 3507 2301 3562 et
2345 3496 2604 3562 dabitur
2643 3498 2852 3563 vobis.
2855 3497 2894 3531 “

911 3597 1074 3663 Item
1128 3595 1303 3681 quod
1358 3616 1578 3659 omnes
1632 3591 1959 3680 collegiati
2009 3596 2078 3660 in
2133 3598 2265 3661 suis
2319 3595 2755 3714 collegiaturis
2818 3593 3246 3683 personaliter
3300 3593 3591 3659 residere

664 3703 734 3762 ³0
752 3694 1018 3778 debent,
1078 3713 1154 3760 eo
1200 3693 1382 3760 salvo
1424 3690 1599 3778 quod
1653 3691 1734 3756 de
1774 3692 2047 3758 medicis
2102 3695 2170 3760 in
2212 3694 2342 3760 alia
2394 3697 2599 3783 priori
2649 3696 3117 3762 reformacione
3169 3703 3424 3759 cautum
3468 3702 3588 3758 est.

751 3796 822 3862 Si
875 3797 1018 3882 quis
1076 3803 1288 3860 autem
1340 3811 1561 3858 eorum
1616 3790 1702 3855 ad
1763 3799 2015 3879 tempus
2087 3816 2170 3859 ex
2221 3794 2592 3860 rationabili
2659 3817 2774 3861 seu
2830 3792 3191 3860 inevitabili
3248 3814 3445 3858 causa
3501 3791 3588 3858 de

747 3895 1018 3961 licencia
1060 3915 1321 3960 suorum
1375 3890 1861 3976 collegiatorum
1891 3892 1916 3934 ²
1967 3914 2039 3956 se
2095 3892 2493 3976 absentaret,
2548 3894 2722 3980 quod
2779 3892 2908 3959 sibi
2966 3894 3062 3957 sic
3115 3901 3179 3957 et
3225 3915 3356 3958 non
3397 3892 3588 3958 aliter

748 3995 998 4078 licebit,
1055 4004 1208 4059 tunc
1244 3994 1488 4058 fructus
1535 4000 1598 4055 et
1651 4001 2032 4077 proventus,
2089 3995 2198 4077 qui
2239 3992 2365 4058 sibi
2421 3992 2765 4076 debentur,
2817 4015 2933 4081 per
2976 3994 3418 4079 praepositum
3461 4013 3584 4080 pro

748 4103 1038 4184 tempore
1091 4095 1472 4158 existentem
1527 4088 1613 4155 ad
1651 4089 1876 4155 fiscum
1930 4089 2186 4177 collegii
2241 4115 2360 4180 pro
2420 4094 2911 4158 conservatione
2966 4101 3434 4158 structurarum
3470 4102 3585 4157 aut

663 4201 731 4258 35
751 4192 896 4258 aliis
935 4192 1141 4280 ipsius
1176 4188 1671 4257 necessitatibus
1714 4188 1981 4256 recondi
2025 4189 2282 4257 debent.
2367 4191 2438 4257 Si
2480 4213 2637 4257 vero
2665 4191 2857 4279 longe
2897 4192 3181 4256 maxime
3219 4191 3305 4256 ad
3340 4213 3582 4256 annum

747 4292 1006 4358 abesset
1050 4314 1164 4356 seu
1209 4290 1294 4356 ad
1336 4289 1514 4354 aliud
1556 4288 1837 4354 officium
1869 4299 2323 4374 assumeretur,
2369 4300 2606 4356 extunc
2629 4289 2772 4356 fieri
2800 4290 2994 4358 debet
3016 4290 3367 4357 secundum
3405 4290 3581 4376 quod

745 4393 813 4457 in
858 4392 990 4458 alia
1030 4400 1256 4457 nostra
1295 4390 1755 4455 reformatione
1796 4388 1877 4453 de
1918 4386 2044 4453 hoc
2080 4397 2180 4453 est
2219 4389 2607 4454 ordinatum.

908 4492 1073 4558 Item
1114 4489 1287 4578 quod
1328 4488 1524 4555 iidem
1576 4486 1902 4573 collegiati
1938 4497 2003 4552 et
2042 4489 2401 4575 quicunque
2443 4486 2556 4553 alii
2599 4488 2916 4555 sallariati
2929 4538 2948 4573 ,
2991 4487 3296 4575 collegia,
3351 4488 3578 4556 domos

746 4600 857 4658 aut
896 4592 1129 4658 bursas
1174 4611 1295 4679 pro
1340 4590 1474 4654 suis
1516 4587 1746 4656 officiis
1790 4585 2136 4674 deputatas
2178 4585 2521 4671 habentes,
2563 4587 2906 4675 diligenter
2949 4588 3037 4654 ad
3079 4587 3203 4654 hoc
3241 4588 3579 4655 intendere

659 4701 729 4759 to
748 4691 984 4758 debent
1026 4699 1091 4756 et
1131 4689 1405 4772 efficere,
1446 4696 1520 4753 ut
1559 4688 1628 4751 in
1672 4707 1813 4751 esse
1855 4695 1920 4751 et
1964 4694 2287 4751 structura
2329 4685 2548 4753 debita
2569 4698 3057 4771 conserventur,
3095 4711 3178 4754 ne
3215 4710 3336 4776 per
3374 4687 3575 4775 negli-

744 4793 1040 4879 genciam
1089 4787 1368 4855 finaliter
1422 4796 1683 4854 ruerent
1735 4796 1801 4851 et
1857 4784 2094 4852 exinde
2158 4787 2567 4854 universitati
2620 4810 2826 4875 grave
2882 4787 3336 4854 detrimentum
3384 4810 3573 4876 gene-

738 4899 1015 4956 raretur.

904 4988 1181 5070 Rursus,
1231 4990 1383 5074 quia
1422 4986 1738 5074 probatae
1794 4985 2152 5052 affectionis
2201 4988 2409 5053 virtus
2463 4990 3043 5054 remunerationem
3097 4995 3378 5052 meretur
3423 5009 3572 5054 con-

740 5090 1039 5175 dignam,
1090 5086 1417 5169 volumus,
1472 5086 1874 5173 disponimus
1915 5095 1981 5150 et
2023 5086 2430 5168 ordinamus,
2484 5096 2556 5151 ut
2596 5089 2903 5173 quociens
2946 5086 3230 5173 aliquam
3272 5088 3339 5151 in
3384 5085 3570 5153 colle-

880 5307 902 5357 1
938 5299 1311 5360 Geschrieben
1342 5300 1489 5357 steht
1519 5302 1892 5359 residos-cam
1960 5305 1991 5357 2
2027 5298 2323 5359 Vielleicht
2354 5300 2704 5371 coaequo-um.
