4038 6358
1388 663 1488 714 Die
1527 663 1766 717 Sntnten
1800 676 1924 715 vom
1958 664 2124 716 sahi-e
2162 661 2306 715 1543.
3137 659 3262 725 607

431 847 496 906 in
554 846 714 907 disse
771 847 1118 924 Sammluuy
1174 850 1602 922 ausztmehmen
1620 895 1636 922 ,
1712 852 1793 909 da
1848 850 1957 908 der
2000 824 2355 924 betreffeude
2400 847 2586 905 Band
2624 845 2734 904 seit
2775 846 3003 923 einiqen
3032 846 3267 904 Jahn-en

433 947 710 1005 ver-miset
748 948 922 1009 wird.
994 948 1100 1005 1012
1143 966 1302 1005 muse
1343 948 1493 1008 mich
1531 951 1721 1007 daher
1761 950 2060 1025 beynaqen
2089 967 2161 1006 zu
2183 946 2504 1004 verweisen
2546 950 2669 1020 aus
2698 945 2985 1005 Urkundl.
3014 946 3263 1012 Quellen

435 1044 495 1106 S.
518 1047 660 1124 885,
705 1048 811 1106 IV
846 1048 922 1118 B,
963 1067 1054 1104 wo
1096 1049 1442 1124 anqedeutet
1482 1050 1654 1122 mirei,
1698 1050 1842 1108 dass
1884 1049 1994 1107 der
2038 1047 2243 1105 Inhalt
2287 1044 2599 1103 besouders
2640 1044 3028 1103 interes-sante
3050 1044 3253 1103 Blicke

436 1145 501 1202 in
540 1148 653 1204 das
697 1147 891 1205 Leben
935 1148 1042 1205 der
1082 1147 1369 1205 Facultd't
1412 1148 1704 1223 yewa‘lzre.

1206 1664 1254 1716 4.
1296 1664 1418 1716 DIE
1455 1663 1832 1717 STATUTEN
1875 1662 2030 1714 VOM
2066 1663 2296 1714 JAHRE
2336 1661 2505 1713 1543.¹
3322 1671 3355 1725 5

548 1808 670 1895 [Bl.
710 1816 803 1889 1⁸]
851 1827 1166 1877 surum
1211 1829 1622 1878 nmmcomm
1666 1829 2121 1894 mpsmnsmm,
2161 1829 2249 1875 AB
2294 1826 2815 1876 ILLUSTRISSIMO
2858 1826 3174 1879 ancn’E

701 1926 1057 1993 mum'rm,
1099 1928 1443 1979 sAxomAn
1490 1929 1696 1995 Duce,
1733 1928 2200 1991 communium,
2243 1925 2473 1975 Anc'rA
2512 1926 3017 1988 conssac'rAQun

1395 2028 1580 2076 mo
1627 2028 1878 2076 nomm
1919 2029 1987 2077 11.
2032 2030 2099 2075 D.
2139 2026 2328 2075 κιαι.

1027 2156 1273 2248 [ΒΙ.2·]
1321 2178 1414 2225 me
1458 2178 1738 2229 onemo
1783 2179 1872 2243 m.
1918 2177 2213 2226 ormcns
2250 2177 2699 2233 mcum-Aris.

1445 2282 1658 2345 Caput
1691 2282 1735 2330 1.
1773 2280 1918 2345 (Vgl.
1955 2284 2003 2332 a.
2042 2280 2169 2331 Stat.
2209 2278 2282 2343 1.)
3296 2288 3359 2343 10

617 2390 927 2457 Facultas
971 2390 1227 2457 medica
1269 2392 1509 2458 habere
1551 2393 1742 2460 debet
1784 2394 2121 2476 decanum,
2163 2396 2273 2482 qui
2309 2394 2523 2458 senior
2569 2395 2672 2476 sit,
2715 2396 2784 2459 in
2825 2394 2983 2459 bac²
3025 2398 3276 2461 univer-

453 2491 646 2556 sitate
689 2502 1021 2578 promotus
1074 2505 1186 2557 aut
1229 2492 1607 2580 adsumptus
1667 2493 1752 2559 ad
1805 2493 2177 2559 facultatem
2236 2492 2554 2558 medicam
2575 2493 2601 2534 ³
2643 2493 2927 2567 eiusdem
2969 2497 3278 2560 universi-

446 2592 621 2657 tatis.
711 2589 838 2671 Qui
893 2592 950 2655 si
1003 2592 1071 2655 in
1130 2593 1535 2678 possessione
1588 2614 1704 2658 sex
1765 2595 2079 2658 mensium
2136 2593 2329 2657 fuerit
2378 2604 2442 2657 et
2491 2596 2946 2678 permanserit,
2999 2605 3062 2659 et
3119 2594 3280 2660 alter

454 2690 813 2756 medicinae
875 2688 1099 2755 doctor
1143 2693 1334 2755 etiam
1355 2741 1371 2774 ,
1429 2714 1502 2758 eo
1550 2694 1782 2774 senior,
1823 2692 1994 2765 infra
2054 2691 2177 2756 hoc
2240 2702 2491 2779 tempus
2549 2716 2677 2759 non
2730 2692 3099 2778 advenerit,
3157 2717 3282 2782 quo

453 2813 661 2879 usque
705 2787 1327 2876 voluerit·(caeteris
1369 2789 1668 2879 paribus)
1722 2790 2129 2877 permanebit
2166 2793 2234 2857 in
2277 2813 2395 2855 sua
2432 2794 2868 2878 possessione,
2909 2794 3034 2857 nisi
3079 2791 3363 2885 domi-15

457 2889 673 2955 cilium
718 2887 802 2953 ab
857 2888 982 2954 bac
1025 2890 1449 2955 universitate
1491 2888 1577 2954 ad
1619 2890 1817 2956 alium
1867 2889 2079 2955 locum
2122 2888 2540 2955 transtulerit.
3031 2973 3037 2981 .

623 2989 930 3053 Decanus
985 2991 1178 3053 etiam
1220 2991 1287 3053 in
1333 2989 1455 3054 hac
1511 2989 1819 3055 facultate
1873 2989 2146 3075 singulis
2190 2992 2407 3071 annis,
2468 2991 2635 3054 sicut
2699 2989 2874 3076 apud
2931 2988 3284 3077 theologos,

457 3099 755 3172 mutetur,
812 3088 906 3153 ita
949 3098 1020 3153 ut
1062 3088 1412 3154 decanatus
1470 3112 1586 3176 per
1643 3110 1864 3155 omnes
1906 3088 2202 3153 doctores
2221 3138 2238 3171 ,
2283 3090 2391 3174 qui
2448 3086 2707 3174 publice
2758 3090 3163 3176 profitentur,
3220 3092 3287 3155 in

462 3188 576 3253 illa
617 3187 920 3254 facultate
961 3188 1253 3255 ducatur.

1655 3323 1857 3372 DISPU
1864 3322 2095 3372 TATIO.
3302 3316 3372 3373 20

1714 3426 1758 3475 O
1768 3440 1802 3474 8
1812 3440 1847 3489 p
1859 3441 1892 3474 u
1905 3435 1926 3480 t
1970 3425 2040 3475 11.

625 3538 973 3605 Decretum
1019 3546 1135 3620 est,
1177 3547 1247 3602 ut
1285 3540 1570 3603 8111111884
1613 3547 1886 3624 quatuor
1929 3538 2398 3624 disputationes
2428 3537 2719 3602 medicae
2736 3527 3163 3604 'instituantur
3199 3539 3285 3604 ad

462 3641 691 3705 minus.
774 3637 1029 3703 Licebit
1070 3648 1303 3718 tamen,
1349 3639 1406 3701 si
1453 3637 1763 3722 temporis
1809 3636 2094 3702 conditio
2136 3635 2580 3724 postulaverit,
2624 3637 2845 3725 plures
2883 3640 3287 3706 constituere.

465 3740 555 3803 At
596 3761 739 3804 cum
783 3739 1124 3824 operarius
1168 3736 1401 3821 dignus
1446 3737 1531 3801 sit
1588 3734 1885 3800 mercede
1940 3758 2060 3800 sua
2075 3785 2093 3819 ,
2156 3738 2444 3822 sequenti
2500 3739 2752 3802 ratione
2810 3736 3291 3823 disputantibus

469 3838 760 3923 praemia
801 3846 1263 3924 proponantur.
1335 3835 1618 3906 „Doctori
1660 3834 1910 3900 medico
1927 3883 1946 3917 ,
1984 3834 2412 3922 disputationi
2464 3834 2888 3924 praesidenti,
2931 3848 3064 3902 tres
3108 3841 3290 3905 mirei
3309 3849 3374 3906 25

470 3959 587 4023 pro
633 3935 844 4002 officio
893 3936 1060 4002 dono
1106 3936 1355 4018 dentur,
1399 3934 1816 4023 respondenti
1859 3934 2139 4022 quinque
2178 3936 2412 4022 grossi,
2455 3934 2579 4000 hac
2614 3934 2758 4022 lege
2799 3945 2871 4001 ut
2911 3938 3294 4023 impressam

468 4059 512 4100 a
551 4034 1029 4122 chalcographo
1072 4037 1505 4124 quaestionem
1552 4056 1695 4098 cum
1737 4032 2058 4099 conclusis
2101 4034 2382 4099 redimat
2418 4073 2500 4081 -
2542 4033 2665 4099 hoc
2722 4045 2938 4100 autem
2985 4038 3127 4123 ipse
3170 4038 3295 4112 sibi

466 4137 825 4224 praemium
855 4136 1115 4222 accipit,
1160 4138 1266 4222 qui
1299 4135 1597 4200 laborum
1634 4142 1885 4220 partem
1922 4155 2043 4219 pro
2087 4156 2204 4198 sua
2245 4135 2654 4199 coronatione
2702 4133 2923 4221 explet
2941 4172 3042 4219 —,
3089 4138 3293 4202 cuivis

466 4235 716 4300 doctori
761 4234 1012 4299 medico
1055 4234 1410 4321 disputanti
1452 4256 1572 4321 pro
1612 4254 1876 4298 munere
1919 4235 2196 4320 quinque
2238 4236 2480 4320 grossi,
2523 4232 2848 4300 licentiato
2891 4245 3023 4300 tres
3064 4239 3295 4322 grossi,

467 4334 739 4423 singulis
782 4333 1184 4400 scholasticis
1230 4356 1314 4399 ex
1370 4333 1523 4398 sede
1582 4332 2049 4420 disputantium
2099 4332 2520 4420 arguentibus
2575 4354 2841 4418 grossus
2895 4333 3294 4421 tribuantur3
3313 4346 3382 4402 30

466 4436 548 4500 iis
591 4456 768 4517 vero,
810 4435 920 4520 qui
963 4435 1032 4497 in
1073 4431 1226 4497 sede
1269 4431 1739 4518 disputantium
1778 4455 1908 4498 non
1949 4432 2256 4516 assident,
2300 4429 2460 4496 nihil
2505 4431 2672 4497 dono
2717 4430 2924 4498 detur.

635 4532 830 4615 Quod
890 4555 1046 4597 vero
1110 4529 1196 4596 ad
1252 4529 1540 4618 hospites
1607 4533 1887 4618 pertinet
1904 4581 1924 4614 ,
2005 4542 2218 4598 rector
2290 4532 2614 4619 gymnasii
2688 4530 3026 4619 disputans
3102 4534 3294 4622 pleno

469 4634 754 4701 doctoris
810 4653 1107 4714 munere,
1169 4629 1414 4697 scilicet
1465 4631 1746 4719 quinque
1798 4632 2082 4717 grossis,
2143 4630 2426 4698 decanus
2479 4632 2714 4697 artium
2779 4632 2986 4699 tribus
3047 4636 3294 4721 grossis

470 4731 807 4799 donandus
860 4742 975 4798 est.

645 4954 663 5004 1
707 4949 793 5004 Im
827 4947 1080 5019 Original
1112 4949 1372 5006 erhalten.
1402 4949 1551 5022 'vgt
1575 4946 1847 5010 Urkundl.
1873 4947 2103 5014 Quellen
2124 4946 2179 5004 S.
2203 4953 2316 5005 883.
2371 4950 2538 5006 Meist
2569 4951 2779 5005 stimmt
2812 4951 2963 5009 dioee
2994 4950 3300 5010 Redaction

473 5032 721 5088 wortlieh
757 5032 982 5089 iiberein
1015 5033 1119 5088 mit
1153 5033 1253 5090 der
1286 5051 1396 5089 von
1435 5038 1562 5090 1503
1579 5074 1594 5103 ,
1638 5032 1813 5088 daher
1846 5031 1937 5088 ich
1982 5031 2089 5087 auf
2112 5032 2203 5087 die
2236 5032 2634 5107 Parsgrapben
2680 5035 2780 5090 der
2827 5036 3088 5094 letzteren
3124 5038 3299 5095 durch

472 5116 635 5188 „VgL
672 5121 721 5172 ii.
757 5116 929 5173 Stat.“
967 5118 1262 5174 verwiesen
1296 5117 1456 5175 habe.
2040 5119 2045 5126 ’

642 5207 672 5258 2
709 5200 1048 5273 Anfiinglich
1086 5220 1199 5257 war
1229 5202 1583 5273 gescbrieben
1617 5201 1738 5261 illa.

643 5291 673 5340 3
711 5286 972 5340 medicam
1005 5287 1078 5340 ist
1108 5286 1533 5362 nachgetragen.

649 5376 683 5428 4
719 5369 882 5424 Etwa
913 5372 1130 5424 annue?
