4038 6358
873 689 994 752 230
2000 683 2113 732 Das
2147 681 2324 732 kleine
2359 681 2571 745 Colleg.

871 879 991 952 tes,
1044 876 1412 955 respectum
1467 877 1532 932 et
1586 865 2167 931 considerationem
2223 885 2371 928 suos
2431 863 2516 927 ad
2575 881 2921 950 personam
2975 863 3236 949 ingenio
3287 863 3689 949 praeclaram,

876 970 1369 1035 conversatione
1410 965 1836 1048 tractabilem,
1878 962 2169 1029 moribus
2210 972 2275 1028 et
2310 964 2449 1028 vita
2491 960 3089 1045 commendabilem,
3126 960 3495 1046 studiosam,
3532 966 3689 1051 paci-

872 1068 1063 1133 ficam
1139 1078 1203 1132 et
1276 1067 1561 1134 sobriam
1629 1088 1708 1131 ac
1766 1062 2164 1151 reipublicae
2221 1072 2356 1128 tam
2414 1062 2858 1128 universitatis
2925 1084 3118 1149 quam
3181 1061 3439 1148 collegii
3493 1062 3690 1128 utilem

872 1167 1156 1233 habeant
1196 1176 1262 1232 et
1304 1167 1618 1252 dirigant,
1670 1175 1743 1230 ut
1792 1166 1887 1229 sic
1939 1185 2023 1228 ex
2075 1160 2498 1228 laudabilium
2558 1184 2639 1227 ac
2689 1160 3233 1227 benemeritarum
3290 1185 3688 1249 personarum

790 1276 822 1329 5
875 1268 1279 1354 promotione
1338 1267 1545 1331 honor
1595 1263 1830 1329 nedum
1884 1264 2296 1327 universitati
2352 1284 2578 1327 verum
2635 1263 2833 1326 etiam
2894 1259 3125 1346 gloria,
3183 1260 3400 1344 decus,
3458 1260 3588 1328 laus
3633 1274 3690 1327 et

874 1369 1342 1432 incrementum
1383 1367 1513 1452 ipsi
1555 1363 1825 1449 collegio
1869 1371 2270 1449 procuretur.
2314 1360 2403 1425 Et
2444 1360 2531 1427 ad
2568 1360 2721 1426 talis
2755 1382 3072 1447 personae
3104 1359 3479 1426 electionem
3515 1359 3690 1427 libere

877 1475 941 1531 et
984 1469 1122 1531 sine
1164 1464 1620 1554 impedimento
1662 1465 1849 1529 iuxta
1888 1484 2130 1527 novam
2166 1461 2482 1548 principis
2523 1460 3080 1546 reformationem¹
3119 1459 3495 1547 procedant.

928 1657 988 1717 3.
1034 1645 1157 1737 [Bl.
1197 1645 1300 1735 2²]
1344 1666 1437 1713 ns
1479 1664 1953 1713 HAmTA‘rmNE
1996 1661 2168 1710 Novl
2210 1661 2632 1711 commun
2673 1662 2902 1710 οΕΒΤο
2947 1662 3272 1712 TEMPORE
3311 1662 3649 1711 mmmm

1826 1764 1916 1809 ET
1959 1761 2147 1810 Loco
2189 1763 2260 1809 El
2303 1761 2756 1810 assmnmo.

796 1891 860 1946 10
1043 1879 1335 1962 Quilibet
1379 1888 1749 1966 assumptus
1798 1879 1867 1943 in
1914 1876 2324 1967 collegiatum
2364 1876 2555 1942 huius
2598 1877 2859 1964 collegii
2898 1886 3151 1943 tenetur
3204 1886 3268 1942 et
3321 1875 3515 1942 debet
3553 1877 3702 1941 infra

874 2000 1161 2045 mensem
1206 2003 1246 2044 a
1289 1988 1579 2065 tempore
1632 2001 1788 2043 suae
1832 1978 2294 2063 assumptionis
2337 1977 2584 2042 intrare
2626 1977 2713 2041 ad
2755 1975 2971 2042 locum
3012 2000 3096 2041 ex
3139 1977 3402 2063 optione
3445 1978 3505 2041 ei
3546 1975 3700 2041 debi-

878 2091 1011 2144 tum
1050 2080 1155 2143 vel
1211 2078 1677 2144 habitationem
1718 2079 1775 2142 ei
1822 2099 1940 2163 per
1982 2075 2326 2161 collegium
2377 2075 2859 2161 assignandam,
2922 2075 3042 2142 sub
3085 2099 3296 2163 poena
3342 2077 3703 2163 privationis

875 2179 1355 2264 collegiaturae,
1400 2179 1526 2241 nisi
1569 2199 1688 2264 per
1713 2176 2055 2262 collegium
2098 2197 2243 2239 eum
2285 2174 2401 2239 tali
2445 2197 2528 2239 ex
2571 2174 2946 2241 rationabili
2989 2197 3189 2241 causa
3229 2177 3428 2240 fuerit
3469 2174 3702 2261 dispen-

874 2289 1114 2360 satum,
1177 2277 1495 2365 debetque
1546 2275 1697 2340 talis
1751 2277 1819 2340 in
1865 2273 2436 2340 convocationibus
2491 2284 2555 2339 et
2607 2273 2905 2361 prandiis
2961 2273 3217 2361 collegii
3267 2273 3528 2339 ultimus
3578 2297 3704 2340 esse

792 2388 852 2445 15
872 2389 934 2444 et
974 2378 1220 2443 haberi.
2445 2385 2448 2388 ’

1329 2534 1387 2593 4.
1442 2544 1536 2590 DE
1583 2541 2154 2591 CONTRIBUTIONE
2202 2541 2330 2590 SEU
2373 2541 2684 2590 DATIONE
2728 2542 2866 2590 PRO
2914 2541 3270 2592 STATUTIS.

1032 2659 1275 2742 Placet,
1320 2658 1494 2744 quod
1533 2657 1803 2744 quilibet
1839 2659 2303 2743 magistrorum
2327 2657 2407 2721 de
2449 2680 2620 2723 novo
2664 2656 2751 2722 ad
2795 2657 3136 2744 collegium
3178 2664 3550 2745 assumptus
3590 2656 3700 2721 sol-

871 2769 985 2824 vat
1028 2759 1200 2823 infra
1241 2780 1528 2823 mensem
1576 2781 1692 2823 suo
1737 2758 2132 2822 antecessori
2175 2755 2279 2821 vel
2320 2757 2421 2821 sui
2465 2756 2989 2844 praedecessoris
3024 2756 3417 2822 haeredibus
3442 2766 3553 2821 aut
3583 2757 3702 2821 suis

871 2858 1374 2924 testamentariis
1416 2858 1649 2943 viginti
1695 2856 1855 2921 duos
1896 2856 2175 2922 florenos
2219 2856 2290 2920 in
2330 2878 2508 2938 auro,
2569 2855 2688 2921 sub
2747 2878 2956 2944 poena
3010 2857 3397 2944 privationis
3450 2854 3703 2942 collegii,

790 2970 857 3025 20
878 2981 1037 3044 quos
1080 2957 1361 3023 florenos
1403 2956 1573 3021 idem
1615 2958 1680 3019 in
1725 2957 1905 3020 exitu
1948 2978 2062 3020 suo
2106 2955 2211 3020 vel
2267 2977 2342 3021 eo
2400 2955 2698 3020 defuncto
2761 2957 2860 3021 sui
2907 2955 3220 3022 haeredes
3264 2979 3305 3021 a
3350 2977 3704 3021 successore

876 3080 991 3123 suo
1035 3055 1378 3122 rehabebit
1420 3065 1532 3120 aut
1572 3053 1992 3121 rehabebunt.
2078 3056 2240 3119 Item
2287 3054 2453 3119 duas
2509 3056 2808 3142 antiquas
2857 3078 3217 3141 sexagenas
3268 3078 3391 3142 pro
3451 3055 3707 3142 pecunia

875 3155 1205 3222 cellarium
1251 3153 1507 3241 collegii
1562 3164 1987 3222 concernente
2042 3152 2428 3238 contribuat,
2482 3155 2539 3220 si
2592 3154 2819 3221 saltem
2873 3155 3038 3221 lueri
3092 3153 3174 3220 de
3216 3156 3535 3221 cerevisia
3574 3176 3704 3242 pro-

873 3258 1193 3322 venientis
1238 3256 1569 3343 particeps
1614 3277 1758 3320 esse
1797 3254 2118 3321 voluerit.⁴
2139 3254 2302 3319 Item
2348 3255 2698 3342 pincernae
2743 3255 2999 3341 collegii
3040 3266 3331 3342 tempore
3369 3252 3707 3322 vocationis

878 3378 1032 3420 suae
1081 3355 1267 3421 dabit
1320 3378 1517 3419 unum
1561 3354 1892 3435 florenum,
1947 3352 2028 3418 de
2087 3373 2212 3440 quo
2270 3353 2514 3419 floreno
2573 3353 2756 3419 dabit
2801 3352 2864 3441 [2
2876 3352 2929 3441 b]
2974 3354 3146 3420 idem
3204 3356 3519 3441 pincerna
3571 3376 3708 3420 coco

792 3466 858 3522 25
878 3455 983 3521 vel
1030 3477 1227 3521 cocae
1271 3456 1553 3541 quinque
1613 3475 1879 3540 grossos
1939 3461 2004 3517 et
2059 3453 2339 3517 tertiano
2404 3452 2585 3518 duos.
2664 3454 2829 3519 Item
2875 3472 2945 3519 vl
2984 3454 3263 3520 florenos
3317 3478 3438 3541 pro
3495 3453 3708 3521 solatio

870 3556 1349 3642 magistrorum.

1523 3709 1581 3767 5.
1625 3719 1718 3766 DE
1758 3718 2112 3767 REGENTIA
2152 3716 2500 3768 IUNIORUM
2537 3719 3057 3769 MAGISTRORUM.

1041 3836 1285 3919 Placet,
1326 3835 1501 3924 quod
1546 3834 1672 3900 duo
1712 3835 2012 3920 magistri
2058 3836 2340 3901 iuniores
2382 3858 2513 3902 non
2559 3835 2878 3902 sallariati
2919 3859 3036 3924 per
3077 3859 3147 3901 se
3186 3845 3418 3922 regant
3459 3834 3710 3901 bursam

877 3938 1016 4002 sive
1052 3937 1510 4002 conventoriae
1566 3936 1888 4022 praesint,
1948 3936 2125 3999 vices
2183 3936 2352 4001 inter
2405 3958 2475 4001 se
2536 3936 2806 4021 singulis
2850 3935 3314 4001 mutationibus
3370 3934 3710 4017 alterando,

790 4046 857 4099 30
873 4038 1000 4101 nisi
1055 4058 1173 4123 per
1229 4034 1572 4121 collegium
1631 4058 1776 4099 eum
1830 4033 2076 4099 eisdem
2130 4044 2244 4099 aut
2301 4034 2505 4099 altero
2563 4058 2785 4101 eorum
2839 4036 3032 4101 fuerit
3088 4034 3556 4123 dispensatum.
3635 4035 3713 4099 Et

872 4133 1035 4199 tales
1098 4158 1228 4200 non
1287 4136 1416 4203 sint
1472 4134 1722 4199 astricti
1779 4133 1865 4198 ad
1921 4132 2312 4219 ponendum‘
2345 4133 2610 4200 bursam
2667 4136 2737 4199 in
2805 4136 3084 4221 coquina
3140 4135 3548 4201 dominorum
3611 4133 3714 4199 sed

876 4258 1021 4299 eum
1062 4235 1394 4320 magistris
1437 4234 1815 4320 posterioris
1856 4234 2191 4319 coquinae,
2234 4234 2360 4299 nisi
2405 4257 2523 4321 per
2568 4233 2907 4320 collegium
2950 4234 3032 4299 de
3071 4242 3136 4300 et
3175 4257 3369 4322 super
3406 4236 3714 4320 positione

874 4334 1113 4400 bursae
1154 4333 1343 4399 aliter
1382 4334 1576 4399 fuerit
1616 4332 2001 4399 ordinatum.
3263 4330 3266 4335 ⁸

1558 4522 1613 4583 6.
1657 4534 1752 4580 DE
1796 4532 2126 4580 TEMPORE
2169 4533 2583 4583 ELEcnoms
2623 4536 3050 4585 ΡΒΑΕΡΟΒΙΤῙ.

790 4662 857 4717 35
1041 4649 1423 4736 Assumptio
1489 4651 1629 4714 sive
1693 4648 1920 4714 electio
1985 4651 2346 4737 praepositi
2419 4650 2749 4717 aestivalis
2813 4651 2955 4718 fieri
3015 4652 3208 4718 debet
3269 4675 3349 4718 ac
3412 4652 3715 4719 celebrari

879 4748 1166 4815 secunda
1213 4751 1378 4814 feria
1419 4759 1571 4836 post
1611 4748 2002 4814 dominicam
2045 4747 2431 4834 palmarum,
2471 4750 2766 4817 hiemalis
2812 4776 2968 4818 vero
3009 4752 3294 4818 secunda
3335 4754 3504 4819 feria
3544 4775 3713 4839 prae-

878 4848 1144 4914 cedente
1189 4860 1442 4913 sextam
1485 4848 1715 4913 feriam
1757 4856 1907 4911 ante
1928 4841 2173 4912 ‘festum
2216 4850 2422 4913 sancti
2446 4849 2768 4933 Mihaelis;
2811 4852 3028 4938 itaque
3057 4855 3514 4939 praepositura
3541 4853 3716 4918 aesti-

875 4949 1041 5015 valis
1099 4950 1447 5037 incipiatur
1503 4949 1570 5011 in
1628 4947 1733 5011 die
1787 4968 2202 5033 parasceues,
2258 4948 2554 5015 hiemalis
2610 4972 2768 5015 vero
2825 4961 3012 5015 sexta
3065 4952 3227 5016 feria
3280 4963 3431 5019 ante
3483 4953 3712 5019 dictum

877 5050 1111 5114 festum
1150 5051 1358 5114 sancti
1404 5047 1721 5113 Mihaelis.

1036 5353 1056 5402 1
1098 5345 1353 5404 Gemeint
1387 5346 1460 5400 ist
1493 5347 1771 5402 natiirlich
1803 5347 1893 5402 die
1930 5365 2057 5401 vom
2091 5345 2266 5402 Jahre
2310 5352 2454 5403 1496.
2491 5347 2619 5420 Vgl.
2658 5348 2799 5404 oben
2840 5354 2919 5416 19,
2952 5352 3016 5403 37
3041 5347 3121 5419 fg.
