4038 6358
802 647 924 710 262
1942 643 2052 692 Das
2087 642 2266 696 kleiue
2304 643 2513 705 Colleg.

800 826 984 913 prius
1028 824 1205 913 apud
1250 826 1466 912 ipsum
1507 846 1639 891 non
1677 824 2009 910 inscripto.
2055 821 2288 888 Nullus
2329 820 2657 889 adsciscat
2699 821 2826 890 sibi
2873 820 3418 903 contubernalem,
3475 839 3698 907 quem

798 926 1044 990 nesciat
1089 933 1369 990 curator.
1452 923 1699 990 Locum
1739 921 2129 989 conductum
2171 944 2289 1009 per
2332 941 2562 989 manus
2606 945 2737 988 non
2792 920 3013 987 tradat
3067 921 3286 987 alteri:
3365 920 3702 1008 quisquis

800 1023 921 1089 hoc
962 1023 1354 1109 neglexerit,
1408 1020 1833 1090 habitationis
1878 1020 2032 1090 huic
2071 1022 2172 1090 ius
2213 1019 2460 1087 nullum
2503 1030 2664 1094 esto.
2745 1020 3002 1087 Placuit
3045 1030 3260 1086 autem
3302 1021 3397 1086 sic
3434 1038 3699 1086 nume-

799 1124 934 1189 rari
979 1120 1108 1209 [44]
1156 1122 1513 1187 semestria.
1598 1120 1942 1185 Aestivum
1998 1119 2264 1205 quidem
2316 1143 2358 1185 a
2409 1120 2735 1187 dominica
2782 1119 2966 1186 finali
3032 1118 3438 1207 paschalium
3508 1138 3698 1184 nun-

713 1237 745 1287 5
799 1224 1119 1305 dinam,
1174 1220 1371 1306 vulgo
1414 1220 1689 1286 Cantate
1742 1228 2145 1306 nuncupata:
2221 1219 2586 1306 hybernum
2637 1239 2794 1284 vero
2836 1219 2921 1285 ab
2965 1241 3044 1284 ea
3087 1217 3428 1300 dominica,
3501 1237 3700 1304 quae

800 1323 944 1387 finit
1007 1319 1411 1386 autumnales
1467 1318 1805 1383 nundinas.
1888 1317 2019 1399 Qui
2061 1317 2529 1385 habitationem
2585 1341 2774 1384 suam
2827 1317 3083 1404 longius
3140 1316 3422 1382 incolere
3462 1312 3694 1395 volet,

742 1457 749 1464 ·
798 1431 948 1485 ante
989 1442 1067 1485 ea
1108 1430 1406 1505 tempora
1445 1419 1681 1483 iterum
1724 1438 1869 1482 eam
1910 1417 2245 1501 conducet,
2303 1416 2546 1503 alioqui
2597 1439 2742 1486 eam
2799 1417 2914 1486 alii
2967 1416 3254 1486 locatam
3309 1437 3455 1481 esse
3515 1436 3691 1479 con-

800 1520 986 1608 queri
1028 1541 1153 1584 non
1197 1519 1453 1604 poterit.
1508 1516 1625 1580 Sin
1654 1538 1809 1581 vero
1853 1515 2064 1583 denuo
2103 1526 2217 1582 aut
2257 1515 2543 1603 alioquin
2582 1516 2965 1582 conductam
3007 1513 3344 1606 possidere
3381 1512 3695 1580 noluerit

799 1616 900 1682 vel
976 1640 1104 1683 non
1169 1617 1482 1704 potuerit,
1549 1616 1839 1702 precium
1897 1614 2238 1681 locationis
2299 1614 2718 1681 nihilominus
2782 1617 3102 1700 integrum
3165 1612 3497 1701 persolvat
3569 1609 3691 1676 vel

722 1727 784 1781 10
806 1716 1001 1783 alium
1042 1715 1313 1801 collegio
1356 1714 1662 1781 idoneum
1703 1713 2162 1782 conductorem
2196 1715 2508 1780 inveniat.

1800 1898 1895 1944 DE
1945 1897 2077 1948 USU
2121 1896 2634 1947 HABITATIONIS.

1978 2015 2316 2070 Statutnm
2350 2016 2466 2068 111.

965 2130 1056 2216 [S.
1101 2128 1205 2218 45]
1266 2130 1373 2196 Ex
1415 2128 1748 2217 inquilinis
1802 2130 2046 2194 nemini
2102 2131 2452 2218 quicquam
2507 2128 2856 2195 aedificare
2911 2128 3090 2211 licet,
3144 2127 3300 2193 nulli
3355 2129 3677 2214 frangere

799 2240 909 2294 aut
952 2231 1298 2295 immutare
1340 2228 1684 2315 quicquam
1727 2228 1993 2315 impune
2036 2228 2432 2294 conceditur.
2517 2227 2647 2309 Qui
2691 2227 3096 2294 aedificando
3139 2228 3482 2314 quicquam
3527 2225 3670 2289 fre·

720 2341 778 2393 15
802 2330 997 2415 gerit,
1052 2327 1358 2393 damnum
1415 2326 1657 2392 solvat:
1724 2328 1835 2413 qui
1893 2328 2089 2393 etiam
2131 2327 2374 2393 utiliter
2418 2329 2559 2393 sine
2599 2328 2783 2392 iussu
2826 2326 3146 2409 aedificat,
3203 2325 3424 2413 perdit
3463 2345 3670 2412 pecu·

800 2430 994 2511 niam,
1051 2436 1116 2492 et
1168 2449 1294 2514 quo
1335 2427 1610 2515 quisque
1652 2424 1844 2490 modo
1888 2425 2310 2492 habitationis
2351 2425 2566 2494 locum
2606 2427 2877 2512 accepit,
2921 2424 3148 2491 abiens
3195 2423 3423 2490 eodem
3469 2424 3666 2488 resti-

808 2536 945 2592 tuat
997 2547 1145 2592 eum
1201 2524 1491 2612 collegio.
1579 2523 1910 2589 Sectiones
1963 2535 2029 2590 et
2081 2525 2378 2591 fissiones
2432 2526 2776 2612 lignorum,
2836 2538 2899 2591 et
2942 2527 2998 2590 si
3040 2523 3196 2613 quid
3235 2524 3390 2589 huic
3431 2522 3662 2603 simile,

801 2627 867 2689 in
912 2625 1096 2690 atriis
1144 2634 1208 2689 et
1251 2623 1696 2711 superioribus
1740 2623 1898 2694 locis
1944 2623 2204 2690 aedium
2251 2624 2395 2690 fieri
2446 2623 2882 2713 prohibemus,
2935 2622 3017 2690 ob
3072 2626 3398 2709 ingentem
3441 2621 3657 2687 labem

803 2724 1354 2810 contignationum
1433 2731 1497 2787 et
1571 2732 2140 2808 compacturarum
2230 2723 2527 2791 aedificii.
2634 2722 3097 2810 Deprehensus
3175 2723 3376 2808 igitur
3450 2722 3662 2787 solvat

710 2832 780 2888 20
798 2823 1081 2909 quinque
1136 2843 1430 2910 grossos3
1490 2822 1547 2886 si
1588 2823 1845 2904 iterum,
1899 2821 2039 2888 luat
2081 2821 2382 2909 duplum3
2445 2824 2500 2888 si
2556 2821 2854 2909 amplius,
2907 2820 3204 2888 trahatur
3246 2823 3316 2886 in
3359 2820 3650 2887 iuditium

794 2920 1070 3008 collegii.
2189 2997 2196 3002 .

1699 3032 1788 3123 [S.
1830 3034 1931 3124 46]
1976 3054 2072 3102 DE:
2118 3053 2743 3115 rumqummrarn.

1946 3191 2292 3241 Statutum
2325 3191 2473 3243 1111.

956 3301 1180 3367 Movet
1234 3324 1473 3389 graves
1530 3303 1665 3369 iras
1714 3326 2178 3391 saepenumero
2234 3314 2298 3369 et
2356 3300 2628 3370 acerbas
2685 3304 3111 3391 cogitationes
3164 3303 3540 3369 turbulenta
3587 3313 3645 3369 et

709 3401 1253 3488 25intempestiva
1290 3401 1701 3467 tumultuatio
1742 3401 1849 3467 vel
1888 3404 2059 3469 inter
2103 3424 2235 3486 eos,
2280 3404 2391 3492 qui
2432 3402 2659 3468 eodem
2704 3404 2771 3466 in
2813 3402 2957 3470 loco
3002 3411 3113 3467 aut
3156 3412 3429 3490 propter
3473 3402 3640 3467 habi·

795 3508 954 3564 tant.
1030 3498 1286 3565 Idcirco
1330 3510 1550 3564 monet
1590 3500 1951 3586 collegium,
2005 3513 2096 3585 ut,
2151 3524 2342 3590 quam
2404 3502 2688 3566 maxime
2731 3499 2872 3566 fieri
2933 3511 3174 3589 potest,
3237 3502 3543 3590 strepitus
3582 3504 3642 3567 in

799 3599 984 3665 atriis
1041 3610 1104 3663 et
1159 3597 1475 3684 gradibus
1534 3621 1612 3663 ac
1664 3600 1876 3664 ianuis
1934 3610 2321 3683 caveantur3
2379 3599 2552 3686 quod
2607 3601 2661 3665 si
2713 3622 2754 3665 a
2805 3601 3018 3667 vicino
3074 3600 3402 3689 quispiam
3460 3601 3641 3667 semel

794 3707 988 3782 atque
1029 3698 1265 3763 iterum
1307 3706 1572 3783 rogatus
1619 3697 1742 3762 sibi
1788 3720 1918 3762 non
1962 3701 2458 3786 temperaverit,
2511 3722 2790 3787 poenam
2843 3700 3008 3764 feret
3060 3699 3312 3765 dimidii
3353 3709 3428 3765 ut
3472 3701 3640 3765 mini·

793 3819 971 3861 mum
1015 3797 1211 3861 aurei.
1300 3796 1567 3880 Cursus,
1613 3796 1834 3880 saltus,
1875 3798 2104 3881 iactus,
2144 3796 2366 3885 pilam,
2404 3820 2660 3864 omnem
2702 3800 2961 3865 omnino
3002 3800 3071 3863 in
3112 3797 3384 3885 collegio
3431 3798 3639 3863 decur-

709 3906 776 3961 30
798 3895 1112 3961 sationem
1172 3894 1618 3982 prohibemus,
1679 3895 1799 3960 sub
1865 3895 2091 3961 eadem
2149 3918 2398 3983 poena3
2489 3896 2782 3963 similiter
2840 3897 3103 3980 boatus,
3167 3899 3323 3963 item
3376 3899 3640 3963 rusticas

797 3991 926 4082 [47]
978 3994 1473 4059 vociferationes
1532 3990 1567 4058 e
1623 3994 1952 4078 fenestris,
2021 3994 2546 4081 gesticulationes
2618 4004 2681 4060 et
2744 3998 2971 4062 sannia
3037 4006 3100 4062 et
3158 3996 3470 4085 quicquid
3531 3996 3640 4062 hoc

792 4094 1053 4158 nomine
1099 4092 1440 4178 collegium
1490 4092 1860 4159 dedecorat.
1941 4093 2257 4160 Nolumus
2302 4117 2524 4182 porr0,
2583 4096 3013 4183 apparitores,
3069 4105 3262 4161 noctu
3305 4104 3418 4160 aut
3459 4098 3638 4160 inter·

797 4191 908 4256 diu
966 4200 1394 4271 transeuntes,
1454 4191 1661 4256 sibilis
1716 4201 1827 4256 aut
1880 4193 2151 4258 vocibus
2209 4192 2546 4281 quibusvis
2624 4195 2945 4280 exagitari
3004 4203 3116 4259 aut
3169 4196 3403 4280 quovis
3460 4202 3638 4280 pacto

795 4290 881 4355 ad
941 4290 1235 4376 querelas
1295 4289 1471 4376 apud
1533 4303 1824 4356 senatum
1869 4292 2150 4356 incitari.
2237 4290 2366 4372 Qui
2424 4294 2838 4358 contemserit
2891 4293 3033 4376 hoc,
3094 4292 3352 4359 decreto
3398 4291 3640 4378 collegii

709 4398 776 4454 35
798 4390 1272 4454 severissimam
1318 4410 1596 4477 poenam
1638 4389 1817 4455 luito.

1642 4555 1738 4602 DE:
1781 4554 2132 4607 CUSTODIA
2170 4558 2262 4609 ΕΤ
2308 4557 2491 4609 ΟΌΒΑ
2528 4557 2797 4609 IGNIUM.

1989 4675 2027 4724 8
2042 4683 2064 4725 t
2079 4684 2196 4726 atu
2210 4685 2231 4725 t
2244 4692 2276 4725 u
2295 4691 2344 4726 m
2379 4677 2446 4726 V.

961 4786 1128 4854 Cum
1173 4788 1362 4852 unius
1405 4810 1602 4874 saepe
1646 4788 1869 4873 ignavi
1914 4798 2027 4852 aut
2066 4789 2352 4876 imperiti
2393 4789 2673 4855 hominis
2701 4790 3095 4877 negligentia
3122 4791 3456 4855 incuriave
3479 4798 3643 4855 totae

800 4883 929 4971 [48]
976 4888 1464 4952 communitates
1510 4885 1967 4951 miserabiliter
2009 4889 2351 4974 perierint,
2407 4888 2805 4954 obtestamur
2851 4912 3069 4955 omnes
3114 4899 3175 4953 et
3219 4888 3527 4976 singulos,
3580 4897 3645 4952 ut

711 4995 777 5048 40
801 4986 928 5072 ipsi
972 4986 1253 5072 primum
1301 5007 1488 5050 omne
1526 4984 1810 5051 incendii
1853 4984 2208 5073 periculum
2256 4987 2523 5052 consilio
2565 4996 2630 5052 et
2673 4986 3010 5075 diligentia
3047 5010 3166 5052 sua
3194 4995 3644 5074 praecaveant,

794 5082 1028 5148 deinde
1071 5093 1135 5148 et
1178 5083 1437 5149 famulis
1493 5083 1663 5149 hanc
1708 5107 1929 5151 curam
1983 5085 2304 5153 inculcent
2347 5110 2540 5176 quam
2585 5086 3094 5174 diligentissime.
3165 5085 3424 5173 Aquam
3465 5107 3646 5173 prae·

795 5191 975 5247 terea
1026 5206 1145 5270 per
1199 5183 1337 5257 dies
1392 5194 1454 5248 et
1494 5194 1715 5248 noctes
1763 5184 1828 5248 in
1868 5184 2124 5270 hydriis
2169 5194 2231 5249 et
2271 5188 2468 5268 vasis,
2529 5184 2614 5251 ad
2658 5186 2904 5272 primos
2947 5187 3225 5272 impetus
3265 5184 3434 5249 forte
3476 5187 3645 5270 igne·

799 5282 1033 5346 scentis
1066 5282 1368 5347 fiammae
1392 5281 1888 5367 extinguendos‚
1925 5281 2238 5347 cubiculis
2280 5286 2412 5348 suis
2454 5288 2519 5348 in
2564 5292 2825 5372 promtu
2865 5283 3164 5355 habeant.
3201 5284 3282 5351 In
3323 5282 3428 5353 his
3459 5281 3644 5348 rebus
