4038 6358
1067 701 1235 752 Dritte
1272 700 1797 763 Statutenredaction‚
1832 717 1940 754 von
1979 702 2376 757 147112—1490,
3039 710 3155 772 421

840 922 895 981 7.
935 935 1031 982 DE
1074 935 1274 983 MODO
1320 935 1670 985 VISITANDI
1711 936 2093 986 LECOIONES
2134 939 2227 987 ΕΤ
2270 938 2656 989 EXERGIGIA.

476 1064 770 1150 Placuit,
814 1066 986 1155 quod
1031 1066 1326 1134 decetero
1380 1066 1597 1135 nullus
1649 1068 1940 1156 negligat
1984 1079 2121 1136 tres
2174 1072 2516 1138 continuas
2569 1072 2886 1140 lecciones
2904 1123 2923 1161 ,
2979 1075 3166 1140 iuxta

283 1171 609 1230 tenorem
645 1166 896 1252 antiqui
940 1169 1194 1250 statuti,
1238 1180 1302 1233 et
1339 1167 1585 1233 nullum
1623 1166 1862 1235 librum
1905 1171 2171 1236 totalem
2210 1171 2318 1237 vel
2360 1172 2715 1260 parcialem
2728 1222 2748 1257 ,
2793 1173 2912 1239 sub
2953 1195 3166 1261 poena

282 1284 431 1327 non
484 1263 907 1330 admissionis
947 1274 1240 1353 tempore
1282 1289 1430 1351 suo;
1485 1275 1552 1332 et
1592 1268 1765 1355 quod
1801 1271 2246 1358 unusquisque
2289 1272 2374 1336 sit
2414 1274 2719 1338 astrictus
2762 1272 2850 1339 ad
2894 1274 3161 1338 visitan-

285 1360 465 1428 dum
510 1365 838 1431 exercicia
879 1364 1153 1452 singulis
1196 1366 1424 1432 diebus
1466 1365 1990 1453 disputabilibus,
2031 1391 2197 1458 quae
2236 1369 2473 1436 debent
2528 1372 2671 1437 fieri
2727 1395 2846 1460 per
2899 1371 3162 1439 modum
3217 1380 3249 1436 5

287 1464 641 1528 examinis
680 1465 749 1529 in
790 1464 933 1530 loco
977 1454 1237 1551 publico
1280 1464 1655 1551 diligenter,
1694 1466 2014 1554 legittima
2057 1492 2186 1535 non
2242 1470 2638 1557 impediente
2696 1494 2916 1556 causa,
2957 1479 3030 1537 ut
3070 1471 3164 1536 in—

287 1561 627 1629 firmitate
666 1564 772 1629 vel
812 1563 941 1630 loci
983 1563 1321 1649 absencia,
1366 1564 1487 1632 sub
1533 1566 1875 1653 praedicta
1914 1590 2141 1683 poena.
2223 1568 2316 1634 Et
2352 1571 2526 1655 quod
2564 1573 2658 1636 ita
2692 1571 2836 1655 fiat,
2879 1570 3160 1636 decanus

293 1683 463 1728 cum
512 1664 649 1729 suis
690 1664 1148 1730 executoribus
1190 1664 1509 1730 lecciones
1553 1675 1618 1730 et
1659 1668 1985 1732 exercicia
2024 1668 2343 1734 inavisate
2385 1669 2694 1737 visitabit.

1206 1836 1262 1900 8.
1325 1850 1418 1899 m:
1464 1848 1662 1899 mono
1707 1850 2248 1900 ss‘nsmcmnm.
2274 1836 2294 1876 ¹

482 1963 773 2048 Placuit,
826 1964 1001 2051 quod
1061 1964 1357 2031 decetero
1417 1967 1636 2030 omnia
1701 1967 2041 2054 supposita
2060 2017 2079 2051 ,
2138 1968 2458 2033 lecciones
2510 1978 2623 2033 aut
2680 1967 3004 2033 exercicia
3043 1975 3253 2055 prom

295 2062 762 2150 complecione
789 2063 1130 2148 habencia,
1175 2074 1325 2152 post
1354 2066 1625 2131 terciam
1657 2065 2008 2132 leccionem
2052 2065 2156 2131 vel
2199 2068 2472 2132 tercium
2512 2069 2906 2133 exercicium
2949 2089 3167 2132 coram

295 2161 585 2229 domino
652 2163 900 2229 decano
967 2174 1030 2228 et
1089 2163 1498 2231 taxatoribus
1563 2175 1984 2253 compareant
2048 2176 2111 2231 et
2172 2188 2293 2253 pro
2362 2165 2606 2232 eisdem
2663 2165 3059 2234 leccionibus
3104 2175 3170 2231 et

301 2262 671 2327 exerciciis
700 2261 943 2328 ibidem
969 2263 1230 2330 realiter
1257 2275 1323 2331 et
1358 2287 1508 2332 cum
1549 2264 1780 2330 effectu
1824 2265 2248 2341 satisfaciant,
2295 2289 2492 2354 seque
2534 2269 2821 2354 propriis
2864 2264 3165 2331 manibus

302 2363 719 2427 satisfecisse
774 2362 1153 2429 inscribant.
1240 2363 1432 2446 Quod
1476 2366 1533 2431 si
1574 2366 1718 2453 quis
1759 2364 1976 2431 facere
2018 2366 2432 2431 contemserit
2485 2376 2598 2432 aut
2643 2365 3036 2453 neglexerit,
3079 2363 3167 2430 ad

300 2483 597 2527 examen
649 2461 1014 2528 nullatenus
1070 2463 1470 2548 admittatur,
1530 2464 1658 2528 nisi
1708 2466 1890 2551 prius
1945 2464 2213 2552 duplum
2266 2464 2564 2549 solverit,
2613 2467 2794 2531 cuius
2851 2464 3164 2530 medietas
3188 2474 3248 2530 15

306 2560 519 2627 cedat
548 2563 866 2647 magstro
899 2561 1005 2627 vel
1046 2565 1398 2650 magistris,
1443 2564 1548 2629 cui
1589 2563 1694 2629 vel
1735 2562 1971 2652 quibus
2014 2565 2393 2630 satisfacere
2430 2564 2738 2650 neglexit,
2777 2565 2909 2630 alia
2949 2573 3167 2630 autem

299 2662 641 2728 medietas
708 2661 896 2727 cedat
946 2661 1257 2729 facultati.
1342 2662 1431 2728 Et
1482 2662 1766 2729 decanus
1817 2673 2107 2750 tempore
2162 2665 2678 2751 dispensacionis
2729 2674 2983 2730 tenetur
3035 2687 3166 2730 non

305 2761 530 2828 solum
588 2759 674 2825 ad
725 2762 1226 2850 uniuscuiusque
1289 2763 1787 2851 requisicionem
1846 2762 1962 2828 sed
2034 2764 2172 2829 sine
2227 2765 2403 2829 omni
2459 2764 2891 2853 requisicione
2944 2786 3168 2829 unum·

305 2884 642 2950 quemque
680 2862 752 2926 in
791 2863 1072 2949 registro
1116 2872 1487 2928 taxatorum
1530 2884 1859 2950 quaerere.

1130 3048 1186 3110 9.
1233 3041 1353 3131 [Bl.
1396 3048 1476 3111 22
1490 3041 1542 3130 b]
1601 3063 1698 3111 DE
1740 3061 2352 3112 nnsronsmmnus.
3181 3055 3251 3113 20

486 3177 654 3243 Item
696 3176 982 3265 placuit,
1012 3177 1183 3264 quod
1224 3177 1579 3245 baccalarii
1619 3175 2085 3265 respondentes
2128 3201 2247 3266 pro
2291 3179 2668 3266 magisterio
2726 3178 2940 3245 sexies
2995 3179 3168 3246 ordi-

309 3280 506 3343 narie
567 3287 630 3343 et
696 3287 924 3364 quater
993 3278 1514 3345 extraordinarie
1575 3275 2029 3374 respondeant.
2139 3278 2230 3343 Et
2287 3278 2436 3344 illae
2497 3280 2954 3367 responsiones
3021 3303 3166 3345 cum

311 3377 692 3444 nominibus
733 3399 955 3443 eorum
996 3376 1234 3443 debent
1275 3377 1584 3461 inscribi,
1630 3377 1818 3442 sicuti
1875 3378 2197 3442 sessiones
2251 3379 2713 3464 magstrorum
2765 3378 2853 3443 ad
2891 3378 3161 3444 faculta-

314 3486 453 3542 tem
498 3477 966 3564 complencium
1010 3487 1495 3544 consweverunt
1547 3499 1667 3565 per
1720 3475 2030 3542 famulum
2085 3475 2372 3541 inscribi.
2454 3476 2610 3543 Illas
2654 3478 2863 3562 eciam
2900 3500 3165 3565 respon·

316 3578 539 3643 siones
596 3598 743 3641 cum
797 3578 1130 3663 magistris
1148 3627 1166 3660 ,
1227 3575 1462 3666 quibus
1517 3575 2024 3664 responderunt,
2083 3574 2320 3641 debent
2382 3575 2743 3643 baccalarii
2806 3576 3163 3643 inscribere
3180 3586 3248 3645 25

319 3698 480 3744 suae
534 3676 992 3763 complecionis
1058 3675 1361 3742 scedulae
1377 3726 1396 3760 ,
1461 3699 1606 3741 cum
1661 3676 2069 3763 temptamini
2136 3698 2206 3740 se
2264 3675 2640 3743 submittere
2698 3676 3022 3742 voluerint
3060 3676 3164 3742 vel

320 3777 640 3860 examini,
684 3775 803 3841 sub
855 3799 1065 3863 poena
1106 3799 1235 3842 non
1291 3775 1707 3841 admissionis
1761 3784 2054 3860 tempore
2117 3796 2252 3840 suo.
2356 3774 2446 3840 Et
2505 3775 2630 3842 hoc
2690 3775 2866 3841 idem
2930 3775 3169 3842 debent

318 3875 539 3940 facere
579 3874 1067 3941 baccalariandi
1105 3885 1398 3963 tempore
1439 3876 1739 3940 introitus
1795 3874 1897 3938 sui
1915 3921 1933 3956 ‚
1985 3872 2451 3939 conscribendo
2501 3875 2954 3962 responsiones
3014 3899 3168 3942 suas

319 3974 690 4040 ordinarias
734 3984 796 4040 et
835 3975 1388 4042 extraordinarias
1447 3999 1592 4044 cum
1645 3972 2015 4040 nominibus
2058 3975 2520 4078 magistrorum
2539 4022 2557 4057 ‚
2602 3974 2837 4062 quibus
2897 3999 3165 4064 respon-

321 4073 588 4158 derunt,
634 4074 720 4140 ad
764 4074 1057 4141 scedulas
1100 4099 1254 4141 suae
1295 4074 1787 4162 complecionis,
1833 4072 1950 4139 sub
1992 4072 2221 4138 eadem
2264 4095 2493 4160 poena.
3167 4083 3251 4142 =30

489 4362 625 4422 Der
671 4380 861 4439 qanze
901 4362 1109 4441 {thr-593
1159 4363 1328 4423 Theil
1377 4365 1487 4423 der
1524 4360 1683 4421 Seite
1697 4406 1713 4435 ,
1775 4362 1885 4419 der
1943 4364 2210 4437 anfanqs
2271 4362 2424 4420 auch
2486 4360 2856 4421 beschrieben
2904 4380 3169 4439 ,qewesen

324 4482 474 4535 war,
534 4461 618 4520 ist
671 4461 891 4520 wieder
946 4464 1349 4541 ausqekratzt.
1431 4461 1551 4521 Die
1591 4462 1789 4520 Hand
1803 4505 1818 4534 ,
1870 4460 2098 4532 welche·
2127 4459 2222 4518 die
2259 4462 2426 4519 darm
2464 4462 2796 4537 folqenden
2849 4461 3165 4520 Zusatzbc-

328 4563 593 4621 schlilsse
621 4560 1003 4641 einqetraqen
1045 4565 1168 4636 hat,
1210 4562 1357 4622 habe
1400 4562 1492 4620 ich
1537 4561 1600 4619 in
1644 4561 1752 4619 der
1793 4559 2089 4617 Matrt'kel
2125 4558 2290 4618 nicht
2327 4560 2431 4618 mit
2479 4559 2808 4619 Sicherheit
2848 4560 3166 4619 wiederzu-

326 4661 622 4721 erkennen
644 4663 955 4724 vermocht.
1040 4663 1198 4721 Aber
1239 4661 1334 4721 ἄίε
1356 4661 1488 4720 Zeit
1525 4660 1692 4719 ihrer
1714 4659 2089 4735 Entstehuny
2117 4660 2269 4718 Ζᾶεεε
2289 4659 2415 4719 sich
2437 4661 2583 4719 doch
2608 4662 2971 4720 απηᾰἹιεντιᾶ
2998 4660 3166 4722 zicm-

325 4760 439 4821 liclt
485 4780 686 4838 ,qenau
729 4760 1075 4822 bestimmen.
1172 4763 1251 4820 In
1289 4762 1418 4820 dem
1460 4757 1903 4835 beispielsweise
1945 4777 2044 4816 am
2089 4757 2367 4818 Schlusee
2408 4759 2775 4835 beiqefflqtm
2817 4757 3165 4842 registrum
3182 4762 3250 4821 35

327 4856 622 4923 lectionis
681 4862 918 4919 werden
978 4861 1073 4924 die
1124 4863 1447 4920 Rectorate
1486 4859 1763 4918 Pb‘lner's
1824 4851 1952 4917 ιιηᾶ
1996 4855 2276 4936 Goburq's
2340 4866 2645 4936 ρεπαηπες
2712 4867 2973 4919 crateren-
3031 4857 3194 4917 war'

326 4962 547 5026 Hector
593 4961 752 5025 1487
770 4958 817 5032 b,
860 4961 1135 5020 letzterer
1182 4962 1337 5024 1488
1354 4971 1398 5022 ⁸.
1519 4960 1723 5017 Aelter
1764 4959 1858 5017 ale
1900 4957 2164 5016 Sommer
2211 4957 2368 5023 1488
2411 4958 2646 5016 kb'rmen
2682 4959 2813 5018 also
2853 4959 3009 5017 diosc
3051 4960 3167 5017 Be-

328 5061 591 5120 eeklilese
634 5058 797 5118 m‘cht
835 5059 980 5132 sein,
1020 5061 1148 5119 und
1185 5060 1347 5120 nicht
1375 5062 1606 5136 jiinqer
1647 5059 1742 5116 als
1777 5057 1955 5137 1490,
1997 5076 2114 5116 von
2154 5058 2426 5116 welchem
2464 5057 2659 5115 Jahre
2701 5057 2796 5117 die
2838 5059 3007 5117 dann
3032 5059 3161 5133 fol-

324 5160 553 5236 qenden
611 5157 765 5222 sind.
874 5160 1104 5218 Halten
1157 5159 1273 5217 wir
1330 5178 1456 5217 mm
1506 5158 1684 5217 hinzu
1707 5201 1722 5230 ‚
1784 5159 1928 5216 dass
1994 5156 2073 5216 im
2124 5157 2318 5216 Jahn
2386 5153 2585 5222 14881‘
2651 5175 2799 5216 neue
2860 5153 3167 5240 Registra

505 5391 527 5441 ι
569 5386 762 5443 Dieser
792 5386 1124 5460 Paragraph
1155 5386 1231 5441 ist
1264 5389 1450 5457 spater
1481 5382 1904 5441 durchstrichen
1938 5384 2178 5441 worden.
