4038 6358
1403 629 1508 683 Die
1557 631 1782 683 altesten
1817 630 2075 682 Sumten.
3025 634 3144 703 563

1289 818 1390 880 43.
1431 830 1670 878 rom
1709 828 2201 879 mmmcmms.

471 959 696 1041 „Cras
741 960 904 1026 hora
949 961 1227 1049 septima
1266 960 1377 1025 fiet
1412 960 1969 1028 recommendacio
2013 961 2259 1027 domini
2299 962 2683 1028 licenciandi
2726 974 2841 1029 etc.
2897 965 2965 1028 in
3024 963 3147 1029 lec—

249 1056 478 1122 torio
531 1058 1012 1141 ordinariarum
1056 1059 1640 1146 disputacionum.“

478 1190 842 1277 „Magister
885 1194 1005 1277 .N.,
1053 1215 1276 1258 sacrae
1317 1192 1681 1279 theologiae
1724 1195 2087 1282 professor,
2129 1217 2273 1259 cras
2316 1196 2386 1258 in
2439 1196 2651 1261 medio
2694 1195 2892 1262 horae
2947 1197 3141 1283 septi-

250 1308 450 1355 mae
524 1292 771 1357 tenebit
838 1292 1056 1357 aulam
1119 1315 1238 1379 pro
1319 1294 1628 1380 magistro
1687 1294 1804 1377 .N.‚
1869 1296 2235 1380 vesperiato
2292 1295 2361 1358 in
2416 1294 2672 1377 eadem,
2734 1297 2801 1359 in
2868 1294 3141 1361 ecclesia
3197 1306 3226 1361 5

257 1391 529 1454 sancti
571 1390 887 1457 Nicolai.“

481 1506 738 1573 Eadem
779 1509 990 1574 forma
1030 1507 1371 1573 intimandi
1412 1480 1539 1595 pro⁸
1574 1510 1922 1595 vesperiis:
1978 1508 2336 1596 „Magister
2391 1510 2506 1593 .N.,
2566 1510 3152 1597 sacraetheologiae

265 1606 672 1690 professor,
715 1630 863 1675 cras
904 1607 1069 1673 hora
1108 1609 1323 1695 prima
1362 1606 1608 1673 tenebit
1647 1610 1980 1696 vesperias
2025 1631 2146 1695 pro
2184 1611 2494 1695 magistro
2536 1610 2654 1692 .N.‚
2705 1608 3043 1675 licenciato
3086 1611 3154 1675 in

273 1703 575 1789 eadem,
621 1708 689 1772 in
727 1706 1053 1774 lectorio.“

1173 1880 1273 1941 44.
1312 1891 1449 1939 rao
1491 1890 1837 1940 mamis
1883 1891 2300 1941 samareus.
2804 1916 2809 1921 -
3174 1885 3239 1940 ιο

486 2020 668 2106 „Sub
713 2024 1024 2109 magistro
1069 2021 1183 2105 .N.,
1227 2024 1452 2088 sacrae
1492 2022 1854 2111 theologiae
1896 2024 2280 2111 professore,
2324 2025 2636 2109 magister
2680 2024 2807 2089 ,ΝΛ
2855 2022 3153 2089 baccala-

283 2123 462 2187 rius
502 2123 573 2187 in
615 2122 857 2206 eadem,
896 2122 1092 2187 faciet
1132 2122 1522 2210 principium
1563 2124 1633 2188 in
1670 2122 1872 2188 libros
1918 2125 2447 2189 sentenciarum.“

489 2256 652 2322 Item
694 2257 919 2343 quinta
959 2255 1124 2320 seria
1166 2264 1316 2322 ante
1358 2258 1693 2343 vesperias
1735 2256 1810 2321 fit
1848 2257 2159 2322 invitacio
2199 2255 2282 2322 ad
2306 2255 2741 2339 collacionem,
2784 2266 2850 2321 et
2869 2259 3158 2344 sequenti

297 2354 431 2419 die
475 2354 638 2421 hora
679 2356 892 2443 prima
933 2355 1240 2441 incipitur
1286 2366 1487 2422 actus.
1567 2356 1646 2421 In
1693 2354 1794 2443 [23
1809 2352 1864 2441 ¹’J
1905 2356 2258 2422 collacione
2298 2355 2657 2421 habeantur
2698 2364 2974 2441 quatuor
3016 2378 3158 2443 spe·

299 2455 495 2519 cies:
533 2456 604 2521 in
645 2465 793 2520 actu
835 2455 1046 2542 primo
1090 2454 1552 2525 ,determinatur
1595 2459 1887 2542 quaestio
1929 2458 2441 2543 exspectatoria3
2486 2454 2765 2522 secundo
2802 2477 2920 2543 per
2949 2458 3240 2521 senio-15

297 2576 460 2619 rem
503 2556 882 2643 proponitur
919 2556 1206 2642 quaestio
1248 2578 1392 2621 cum
1437 2554 1884 2621 declaracione
1905 2558 2342 2639 terminorum,
2385 2556 2539 2619 item
2565 2564 2629 2620 et
2668 2564 2894 2620 contra
2940 2557 3155 2641 argui·

303 2662 464 2738 tui-3
509 2650 742 2719 deinde
785 2656 1076 2739 quaestio
1119 2653 1343 2719 eadem
1385 2656 1755 2740 assignatur
1786 2654 2218 2741 vesperiando
2241 2651 2326 2718 ad
2351 2653 2906 2720 determinandum
2926 2656 3157 2741 ipsam,

307 2777 520 2842 quam
558 2764 902 2841 postquam
945 2753 1470 2819 determinaverit
1507 2763 1572 2817 et
1608 2753 2050 2820 conclusiones
2092 2754 2398 2841 posuerit,
2438 2754 2612 2820 idem
2653 2755 2879 2821 doctor
2919 2755 3131 2819 senior

311 2862 554 2940 arguet
596 2862 820 2918 contra
861 2852 1338 2919 conclusionem
1379 2854 1657 2943 primam
1700 2862 1765 2917 et
1805 2852 2027 2917 audiet
2067 2852 2597 2939 respondentem,
2658 2863 2722 2919 et
2776 2863 3001 2941 postea
3041 2876 3139 2918 se·

317 2962 594 3041 quentes
638 2951 762 3018 duo
806 2953 1100 3018 doctores
1124 2962 1400 3039 arguent
1422 2963 1647 3019 contra
1688 2951 1852 3017 alias
1878 2951 2353 3036 conclusiones;
2398 2952 2624 3018 ultimo
2647 2953 2720 3018 fit
2757 2976 3144 3019 recommen-
3164 2962 3233 3018 20

321 3052 515 3118 dacio
555 3052 971 3140 vesperiandi
1013 3074 1129 3139 per
1174 3052 1667 3139 praesidentem.
1755 3051 2061 3140 Sequenti
2126 3051 2231 3117 die
2269 3051 2344 3116 fit
2382 3053 2727 3139 prandium
2770 3076 2890 3140 pro
2937 3054 3156 3120 docto-

324 3150 512 3219 ribus
555 3160 825 3235 tantum,
868 3163 931 3218 et
970 3153 1041 3217 in
1081 3152 1209 3217 fine
1247 3152 1510 3239 prandii
1549 3153 1955 3239 vesperiatus
1997 3150 2205 3217 solvet
2246 3151 2503 3237 singula
2562 3150 2937 3220 doctoribus
2975 3156 3160 3220 iuxta

325 3261 590 3318 statuta.
669 3250 832 3316 Item
876 3274 996 3339 pro
1039 3252 1310 3318 licencia
1360 3250 1434 3316 fit
1484 3254 1791 3318 invitacio
1847 3275 2039 3318 mane
2098 3251 2184 3316 ad
2229 3250 2645 3318 collacionem
2701 3263 2765 3317 et
2804 3253 3010 3319 altera
3052 3255 3157 3320 die

328 3351 418 3416 ad
459 3360 692 3418 actum.
773 3349 932 3416 Post
973 3360 1189 3416 actum
1231 3351 1305 3416 fit
1344 3351 1689 3438 prandium
1732 3350 2106 3417 doctoribus
2147 3359 2411 3415 tantum.

1195 3523 1291 3583 45.
1331 3535 1691 3583 mrmclo
1732 3535 1869 3582 PRO
1912 3533 2295 3582 RESUMPTA.
3169 3530 3236 3586 25

494 3665 706 3750 „Cras
749 3665 919 3731 hora
961 3665 1078 3731 tali
1108 3667 1420 3752 magister
1461 3668 1582 3749 .N.,
1625 3689 1856 3732 sacrae
1897 3666 2259 3753 theologiae
2284 3663 2630 3752 professor,
2672 3666 3031 3754 disputabit
3072 3669 3154 3737 de

332 3775 667 3854 resumpta
706 3766 773 3829 in
813 3764 1078 3832 lectorio
1118 3765 1622 3852 theologorum.“

715 3938 810 4000 46.
860 3928 979 4019 [131.
1019 3939 1100 4000 24
1115 3930 1168 4020 ⁸]
1227 3950 1686 3999 mmmmm
1727 3949 2032 3998 novt-:Lm
2068 3947 2418 3996 Doc‘roms
2456 3949 2529 3996 m
2567 3950 2771 3998 AULA.

495 4083 755 4168 „Primo
798 4083 1097 4148 iurabitis
1141 4105 1402 4149 servare
1442 4083 1882 4147 reverenciam
1924 4083 2383 4168 magistrorum
2410 4091 2476 4146 et
2499 4081 2687 4147 fidele
2719 4085 3155 4152 testimonium

338 4181 682 4269 perhibere
723 4181 805 4246 de
839 4183 1328 4270 promovendis3
1370 4184 1525 4247 item
1569 4182 1739 4269 quod
1779 4180 2016 4246 bonum
2056 4182 2495 4247 universitatis
2521 4191 2585 4246 et
2601 4181 2926 4249 facultatis
2966 4184 3140 4251 theo·
3162 4195 3231 4252 30

331 4280 618 4368 logicae,
674 4280 758 4347 ad
803 4305 1242 4372 quemcunque
1285 4291 1523 4348 statum
1567 4281 1953 4346 deveneritis
1968 4330 1989 4365 ,
2045 4279 2511 4367 procurabitis3
2594 4284 2748 4348 item
2788 4284 2960 4370 quod
3005 4295 3156 4372 post

335 4382 783 4468 recepcionem
835 4383 1060 4449 birreti
1117 4381 1328 4448 velitis
1382 4404 1500 4468 per
1557 4402 1674 4445 vos
1732 4401 1850 4467 per
1905 4374 2065 4444 duos
2120 4402 2324 4445 annos
2375 4383 2672 4468 proxime
2714 4403 2783 4446 se
2819 4395 3153 4469 sequentes

339 4489 488 4567 post
529 4483 1012 4567 promocionem
1053 4482 1269 4570 legere
1313 4482 1383 4546 in
1430 4501 1621 4545 sacra
1665 4478 2006 4565 theologia,
2050 4479 2177 4544 nisi
2220 4502 2416 4567 super
2461 4480 2583 4547 hoc
2628 4504 2745 4569 per
2782 4481 3153 4548 facultatem

334 4578 673 4645 vobiscum
715 4582 909 4647 fuerit
951 4581 1426 4670 dispensatum3
1495 4580 1647 4644 item
1693 4578 1866 4666 quod
1904 4578 1989 4642 ad
2031 4577 2371 4644 consilium
2411 4579 2737 4646 facultatis
2777 4603 2909 4646 non
2951 4583 3148 4649 intra-

337 4676 514 4764 bitis,
553 4679 682 4746 nisi
724 4690 1070 4769 postquam
1109 4681 1439 4747 biennium
1483 4677 2053 4766 adimpleveritis.“
3165 4689 3231 4747 3⁵

502 4850 604 4911 47.
645 4845 834 4915 Anno
877 4847 1122 4915 domini
1170 4821 1328 4916 1486
1370 4844 1476 4910 die
1512 4842 1719 4909 Primi
1761 4852 1830 4908 et
1867 4842 2185 4909 Feliciani
2225 4851 2619 4927 sanctorum,
2676 4866 2843 4930 quae
2894 4846 3018 4911 fuit
3056 4845 3148 4912 ul-

341 4945 500 5012 tima
537 4945 707 5012 Iunii
770 4950 860 5031 (d.
905 4953 1001 5016 30.
1041 4949 1222 5024 Jum)
1245 4946 1272 4988 ²
1283 4995 1303 5031 ,
1372 4943 1774 5011 concorditer
1831 4942 1916 5010 ab
1982 4940 2279 5008 omnibus
2342 4941 2711 5010 doctoribus
2783 4945 3148 5012 conclusum

507 5153 538 5287 ὲ
573 5145 745 5287 1¹3?ss
775 5145 1150 5303 {ngaeblemdes
1184 5229 1421 5286 Datum:
1453 5227 1527 5282 ist
1558 5223 1930 5295 befremdlich,
1963 5225 2109 5280 deun
2142 5229 2298 5280 sonst
2326 5223 2453 5280 fa'llt
2478 5227 2543 5298 J'a
2575 5228 2673 5282 der
2696 5231 2972 5300 genannte
2997 5228 3147 5284 Fest-

341 5321 441 5389 teg
475 5311 715 5373 auf‘den
748 5319 798 5372 9.
830 5313 982 5371 Juni.
2685 5405 2723 5467 3
2779 5399 2815 5440 *

2726 5406 2764 5467 6
