4038 6358
934 623 1057 691 294
2024 620 2136 671 Das
2169 619 2420 672 Pauliner
2455 617 2663 682 Colleg.

2186 838 2409 903 Caput
2443 838 2511 891 V.

1095 972 1375 1039 Aedium
1423 969 1678 1057 collegii
1719 970 1891 1036 fores
1933 969 2045 1035 ubi
2088 971 2348 1036 clausae
2397 969 2668 1054 fuerint,
2721 967 2956 1035 nullius
3000 976 3303 1055 respectu
3344 964 3596 1053 aperiri
3655 961 3788 1051 pri·

931 1083 1083 1139 vato
1123 1073 1380 1139 nomine
1425 1072 1691 1137 sinatur.
1738 1070 1931 1151 Quod
1974 1071 2030 1135 si
2073 1078 2333 1153 temere,
2371 1092 2504 1136 non
2547 1078 2818 1156 cogente
2862 1066 3128 1155 publica
3168 1088 3389 1149 causa,
3434 1089 3474 1130 a
3512 1065 3789 1153 privato

935 1172 1152 1258 aliquo
1209 1170 1524 1257 singulari
1580 1192 1736 1236 casu
1792 1169 2156 1257 patefactae
2211 1170 2477 1252 fuerint,
2536 1170 3038 1256 quotiescunque
3094 1167 3218 1232 hoc
3268 1166 3510 1231 factum
3562 1163 3790 1244 fimrit,

824 1283 882 1337 ,5
934 1274 1124 1338 toties
1188 1269 1560 1359 persolvere
1601 1280 1871 1355 cogatur
1924 1272 2254 1357 magister,
2312 1270 2630 1335 curationi
2689 1268 3000 1335 trimestri
3061 1266 3450 1355 praefectus,
3507 1263 3791 1329 florines

932 1384 1083 1437 tres.
1162 1369 1492 1435 Videbunt
1547 1378 1761 1434 autem
1818 1368 2056 1455 singuli
2109 1378 2438 1434 curatores
2492 1368 2811 1449 vicissim,
2866 1377 2941 1432 ut
2995 1389 3112 1432 suo
3171 1375 3464 1453 tempore
3517 1360 3788 1448 collegii

932 1470 1126 1538 aedes
1189 1469 1570 1535 claudantur
1633 1477 1879 1534 aestate
1925 1478 2076 1533 ante
2136 1467 2484 1552 decimam,
2546 1468 2779 1555 hyeme
2837 1468 3056 1533 statim
3112 1473 3263 1542 ante
3319 1485 3576 1546 nonam,
3641 1469 3788 1527 utut

933 1580 1082 1638 ante
1125 1568 1370 1635 dictum
1412 1578 1528 1633 est.
2890 1588 2903 1601 ·

922 1711 929 1716 ·
2161 1686 2253 1737 Ca
2268 1701 2348 1750 pu
2366 1693 2387 1735 t
2421 1688 2515 1738 VI.

858 1831 920 1888 10
1103 1820 1517 1906 Flagitiosos‚
1559 1817 1944 1906 impudicos,
1988 1818 2356 1902 insolentes»,
2413 1818 2774 1901 seditiosos,
2819 1815 3331 1900 tumultuatores,
3373 1813 3780 1901 negligentes

936 1919 1293 1985 studiorum
1357 1942 1616 1984 suorum
1674 1920 1729 1983 si
1794 1920 2091 2004 magistri
2145 1919 2573 2004 castigatione
2637 1940 2754 1982 sua
2803 1916 3100 1982 meliores
3153 1914 3429 1980 reddere
3482 1936 3606 1978 non
3667 1934 3776 1998 po·

936 2021 1178 2084 tuerint
1217 2041 1424 2106 neque
1466 2020 1531 2083 in
1575 2017 1700 2082 hac
1740 2025 1927 2104 parte
1970 2015 2343 2104 praesidum
2387 2025 2720 2104 respectus
2765 2016 3130 2104 profecerit,
3175 2036 3487 2080 accusare
3537 2010 3776 2076 debent

936 2118 1111 2206 apud
1170 2126 1488 2183 rectorem
1546 2117 1986 2181 universitatis
2045 2127 2324 2200 nostrae,
2383 2117 2493 2205 qui
2550 2117 2630 2182 de
2683 2116 2813 2183 illis
2868 2116 3240 2182 coercendis
3300 2137 3450 2181 cum
3505 2108 3770 2177 consilio

936 2240 1050 2283 suo
1098 2216 1483 2283 deliberabit
1526 2225 1718 2305 atque
1762 2225 2015 2282 statuet.

857 2393 917 2448 15
2166 2384 2383 2448 Caput
2418 2385 2540 2435 vn.

1102 2514 1174 2580 Si
1214 2516 1357 2603 quis
1400 2517 1855 2600 magistrorum
1902 2516 2238 2580 convictus
2277 2516 2471 2580 fuerit
2510 2515 2831 2602 flagitiose
2873 2514 3135 2602 aliquid,
3180 2516 3246 2579 in
3288 2512 3558 2599 collegio
3585 2530 3767 2597 prae·

939 2616 1176 2698 sertim,
1220 2625 1652 2702 perpetrasse,
1698 2616 1913 2679 statim
1958 2616 2253 2701 privetur
2299 2636 2339 2678 a
2380 2624 2634 2680 rectore
2675 2625 2740 2681 et
2780 2614 3190 2703 praesidibus
3235 2633 3500 2677 munere
3542 2632 3669 2674 suo.

2153 2816 2362 2880 caput
2398 2816 2544 2868 vm.

1102 2947 1565 3035 Magistrorum
1605 2949 1728 3013 erit
1766 2947 2010 3032 videre,
2069 2970 2150 3012 ne
2201 2946 2361 3035 quid
2403 2946 2582 3034 apud
2640 2945 2988 3035 inquilinos
3042 2969 3376 3014 armorum
3424 2945 3762 3034 repositum

856 3047 1030 3113 zosit
1070 3069 1278 3135 neque
1332 3046 1415 3113 ab
1465 3047 1595 3112 illis
1651 3056 1979 3130 tractetur,
2041 3069 2262 3111 eorum
2304 3047 2710 3133 praesertim,
2766 3068 2933 3132 quae
2988 3047 3188 3112 noxia
3240 3068 3386 3111 esse
3429 3046 3645 3126 solent,
3699 3052 3766 3106 ut

943 3157 1088 3213 sunt
1132 3168 1323 3213 arcus
1366 3155 1430 3213 et
1473 3168 1636 3234 quae
1678 3144 2080 3213 bombardae
2105 3154 2439 3230 vocantur,
2477 3154 2540 3211 et
2582 3146 2888 3236 quicquid
2927 3156 3388 3213 tormentorum
3431 3147 3497 3210 in
3536 3163 3763 3232 genere

941 3256 1056 3313 est.
1145 3246 1216 3312 Si
1262 3248 1403 3334 quis
1448 3255 1674 3311 contra
1719 3247 2210 3334 permissionem
2255 3247 2712 3332 magistrorum
2756 3246 2867 3312 illa
2907 3246 3149 3311 habere
3191 3255 3308 3311 aut
3344 3246 3592 3311 omnino
3634 3240 3761 3306 ullo

938 3350 1005 3413 in
1051 3344 1466 3413 contubernio
1508 3344 1862 3410 obversans
1907 3345 2012 3410 die
2055 3355 2330 3411 noctuve
2373 3356 2632 3431 gestare
2675 3368 2870 3411 ausus
2911 3346 3133 3427 fuerit,
3175 3345 3517 3410 mulctetur
3555 3365 3594 3407 a
3629 3362 3762 3405 ma·

940 3447 1158 3533 gistris
1217 3444 1579 3534 quadrante
1637 3445 1854 3511 florini
1914 3455 1977 3511 et
2032 3444 2314 3511 renitens
2372 3469 2452 3511 ac
2507 3445 2809 3512 mulctam
2871 3444 3122 3511 solvere
3176 3467 3485 3511 recusans
3539 3438 3762 3507 rectori

857 3555 921 3612 2⁵
941 3546 1379 3612 universitatis
1423 3544 1761 3610 indicetur.

2182 3698 2396 3764 Caput
2431 3698 2527 3749 IX.
2909 3686 2944 3729 ι’

1107 3827 1489 3916 Quicunque
1562 3829 2022 3916 magistrorum
2083 3830 2496 3917 conspexerit
2557 3830 2626 3894 in
2684 3829 2814 3894 ullo
2877 3826 3137 3917 publico
3199 3831 3575 3917 privatoque
3628 3826 3760 3893 loco

942 3927 1295 4014 discipulos
1351 3928 1659 4011 rixantes,
1706 3928 2184 4012 tumultuantes,
2245 3929 2691 4015 confligentes,
2749 3951 3016 4015 operam
3076 3928 3287 4012 dabit,
3343 3939 3418 3994 ut
3457 3928 3760 3995 contentio

948 4026 1206 4093 sedetur
1250 4036 1313 4091 et
1353 4038 1423 4091 ut
1466 4036 1722 4093 autores
1768 4028 2134 4114 puniantur.
2217 4027 2525 4093 Similiter
2577 4030 2689 4114 qui
2751 4028 2971 4094 datum
3018 4028 3324 4094 damnum
3375 4028 3571 4093 rebus
3626 4049 3758 4092 con·

860 4135 929 4192 30
948 4124 1227 4191 tubernii
1268 4129 1645 4213 cognoverit
1699 4137 1763 4192 et
1819 4126 2354 4209 dissimulaverit,
2410 4128 2466 4191 is
2524 4129 2705 4210 scito,
2763 4148 2834 4193 se
2886 4127 3262 4193 fidelitatem
3315 4127 3598 4193 debitam
3635 4126 3758 4192 uni·

941 4226 1237 4290 versitati
1274 4236 1537 4292 nostrae
1568 4226 1856 4292 -violasse
1908 4235 1990 4307 et,
2037 4227 2174 4290 sive
2230 4225 2311 4291 de
2366 4225 2596 4292 fraude
2647 4249 2760 4292 seu
2813 4226 2893 4292 de
2948 4226 3342 4313 negligentia
3381 4229 3588 4315 ipsius
3629 4248 3759 4291 con·

945 4326 1210 4408 stiterit,
1275 4347 1520 4411 poenas
1582 4327 1848 4390 meritas
1912 4324 2388 4413 persoluturum
2429 4348 2588 4392 esse.
2673 4327 2808 4413 Ipsi
2869 4328 3170 4413 magistri
3229 4326 3438 4393 modis
3483 4324 3759 4392 omnibus

944 4446 1210 4512 operam
1277 4424 1557 4506 dabunt,
1620 4436 1691 4489 ut
1755 4423 2105 4512 discipulos
2160 4434 2226 4490 et
2287 4424 2781 4492 contubernales
2840 4448 2971 4492 non
3037 4426 3242 4493 solum
3305 4426 3597 4492 oratione
3659 4421 3760 4488 sed

884 4574 889 4579 ,
943 4525 1138 4590 etiam
1179 4524 1316 4589 vita
1362 4546 1483 4589 sua
1519 4525 1859 4607 instruant,
1902 4525 2202 4611 inprimis
2240 4523 2571 4590 levitatem
2611 4535 2675 4590 et
2714 4524 3177 4613 turpitudinem
3220 4525 3538 4591 dictorum
3578 4524 3759 4588 facto·

860 4633 926 4691 35
946 4646 1171 4689 rumve
1246 4623 1330 4688 ab
1386 4622 1641 4689 illorum
1699 4623 1900 4689 oculis
1957 4634 2021 4689 et
2080 4622 2345 4690 auribus
2415 4623 2865 4708 removebunt,
2934 4625 3234 4689 convivia
3298 4624 3758 4712 intempestiva,

944 4723 1304 4811 potationes
1351 4721 1689 4804 deformes,
1734 4724 1934 4808 rixas,
1992 4723 2260 4789 scuriles
2301 4723 2482 4791 lusus
2523 4723 2810 4789 vitand0.
2882 4724 3013 4806 Qui
3059 4733 3282 4789 contra
3323 4725 3569 4807 fecerit,
3616 4721 3758 4789 mul·

948 4831 1115 4888 ctam
1156 4822 1342 4889 unius
1382 4821 1600 4888 florini
1641 4818 1894 4888 solvito.

2202 4941 2334 5007 Cap
2350 4949 2415 4993 ut
2447 4943 2513 4994 X.

1110 5070 1492 5137 Rectissime
1535 5071 1796 5160 quidem
1847 5073 2266 5159 praecipitur,
2321 5072 2842 5139 assuefaciendos
2887 5093 3029 5139 esse
3072 5071 3157 5137 ad
3209 5095 3395 5137 usum
3437 5069 3759 5137 locutionis

867 5171 1187 5240 wlatinae
1230 5171 1548 5238 studiosos
1590 5171 1850 5259 linguae
1887 5171 2091 5256 illius3
2149 5172 2265 5239 sed
2302 5172 2444 5256 hoc,
2483 5173 2610 5238 nisi
2651 5194 2811 5239 vera
2850 5174 3106 5238 ratione
3148 5170 3280 5255 fiat,
3320 5182 3527 5237 nocet.
3603 5171 3758 5236 Nam

951 5281 1191 5338 temere
1247 5292 1623 5359 quacunque
1675 5271 1896 5358 lingua
1949 5274 2081 5356 usi,
2137 5273 2477 5338 veritatem
2530 5271 2705 5339 illius
2761 5271 2935 5339 mala
2986 5270 3447 5339 consuetudine
3490 5294 3754 5339 eorrum-
