4038 6358
934 673 1055 738 422
1913 671 2012 721 Die
2048 669 2486 735 philosophi-che
2518 669 2775 721 Facultiit.

933 851 1441 940 disputationum
1491 850 1965 918 ordinariamm
2008 858 2137 915 und
2192 852 2644 941 complentium
2689 859 2961 934 anqeleyt
3003 860 3248 917 wurden
3291 860 3427 935 (1³91.
3482 858 3774 919 Urknndl.

937 959 1186 1024 Quellen
1226 956 1288 1019 S.
1334 955 1486 1029 858,
1544 976 1633 1015 wo
1684 956 2016 1029 fc'z’lsclzlich
2064 956 2264 1021 1489b
2307 958 2639 1034 anqeqeben
2686 957 2791 1030 ist)
2811 1002 2826 1029 ,
2897 976 2962 1014 so
3024 959 3247 1032 diirfen
3301 957 3413 1015 wir
3465 960 3633 1018 wohl
3681 960 3776 1019 mit

932 1056 1259 1117 Sicherheit
1301 1057 1646 1131 bekaupten,
1689 1057 1834 1114 dass
1871 1055 2031 1115 dicae
2072 1058 2426 1116 Bescltliisse
2467 1057 2563 1115 ins
2606 1057 3146 1116 &mmet-semaam
3191 1058 3350 1123 1488
3385 1060 3618 1133 fallen.

1455 1244 1549 1305 10.
1595 1231 1717 1322 [Bl.
1748 1233 1893 1321 23⁸]
1947 1254 2044 1302 DE
2088 1253 2287 1303 110110
2329 1253 2639 1303 ananum
2677 1254 2769 1302 ΕΤ
2813 1253 3253 1303 maranum

843 1376 877 1432 5
1097 1367 1421 1433 Statutum
1479 1378 1609 1451 est,
1652 1390 1875 1433 omnes
1932 1370 2282 1455 magistros
2336 1369 2553 1456 legere
2610 1369 2847 1435 debere
2899 1370 2968 1434 in
3018 1368 3246 1434 habitu
3300 1366 3672 1454 magistrali
3709 1378 3770 1433 et

925 1468 1149 1531 mittra
1188 1469 1324 1532 sive
1369 1469 1613 1555 pirreto
1659 1490 1806 1533 cum
1850 1469 2180 1556 scapulari
2223 1468 2566 1556 diligenter
2617 1479 2681 1534 et
2737 1469 3062 1535 fructuose
3119 1470 3291 1534 omni
3344 1467 3450 1533 die
3505 1466 3771 1554 108111111,

931 1565 1276 1631 secundum
1336 1566 1781 1632 distinctiones
1840 1588 1958 1655 per
2007 1568 2380 1634 facultatem
2437 1578 2744 1651 statutas,
2791 1570 2930 1634 sine
2975 1568 3123 1634 dolo
3167 1577 3231 1633 et
3271 1567 3539 1649 fraude,
3581 1565 3771 1632 nichil

927 1675 1146 1730 textus
1189 1665 1358 1731 soliti
1397 1666 1530 1753 legi
1573 1667 1869 1731 omittere
1913 1675 1976 1731 et
2016 1690 2147 1733 non
2190 1668 2348 1733 alibi
2391 1691 2585 1755 quam
2627 1669 2697 1733 in
2741 1668 3002 1756 publico
3043 1667 3207 1733 loco.
3291 1666 3474 1732 Idem
3533 1666 3772 1781 placuit

929 1764 1010 1830 de
1052 1765 1534 1848 exercentibus,
1579 1765 1757 1853 quod
1811 1767 1983 1831 omni
2029 1765 2133 1831 die
2188 1767 2476 1854 legibili
2493 1767 2835 1855 diligenter
2880 1777 2943 1832 et
2982 1790 3099 1855 per
3141 1766 3406 1833 modum
3453 1766 3767 1832 examinis

848 1875 911 1930 10
932 1864 1294 1953 disputent,
1337 1863 1578 1929 nullam
1636 1867 2077 1951 quaestionem
2140 1867 2397 1932 solitam
2442 1867 2764 1955 disputari
2821 1865 3202 1949 omittendo,
3247 1876 3315 1931 et
3369 1866 3726 1931 similiter
3707 1889 3768 1930 111

929 1964 1069 2030 1000
1113 1963 1374 2052 publico
1417 1966 1487 2030 in
1532 1972 1815 2075 aestate,
1858 1966 1926 2029 in
1978 1965 2188 2030 hieme
2231 1988 2385 2032 vero
2442 1967 2510 2031 in
2563 1966 2830 2033 lectorio
2872 1965 2978 2032 vel
3035 1965 3228 2031 stuba
3271 1966 3764 2046 communitatis,

923 2065 1051 2128 nisi
1096 2064 1392 2130 dominus
1449 2046 1733 2129 decanus
1792 2087 1922 2129 una
1976 2089 2119 2131 cum
2172 2064 2534 2131 senioribus
2587 2076 2857 2154 propter
2913 2066 3306 2153 paucitatem
3363 2063 3765 2129 audiencium

933 2174 1048 2229 aut
1083 2163 1210 2229 loci
1254 2164 1851 2230 inconvenienciam
1891 2163 1997 2229 vel
2052 2164 2249 2229 aliam
2301 2165 2752 2232 rationabilem
2813 2188 3075 2231 causam
3131 2164 3649 2252 dispensaverit,
3701 2173 3762 2228 ut

925 2264 1066 2348 quis
1129 2266 1196 2328 in
1250 2287 1366 2329 sua
1418 2262 1829 2329 habitacione
1883 2264 2222 2351 disputare
2277 2267 2499 2353 possit.
2586 2265 2781 2346 Quod
2824 2266 2879 2329 si
2927 2266 3072 2352 quis
3126 2266 3594 2350 magistrorum
3647 2286 3762 2328 11011

847 2372 907 2426 15
931 2364 1103 2427 0111111
1148 2363 1252 2428 (110
1293 2361 1543 2450 108111111
1584 2363 1761 2449 legat
1804 2372 1916 2428 aut
1955 2374 2276 2446 exerceat,
2320 2364 2494 2450 quod
2536 2366 2907 2429 visitatores
2952 2365 3213 2449 signare
3255 2372 3576 2447 tenentur,
3619 2386 3758 2450 quo·

924 2463 1090 2526 tiens
1132 2463 1270 2527 sine
1313 2461 1673 2528 excusabili
1718 2485 1915 2527 causa
1957 2462 2345 2549 neglexerit,
2402 2465 2647 2527 tociens
2708 2462 2788 2527 de
2845 2485 2960 2528 suo
3017 2462 3254 2527 salario
3315 2463 3595 2528 facultas
3647 2461 3760 2527 sibi

922 2571 1212 2626 reservet
1268 2561 1431 2628 duos
1480 2584 1745 2648 grossos
1799 2563 1967 2628 inter
2024 2563 2376 2649 magistros
2433 2562 2686 2628 consilii
2738 2562 3066 2627 facultatis
3106 2561 3616 2627 distribuendos.
3696 2561 3753 2627 Si

927 2662 1068 2747 quis
1112 2684 1269 2727 vero
1323 2662 1722 2726 infructuose
1770 2662 1912 2727 sine
1965 2663 2233 2748 proprio
2290 2670 2476 2726 textu
2521 2671 2583 2727 et
2624 2685 2755 2727 non
2797 2661 3146 2727 secundum
3210 2661 3657 2727 distinctiones
3702 2669 3757 2725 et

926 2760 1366 2827 ordinationes
1425 2759 1756 2826 facultatis
1808 2760 2042 2847 legerit
2093 2760 2201 2825 vel
2258 2762 2627 2826 exercuerit
2680 2771 2775 2845 et,
2832 2784 2952 2849 per
3008 2763 3380 2826 visitatores
3435 2761 3754 2825 caritative

840 2859 1129 2925 20semel
1171 2868 1286 2925 aut
1325 2859 1426 2925 bis
1473 2861 1785 2942 monitus,
1834 2883 1902 2926 se
1947 2859 2293 2925 emendare
2335 2882 2467 2925 non
2512 2862 2868 2944 curaverit,
2913 2869 3066 2925 tunc
3105 2859 3343 2926 debent
3384 2860 3510 2924 hoc
3551 2860 3752 2925 visita·

923 2969 1098 3026 tores
1140 2969 1432 3046 tempore
1485 2958 1956 3025 distributionis
2013 2969 2240 3045 pastus
2299 2958 2591 3024 facultati
2651 2982 3013 3048 proponere
3058 2969 3124 3025 et
3162 2959 3440 3025 facultas
3498 2959 3750 3026 eundem

927 3082 1139 3147 poena
1184 3060 1625 3145 suspensionis
1665 3068 1777 3124 aut
1818 3058 1949 3123 alia
1993 3058 2341 3124 arbitrarie
2392 3061 2640 3146 punire.

1706 3248 1796 3308 11.
1839 3260 1934 3307 nn
1975 3259 2343 3307 museum
2383 3259 2583 3309 110110
2624 3259 2984 3309 Annaeum.

1087 3374 1414 3441 Statutum
1459 3385 1586 3458 est,
1644 3397 1866 3440 omnes
1911 3373 2307 3461 complentes
2365 3398 2485 3462 pro
2541 3374 2754 3461 gradu
2800 3374 3016 3460 aliquo
3069 3375 3137 3439 in
3192 3373 3445 3439 artibus
3487 3396 3533 3439 a
3572 3373 3748 3437 tercia

838 3485 905 3540 25
925 3476 1198 3541 lectione
1241 3473 1345 3540 vel
1400 3476 1720 3541 exercicio
1764 3483 1827 3540 et
1873 3473 2180 3559 deinceps
2237 3476 2411 3538 omni
2465 3474 2570 3539 die
2624 3474 2874 3560 legibili
2917 3496 3061 3538 cum
3104 3482 3308 3556 textu,
3365 3482 3440 3538 ut
3490 3474 3561 3537 in
3611 3471 3747 3535 anti·

923 3578 1067 3662 quis
1112 3576 1369 3641 statutis
1414 3574 1798 3657 declaratur,
1852 3576 2166 3638 interesse
2207 3572 2462 3657 debere,
2510 3574 2629 3640 sub
2674 3597 2886 3661 poena
2929 3572 3180 3638 dimidii
3222 3574 3457 3659 grossi,
3503 3573 3745 3651 tociens,

923 3677 1219 3763 quotiens
1262 3697 1465 3740 ‘secus
1530 3682 1971 3760 perpetratum
2033 3673 2256 3755 fuerit,
2321 3672 2853 3738 irremissibiliter
2908 3682 3199 3760 tempore
3260 3671 3745 3759 dispensacionis

920 3774 1349 3861 persolvendi.

1842 3909 1936 3971 12.
1981 3922 2077 3969 DE
2121 3921 2321 3970 110110
2364 3921 2853 3971 nxncn'noms.
2931 3885 2936 3892 ⁵

840 4049 910 4106 30
1094 4037 1225 4103 Pro
1282 4038 1473 4104 firma
1530 4047 1594 4103 et
1652 4036 1873 4103 stabili
1928 4035 2455 4124 praecedentium
2515 4033 2895 4103 executione
2954 4039 3179 4103 statuit
3237 4036 3549 4120 facultas,
3604 4032 3745 4125 quod

929 4138 1101 4205 omni
1159 4140 1514 4204 mutatione
1573 4137 1893 4224 eligantur
1952 4159 2037 4202 ex
2094 4136 2402 4202 facultate
2457 4146 2589 4202 tres
2647 4146 2981 4202 taxatores
3040 4136 3211 4201 ultra
3271 4136 3607 4219 decanum,
3658 4134 3743 4223 qui

925 4237 1117 4304 debet
1158 4259 1301 4303 esse
1344 4246 1634 4326 quartus,
1675 4246 1739 4301 et
1778 4245 2056 4324 quatuor
2085 4239 2454 4302 visitatores
2494 4237 2634 4301 sive
2675 4246 3074 4319 executoreS,
3117 4245 3248 4301 tres
3291 4236 3742 4324 dispensatores

921 4361 1052 4404 una
1094 4361 1241 4403 cum
1284 4336 1550 4419 decano,
1593 4337 1703 4423 qui
1745 4358 1863 4423 per
1900 4345 2038 4400 tres
2084 4344 2195 4401 aut
2241 4345 2515 4423 quatuor
2560 4334 2703 4428 dies
2750 4345 2900 4400 ante
2944 4327 3496 4422 dispensationem
3537 4333 3740 4423 princi·

924 4437 1137 4526 palem
1183 4429 1527 4524 diligenter
1567 4438 1899 4524 inquirant
1941 4433 2024 4499 de
2068 4434 2370 4500 omnibus
2412 4433 2789 4516 defectibus,
2848 4434 2930 4499 de
2973 4435 3208 4523 quibus
3251 4435 3561 4522 specialis
3601 4455 3741 4501 men-

838 4549 905 4604 35
926 4540 1017 4604 tio
1055 4537 1200 4602 fieri
1242 4559 1369 4603 non
1409 4544 1622 4624 potest
1661 4536 1729 4599 in
1770 4533 2059 4621 generali
2099 4534 2609 4622 dispensacione.
2653 4532 2757 4623 [23
2771 4532 2824 4621 b]
2897 4533 2986 4599 Et
3027 4536 3098 4598 in
3138 4534 3512 4601 huiusmodi
3552 4534 3741 4601 labore

924 4647 990 4703 et
1019 4637 1372 4723 diligencia
1413 4633 1685 4721 quilibet
1712 4633 2234 4721 dispensatorum
2263 4633 2454 4702 debet
2489 4633 2732 4699 habere
2759 4657 2955 4700 unum
2996 4634 3316 4699 florenum
3358 4634 3454 4700 rh.
3498 4657 3540 4701 a
3577 4629 3740 4700 facul-

925 4748 1081 4803 tate.
1162 4736 1253 4801 Et
1295 4737 1380 4801 sit
1429 4758 1596 4799 unus
1650 4735 2000 4820 inscriptor
2057 4755 2178 4821 pro
2224 4732 2655 4800 continuando
2707 4734 2875 4800 libro
2935 4734 3074 4799 sive
3129 4734 3410 4820 registro
3454 4732 3741 4822 complen-

922 4839 1084 4904 tium
1131 4846 1196 4902 et
1234 4832 1650 4901 inscribendo
1694 4855 1919 4899 omnes
1959 4832 2354 4920 complentes
2402 4855 2545 4898 cum
2611 4834 2746 4898 suis
2801 4832 3160 4899 defectibus
3217 4843 3281 4898 et
3334 4831 3740 4921 negligenciis.

921 4936 1184 5002 Debent
1230 4944 1443 5000 autem
1490 4937 1584 4999 sic
1640 4931 1733 4998 illi
1787 4932 2068 5020 praefati
2110 4930 2418 4998 officiales
2460 4932 2634 5020 eligi,
2681 4942 2772 5016 ut,
2828 4935 2938 5022 qui
2990 4932 3191 4999 habet
3228 4956 3425 4998 unum
3470 4933 3739 5010 officium,

840 5046 908 5100 40
925 5035 1200 5101 alterum
1240 5032 1483 5099 habere
1523 5054 1653 5097 non
1699 5033 1939 5119 possit,
1982 5041 2054 5096 ut
2096 5033 2190 5096 310
2232 5040 2298 5096 οι
2340 5054 2537 5098 onera
2579 5041 2645 5097 et
2688 5031 3120 5098 emolumenta
3160 5032 3522 5120 aequaliter
3561 5029 3737 5096 distri·

929 5133 1211 5199 buantur
1274 5142 1339 5197 et
1402 5155 1478 5197 eo
1542 5131 1926 5217 diligencius
1993 5141 2409 5216 exequantur.
2489 5132 2725 5198 Posset
2791 5134 2960 5198 enim
3024 5133 3428 5218 contingere,
3497 5131 3739 5220 aliquem

924 5234 1178 5320 pigrum
1225 5233 1416 5319 plura
1457 5230 1669 5296 officia
1709 5229 1951 5296 habere
1993 5239 2058 5294 et
2092 5230 2337 5295 nullum
2375 5233 2628 5320 exequi,
2673 5241 2740 5298 et
2781 5233 2874 5297 sic
2913 5230 3177 5297 caderet
3216 5231 3539 5298 ordinatio
3574 5226 3736 5297 facul·

924 5332 1095 5396 tatis.
1177 5330 1441 5396 Debent
1480 5339 1696 5398 tamen
1741 5329 2055 5416 clavigeri
2099 5329 2251 5418 eligi
2293 5352 2412 5419 per
2452 5334 2747 5400 nationes
2793 5334 2980 5398 iuxta
3021 5332 3359 5420 antiquum
3395 5331 3663 5402 modum.
