4038 6358
1156 639 1324 692 Dritte
1361 639 1890 707 satutem-odaeum,
1929 647 2037 692 von
2080 637 2455 694 mlh—1490.
3107 637 3229 704 409

231 808 458 904 profi
471 820 528 884 6
547 811 1153 906 ¹²]movendorum
1164 873 1184 908 ,
1227 825 1286 889 si
1329 823 1456 890 sibi
1497 833 1826 909 constant,
1871 823 1993 891 sub
2048 847 2165 892 suo
2206 825 2599 906 iuramento,
2643 822 2755 908 qui
2796 823 2865 887 in
2906 819 3225 887 confusio-

231 937 418 982 nem
469 915 902 988 facultatis
943 945 1218 1012 vergere
1259 933 1568 1013 possentt.

249 1119 362 1181 12
435 1115 1166 1212 Subsequencia
1205 1124 1561 1212 legenda
1603 1135 1794 1192 sunt
1833 1124 2514 1194 baccalariandis
2559 1134 2751 1212 post
2790 1119 3227 1189 admissio-

251 1237 464 1282 nem
517 1225 976 1310 tempore
1019 1227 1746 1311 praesentacionis
1791 1249 2094 1309 eorum,
2138 1235 2215 1290 et
2267 1226 2536 1312 primo
2582 1223 2673 1290 de
2714 1221 3228 1290 obediencia.

461 1351 724 1438 „Ego
786 1355 881 1421 .N.
943 1358 1087 1424 iuro
1128 1358 1318 1424 vobis
1385 1359 1631 1426 decano
1693 1369 1760 1424 et
1819 1360 2058 1425 vestris
2116 1357 2601 1425 successoribus
2661 1356 3101 1423 reverenciam
3162 1364 3228 1421 et
3278 1364 3313 1421 5

265 1448 834 1520 obedienciam
873 1456 944 1520 in
983 1456 1180 1523 licitis
1225 1468 1288 1525 et
1330 1459 1640 1542 honestis,
1682 1467 1747 1524 et
1782 1481 2049 1524 servare
2091 1467 2333 1524 statuta
2377 1464 2441 1522 et
2478 1455 2818 1522 statuenda
2873 1479 2993 1543 pro
3036 1477 3233 1543 posse

270 1556 346 1613 et
391 1571 678 1634 nosse,
747 1563 815 1619 et
855 1577 1210 1641 procurare
1249 1558 1489 1625 bonum
1533 1558 1920 1624 facultatis.“

481 1650 760 1732 „Item
789 1654 954 1737 iure,
987 1655 1160 1744 quod
1191 1659 1361 1724 infra
1389 1657 1780 1746 quindenam
1814 1657 2008 1723 velim
2050 1656 2300 1723 solvere
2340 1655 2633 1722 facultati
2671 1679 2871 1722 unum
2912 1655 3230 1721 florenum

289 1749 752 1816 reinensem
791 1750 897 1819 vel
942 1757 1379 1843 aequivalens,
1427 1767 1494 1824 et
1536 1755 1874 1822 dimidium
1917 1755 2233 1822 florenum
2272 1781 2390 1844 pro
2433 1757 2590 1821 fisco
2630 1755 3091 1837 universitatis,
3128 1751 3232 1819 vel

295 1849 662 1916 obtinere
718 1852 1017 1919 eiusdem
1056 1855 1426 1923 dilationem
1466 1857 1571 1922 vel
1611 1857 2056 1923 dimissionem
2102 1855 2187 1921 ab
2230 1856 2521 1922 eadem.“
3250 1862 3313 1917 10

491 1949 760 2033 „Item
805 1975 927 2040 ego
969 1955 1112 2022 iuro
1129 2004 1148 2038 ‚
1192 1956 1365 2045 quod
1407 1967 1702 2045 tempore
1745 1957 2296 2022 determinationis
2352 1978 2536 2022 meae
2575 1955 2869 2021 nuncciis
2914 1954 3230 2019 universi-

303 2052 485 2116 tatis
542 2051 890 2120 adminus
932 2052 1104 2120 dabo
1149 2065 1422 2143 quatuor
1463 2056 1792 2142 grossos.“

317 2255 424 2318 13.
476 2250 1034 2343 Subscripta
1076 2264 1440 2343 tempore
1482 2257 2205 2344 praesentacionis
2244 2265 2325 2320 et
2364 2257 2618 2322 eciam
2662 2253 3231 2344 promocionis

860 2353 1517 2422 baccalariandi
1555 2359 1838 2422 iurare
1883 2356 2193 2423 debent
2234 2364 2316 2420 et
2354 2363 2759 2421 tenentur.

519 2485 746 2574 „Ego
765 2547 770 2554 .
791 2487 958 2572 iuro,
1002 2488 1179 2576 quod
1221 2491 1413 2556 istum
1456 2491 1734 2576 gradum
1775 2493 1844 2556 in
1886 2490 2065 2556 nulla
2103 2489 2234 2556 alia
2270 2489 2693 2555 universitate
2732 2486 3119 2554 resumam.“
3252 2493 3313 2550 15

513 2585 757 2668 „Item
774 2636 793 2670 ‚
838 2587 1067 2674 quod
1051 2611 1120 2654 m
1158 2590 1286 2655 ista
1325 2591 1746 2656 universitate
1787 2589 1974 2656 stabo
2017 2612 2139 2678 per
2183 2589 2344 2656 duos
2402 2611 2606 2655 annos
2662 2586 2935 2674 legendo
2949 2635 2969 2670 ‚
3010 2585 3232 2672 dispu-

337 2684 564 2751 tando
613 2683 739 2750 vel
780 2685 1078 2754 adminus
1121 2687 1402 2778 aliquem
1443 2691 1906 2777 magistrorum
1945 2691 2014 2755 in
2056 2688 2330 2755 lectione
2371 2687 2477 2754 vel
2519 2687 2843 2754 exercicio
2886 2682 3231 2801 audiendo,

337 2785 476 2850 nisi
523 2808 667 2872 per
713 2785 1088 2852 facultatem
1133 2811 1329 2877 super
1368 2789 1494 2855 hoc
1534 2811 1783 2854 mecum
1826 2789 2023 2854 fuerit
2061 2787 2521 2876 dispensatum.
2526 2788 2566 2823 “

523 2885 756 2968 „Item
770 2935 790 2969 ,
834 2886 1011 2973 quod
1051 2886 1292 2953 bonum
1335 2888 1528 2954 huius
1567 2891 2012 2956 universitatis
2054 2899 2120 2954 et
2158 2887 2488 2955 facultatis
2546 2889 2795 2954 arcium
2808 2936 2828 2971 ‚
2871 2884 2959 2952 ad
3016 2906 3231 2972 quem-

346 3005 626 3074 cunque
678 2992 916 3051 statum
963 2984 1303 3072 devenero,
1345 2987 1542 3054 velim
1583 3011 1954 3077 procurare.
1959 2989 2004 3024 “
3246 2987 3315 3048 20

533 3085 780 3169 „Item‚
825 3085 998 3174 quod
1037 3108 1170 3152 non
1211 3087 1407 3153 velim
1449 3087 1880 3154 determinare
1922 3089 2051 3154 nisi
2089 3088 2312 3154 habito
2356 3089 2622 3175 signeto.
2627 3087 2667 3122 “

983 3258 1078 3321 14.
1137 3270 1233 3319 DE
1277 3270 1618 3323 emnem
1657 3274 1822 3322 Locl
1863 3274 2010 3322 ιιοιι
2052 3272 2636 3323 nmmum-rmus.

536 3385 720 3451 Item
757 3407 892 3450 non
936 3383 1373 3453 determinans
1427 3398 1576 3453 ante
1624 3389 1818 3455 finem
1877 3390 2207 3475 sequentis
2262 3389 2581 3454 examinis
2638 3410 2859 3453 omnes
2915 3384 3233 3452 admissos

367 3484 435 3547 in
466 3484 592 3550 tali
643 3486 947 3551 examine
986 3496 1312 3575 sequatur,
1354 3489 1482 3554 nisi
1525 3510 1608 3553 ex
1653 3511 1853 3554 causa
1889 3486 2266 3553 rationabili
2304 3486 2486 3554 locus
2528 3486 2655 3553 sibi
2697 3509 2814 3574 per
2851 3483 3227 3552 facultatem

363 3582 568 3649 fuerit
610 3594 1013 3652 reservatus.
1095 3586 1186 3651 Et
1231 3586 1454 3653 eodem
1496 3587 1689 3654 modo
1731 3588 1846 3653 fiat
1889 3587 1970 3652 de
2012 3586 2161 3653 aliis
2206 3586 2615 3653 examinibus
2672 3582 3087 3675 sequentibus
3101 3633 3121 3668 ‚
3171 3584 3310 3648 si25

374 3690 528 3747 ante
569 3684 774 3751 finem
821 3708 1046 3753 eorum
1084 3708 1216 3752 non
1255 3685 1730 3753 determinabit.

1733 3852 1886 3918 IX.¹

855 3993 910 4053 1.
966 3982 1086 4075 [131.
1135 3985 1276 4075 17⁸]
1321 4003 1592 4052 vomens
1633 4005 1908 4053 PE'rmm
1949 4003 2403 4053 nnnssloimu
2442 4002 2757 4051 mmm:

540 4117 709 4182 Item
765 4118 983 4207 „quod
1039 4120 1210 4188 ultra
1266 4144 1370 4187 res
1427 4130 1490 4185 et
1547 4121 1750 4187 libros
1807 4144 1939 4187 non
1989 4121 2231 4188 habeat
2287 4120 2510 4187 decem
2564 4118 2846 4185 florenos
2901 4119 2983 4185 de
3031 4118 3223 4185 bonis

383 4210 796 4283 hereditariis
851 4218 958 4285 vel
1015 4220 1567 4310 quibuscunque.“
1675 4221 1764 4286 Et
1808 4220 1887 4285 de
1929 4220 2056 4287 hoc
2096 4220 2335 4287 habeat
2377 4215 2633 4309 aliquos
2674 4218 3065 4307 fidedignos‚
3110 4220 3223 4306 qui
3241 4227 3311 4283 30

387 4313 502 4380 sub
544 4319 960 4383 consciencia
1001 4341 1224 4385 eorum
1269 4320 1529 4404 dicant,
1572 4343 1714 4386 rem
1759 4322 1853 4385 ita
1894 4344 2065 4404 esse,
2109 4323 2277 4387 sicut
2315 4318 2703 4408 principalis
2742 4320 2945 4401 iurat,
2989 4318 3223 4406 quibus

395 4410 470 4477 (10
509 4426 900 4581 paupertate
941 4418 1078 4484 eius
1121 4428 1406 4504 constat3
1461 4430 1576 4485 aut
1614 4420 1778 4487 alias
1821 4421 2213 4487 sufficientes
2258 4421 2744 4488 informationes
2784 4420 2866 4486 de
2909 4441 3027 4485 sua
3068 4439 3225 4505 pau-

397 4523 642 4598 pertate
722 4519 941 4583 ecerit.

1025 4688 1082 4751 2.
1136 4703 1539 4754 marmus
1583 4704 1931 4766 Quouono
1973 4705 2208 4754 mmm
2256 4705 2577 4755 PaosAm.

543 4817 709 4882 Item
761 4824 1116 4905 paupertas
1157 4816 1431 4885 alicuius
1483 4821 1540 4887 si
1594 4820 1837 4908 wlgata
1889 4830 1952 4886 et
2009 4819 2233 4887 multis
2292 4830 2449 4887 nota
2493 4822 2561 4885 in
2616 4821 3039 4887 universitate
3092 4845 3222 4889 non
3239 4832 3305 4889 35

401 4914 633 4981 existitt
645 4967 664 5000 ‚
709 4915 980 5005 probari
1018 4926 1233 5004 potest
1269 4918 1501 4985 litteris
1545 4921 1886 4987 autenticis
1931 4942 2085 4986 suae
2130 4922 2415 4988 civitatis
2458 4921 2563 4987 vel
2601 4921 2879 4988 aliorum
2938 4931 3051 4989 aut
3100 4944 3219 5010 per

552 5174 577 5225 1
611 5168 692 5223 Es
723 5168 798 5223 ist
829 5166 922 5225 ein
953 5166 1121 5224 fieier
1143 5167 1304 5224 Platz
1335 5170 1604 5243 gelassen,
1643 5165 1936 5237 vielleicht,
1961 5184 2059 5221 um
2092 5168 2214 5225 eine
2246 5170 2817 5227 zusammenfasmde
2839 5168 3223 5228 Ueberschrift

401 5248 806 5324 aufzunehmen,
851 5253 1001 5310 denn
1045 5252 1194 5309 nach
1235 5254 1333 5309 der
1371 5260 1556 5309 ersten
1589 5251 2087 5309 Inhaltsiibersicht
2132 5271 2204 5308 zu
2240 5253 2507 5326 Anfange
2553 5255 2653 5310 der
2686 5254 2947 5311 Statuten
2986 5254 3221 5326 beginnt

401 5328 503 5390 hier
529 5336 831 5394 Abschnitt
865 5338 970 5395 IX.
1037 5336 1201 5397 Nach
1232 5337 1331 5395 der
1357 5337 1585 5394 zweiten
1623 5335 1954 5395 Uebersicht
1984 5336 2187 5393 bereits
2220 5338 2309 5395 bei
2342 5338 2501 5409 vm,
2536 5344 2584 5396 9.
