4038 6358
789 529 909 598 248
1918 533 2032 582 Das
2071 532 2252 584 kleine
2286 533 2495 596 colleg.

784 720 1005 777 nostro
1074 731 1269 797 super
1332 710 1521 776 domo
1576 710 1981 778 Wetterhein
2036 735 2119 778 ex
2180 721 2314 778 otto
2371 715 2538 792 (orto
2554 711 2616 793 5³)
2682 709 2936 804 collegii
2990 713 3156 779 inter
3212 714 3613 782 Fridericum

784 810 1181 897 Pflugritter,
1223 811 1666 876 universitatis
1707 811 2038 897 famulum,
2080 821 2145 878 et
2182 811 2519 879 Nicolaum
2561 811 2882 878 Kalcssen
2925 812 3162 879 situata
3203 813 3481 902 singulis
3517 837 3616 881 an·

787 911 890 975 nis
932 932 1051 975 sex
1091 908 1371 976 florenos
1410 912 1478 975 in
1521 913 1798 997 pecunia
1840 910 2202 996 solvendos,
2246 921 2313 978 et
2351 913 2423 978 in
2463 921 2783 995 eventum,
2823 933 2949 1000 quo
2992 934 3221 978 census
3267 913 3619 981 huiusmodi

787 1030 1069 1095 unquam
1111 1012 1388 1096 reempti
1425 1010 1684 1093 fuerint,
1728 1020 1967 1078 extunc
2003 1011 2300 1079 doctores
2342 1019 2406 1077 et
2443 1012 2745 1098 magistri
2789 1009 3128 1097 collegium
3170 1015 3479 1100 princeps
3510 1036 3619 1102 pro

703 1117 738 1174 5
786 1118 1081 1195 tempore
1122 1119 1684 1197 repraesentantes
1721 1133 2038 1178 summam
2081 1109 2427 1198 capitalem
2468 1133 2588 1198 pro
2630 1109 2774 1176 aliis
2815 1110 3114 1177 censibus
3156 1111 3620 1200 comparandis,

787 1208 1266 1297 quamprimum
1308 1211 1609 1296 poterint,
1652 1233 1978 1298 exponere
2017 1220 2376 1296 teneantur,
2418 1205 2523 1298 [29
2571 1207 2593 1298 ]
2639 1211 2814 1276 omni
2867 1208 3016 1282 dole
3058 1219 3125 1276 et
3160 1211 3394 1277 fraude
3437 1235 3622 1279 semo-

788 1309 894 1390 tis,
959 1307 1040 1372 de
1095 1328 1225 1394 qua
1279 1330 1501 1374 eorum
1557 1311 1995 1377 consciencias
2053 1309 2395 1377 voluerunt
2446 1308 2688 1375 habere
2744 1318 3066 1376 oneratas.
3149 1309 3372 1377 Debet
3426 1320 3626 1377 autem

790 1407 1276 1474 anniversarius
1320 1408 1594 1493 singulis
1640 1411 1826 1476 annis
1883 1411 2072 1476 iuxta
2120 1409 2528 1497 praedictum
2569 1416 2826 1495 tempus
2867 1408 2991 1475 hoc
3028 1409 3221 1477 modo
3263 1411 3624 1478 observari:

790 1508 859 1572 in
887 1507 1114 1594 primis
1156 1506 1273 1572 fiat
1312 1506 1533 1594 pulsus
1580 1507 1742 1575 hora
1778 1510 1993 1596 prima
2021 1532 2144 1597 pro
2171 1509 2417 1596 vigiliis
2458 1519 2524 1574 et
2565 1507 2672 1574 die
2713 1510 3008 1596 sequenti
3051 1507 3216 1575 alius
3248 1533 3371 1598 pro
3418 1513 3625 1579 missis

711 1615 777 1672 10
795 1607 1160 1672 animarum
1213 1604 1456 1672 ibidem
1508 1606 1931 1675 decantandis
1983 1607 2072 1674 ad
2124 1609 2330 1675 instar
2395 1607 2674 1674 aliarum
2728 1608 3168 1695 exequiarum,
3221 1632 3345 1696 pro
3403 1611 3628 1699 quibus

788 1704 996 1793 pulsis
1049 1704 1281 1800 dentur
1331 1705 1617 1793 pulsanti
1669 1706 1893 1773 decem
1944 1722 2028 1795 95.
2081 1709 2350 1795 antiqui,
2409 1709 2564 1775 item
2619 1706 2897 1796 plebano
2948 1706 3183 1772 dentur
3239 1708 3370 1776 duo
3430 1714 3630 1796 grossi

790 1806 961 1886 novi,
1017 1805 1111 1869 ita
1155 1803 1328 1893 quod
1367 1804 1662 1871 ultimam
1717 1806 2060 1876 lectionem
2112 1808 2182 1873 in
2223 1806 2468 1894 vigiliis
2528 1807 2706 1893 legat
2761 1815 2825 1872 et
2882 1805 3210 1872 dominica
3266 1811 3635 1875 anniversa·

793 1906 962 1970 rium
1018 1903 1447 1991 praecedente
1503 1904 1778 1971 eundem
1837 1908 2030 1972 certis
2087 1905 2318 1972 diebus
2374 1916 2528 1972 tunc
2584 1904 3000 1995 sequentibus
3055 1904 3520 1974 celebrandum
3561 1908 3636 1974 de

794 2002 1069 2070 ambone
1125 2004 1491 2069 manifestet
1547 2014 1612 2069 et
1668 2003 2031 2072 denunciet.
2109 2006 2272 2071 Item
2333 2004 2734 2093 subplebano
2795 2003 3026 2069 dentur
3084 2027 3249 2072 unus
3313 2021 3417 2091 95„
3492 2008 3637 2073 item

718 2114 781 2170 15
801 2100 1056 2169 custodi
1114 2110 1143 2169 1
1199 2118 1298 2188 95„
1370 2107 1522 2169 item
1584 2108 1623 2170 2
1673 2120 1752 2190 95.
1816 2104 1898 2170 de
1951 2104 2204 2171 duabus
2264 2106 2481 2170 missis
2542 2103 2661 2169 sub
2718 2097 2929 2171 officio
2986 2104 3437 2170 defunctorum
3492 2117 3638 2172 tunc

794 2200 1106 2290 legendis,
1188 2204 1342 2267 item
1396 2210 1423 2268 1
1473 2218 1553 2288 95.
1610 2203 1692 2269 de
1746 2224 1964 2291 panno
2018 2205 2106 2271 ad
2164 2202 2474 2287 tumbam,
2529 2205 2685 2268 item
2744 2211 2770 2269 1
2832 2220 2915 2290 95.
2968 2202 3052 2268 de
3104 2202 3461 2270 luminibus
3509 2207 3640 2272 sive

798 2300 1086 2368 candelis
1152 2302 1328 2366 circa
1385 2302 1694 2387 tumbam,
1750 2304 1907 2369 item
1961 2312 1991 2371 1
2041 2318 2120 2391 95.
2178 2303 2429 2370 duobus
2491 2301 2888 2369 choralibus:
2950 2303 3200 2368 faciunt
3257 2304 3327 2368 in
3393 2327 3640 2371 summa

802 2407 878 2469 12
915 2416 1000 2486 95.
1042 2408 1109 2466 et
1150 2409 1189 2469 4
1229 2404 1307 2483 03.
1381 2401 1567 2482 Quae
1604 2403 1864 2489 quidem
1904 2427 2160 2470 summa
2198 2403 2418 2470 totalis
2461 2401 2757 2468 tradatur
2799 2403 3059 2469 domino
3105 2401 3388 2490 plebano
3435 2406 3637 2470 sancti

795 2500 1052 2567 Nicolai
1097 2521 1216 2589 per
1261 2503 1708 2590 praepositum
1750 2502 2005 2590 collegii
2052 2502 2137 2569 ad
2192 2501 2727 2586 distribuendum,
2771 2503 2938 2567 sicut
2985 2502 3466 2590 praescriptum
3524 2514 3636 2569 est.

714 2610 783 2668 m
797 2601 962 2667 Item
1003 2623 1203 2666 unum
1244 2600 1555 2670 talentum
1600 2625 1789 2668 cerae
1827 2625 1949 2690 pro
1993 2601 2280 2670 candelis
2341 2601 2427 2668 ad
2486 2602 2880 2668 offertorium
2936 2600 3167 2666 fiendis
3225 2605 3634 2690 praepositus

798 2700 1055 2788 collegii
1097 2701 1416 2789 disponet.
1501 2701 1684 2767 Idem
1720 2703 1920 2768 etiam
1962 2704 2373 2791 praepositus
2429 2702 2739 2790 exequias
2792 2699 3182 2783 huiusmodi,
3236 2702 3308 2766 in
3349 2703 3640 2769 anniver-

798 2802 971 2867 sario
1012 2799 1339 2867 antedicto
1381 2800 1712 2885 tenendas,
1755 2811 1950 2889 prout
1993 2824 2194 2890 supra
2238 2803 2563 2888 signatum
2605 2810 2732 2885 est,
2786 2798 3157 2866 doctoribus
3197 2810 3262 2865 et
3308 2803 3641 2887 magistris

798 2898 1191 2966 denunciare
1232 2910 1503 2968 tenetur.
1584 2900 1674 2967 Et
1727 2901 1956 2989 peragi
1999 2899 2194 2967 debet
2236 2900 2609 2988 praedictus
2655 2899 3141 2965 anniversarius
3183 2922 3302 2986 per
3343 2901 3640 2990 collegia-

802 3007 904 3065 tos
945 2999 1137 3066 huius
1176 2999 1449 3086 collegii,
1507 3023 1779 3088 quorum
1828 2999 2102 3087 quilibet
2153 3001 2222 3065 in
2276 3010 2548 3088 utroque
2601 2999 2812 3065 officio
2869 3020 3178 3086 praesens
3228 2998 3505 3066 habebit
3542 3002 3644 3068 de-

718 3109 785 3164 25
803 3121 942 3165 cem
980 3113 1064 3188 95.
1106 3100 1424 3188 antiquos.
1488 3099 1562 3166 Si
1598 3124 1756 3169 vero
1799 3110 2140 3190 utrumque
2181 3098 2563 3187 neglexerit,
2607 3098 2856 3165 carebit
2895 3121 2983 3163 ex
3023 3107 3179 3181 toto,
3223 3100 3280 3164 si
3324 3110 3542 3167 autem
3576 3103 3642 3167 in

804 3199 1010 3265 altero
1049 3222 1273 3267 eorum
1315 3200 1594 3285 affuerit,
1646 3201 2059 3268 medietatem
2110 3200 2429 3266 duntaxat
2479 3198 2763 3265 habebit.
2846 3197 3160 3265 Similiter
3212 3221 3331 3287 per
3374 3224 3643 3269 conven-

800 3306 1031 3384 torem,
1075 3301 1133 3366 si
1173 3299 1559 3386 colleg-iatum„
1593 3324 1725 3368 non
1764 3302 1986 3385 fuerit,
2041 3320 2173 3366 una
2225 3322 2375 3366 cum
2416 3300 2698 3387 quinque
2736 3299 3067 3385 magistris
3119 3300 3414 3366 nacionis
3450 3300 3644 3367 bava·

798 3401 996 3482 ricae,
1053 3421 1214 3486 quos
1257 3409 1411 3487 post
1448 3400 1694 3467 obitum
1735 3400 2022 3468 doctoris
2063 3398 2238 3465 Sixti
2272 3400 2452 3465 natio
2494 3398 2810 3464 bavarica
2847 3396 3227 3481 nominabit,
3280 3421 3360 3464 ac
3402 3390 3645 3468 duobus

802 3498 1228 3583 studentibus,
1276 3499 1667 3587 stipendium
1709 3523 1793 3565 ex
1837 3498 2169 3586 saepefato
2193 3497 2477 3565 doctoris
2514 3506 2895 3563 testamento
2921 3495 3332 3581 habentibus,
3378 3522 3646 3587 quorum

717 3608 788 3665 30
805 3600 1267 3686 magistrorum
1309 3600 1522 3685 quivis
1583 3607 1859 3688 quatuor
1916 3597 2184 3665 habebit
2224 3613 2323 3683 φφ,
2380 3597 2712 3664 studentes
2755 3619 2913 3663 vero
2959 3595 3229 3683 quilibet
3291 3597 3460 3665 duos
3511 3610 3645 3665 tan-

801 3707 960 3781 tum,
1006 3720 1150 3763 cum
1193 3699 1464 3763 fecerint
1500 3696 1823 3764 facienda.
1862 3694 1966 3785 [30
1979 3694 2032 3783 ⁸]
2121 3696 2308 3779 Quae
2350 3699 2568 3764 omnia
2608 3706 2673 3762 et
2715 3695 2970 3783 singula
3011 3698 3423 3785 praescripta
3464 3722 3645 3786 prae-

803 3798 1053 3886 positus
1096 3797 1353 3884 collegii
1408 3798 1726 3885 principis
1778 3798 2156 3865 execucioni
2204 3796 2479 3863 fideliter
2533 3794 2955 3863 demandabit
3008 3805 3199 3883 atque
3243 3798 3544 3865 omnibus
3585 3808 3648 3864 et

808 3895 1081 3982 singulis
1135 3899 1320 3962 iuxta
1378 3906 1804 3983 praenarrata
1860 3895 2253 3964 solucionem
2294 3897 2537 3962 realem
2592 3896 2806 3962 faciet.
2892 3893 3146 3975 Quibus
3187 3898 3300 3979 sic,
3341 3907 3418 3962 ut
3463 3920 3644 3985 prae·

804 3996 1101 4079 mittitur,
1145 3994 1465 4083 expeditis
1503 4006 1570 4062 et
1625 3990 1952 4063 solvendis
2010 3995 2259 4079 solutis,
2314 3998 2372 4061 si
2426 3996 2583 4082 quid
2638 4017 2723 4061 ex
2781 3994 3081 4060 censibus
3133 3994 3467 4061 residuum
3507 3998 3644 4079 erit,

723 4102 791 4160 35
808 4117 929 4181 pro
970 4093 1130 4161 fisco
1174 4095 1428 4181 collegii
1467 4106 1853 4162 reservetur.
1931 4094 2041 4161 Ad
2083 4093 2190 4160 dei
2226 4094 2503 4161 laudem.
2585 4094 2812 4160 Amen.

973 4197 1065 4259 12.
1125 4193 1235 4259 Ex
1290 4205 1439 4281 post
1478 4218 1647 4262 anno
1689 4194 2033 4261 millesimo
2077 4195 2590 4282 quingentesimo
2635 4202 2820 4259 sexto
2861 4192 3187 4259 dominica
3228 4202 3380 4281 post
3417 4196 3646 4261 nativi-

804 4293 956 4358 tatis
996 4291 1500 4379 gloriosissimae
1541 4296 1813 4381 virginis
1856 4293 2111 4360 Mariae
2151 4290 2344 4380 (1506
2372 4301 2428 4358 d.
2455 4299 2546 4362 13.
2577 4294 2940 4380 Septoenber)
2983 4292 3144 4371 obiit
3183 4295 3489 4380 egregius
3528 4296 3647 4376 vir,

805 4392 1107 4461 dominus
1168 4392 1579 4461 Iohannes
1645 4393 2044 4460 Reinhart
2110 4391 2205 4457 de
2268 4391 2747 4476 Zeebicker,
2821 4393 3058 4459 artium
3117 4401 3183 4456 et
3243 4391 3648 4459 decretorum

806 4492 1052 4575 doctor,
1103 4491 1359 4579 collegii
1401 4495 1608 4560 nostri
1665 4492 2060 4581 collegiatae,
2115 4492 2391 4578 insignis
2434 4492 2746 4558 ecclesiae
2786 4490 3346 4577 Merseburgensis
3389 4495 3647 4559 canoni-

723 4602 791 4657 40
808 4612 941 4657 cus.
1026 4590 1158 4673 Qui
1198 4594 1268 4659 in
1304 4601 1685 4660 testamento
1741 4615 1858 4659 suo
1915 4590 2185 4678 collegio
2244 4592 2562 4680 principis
2619 4591 2864 4678 legavit
2913 4591 3165 4656 litteras
3217 4593 3650 4676 reempcionis

806 4692 1089 4779 quinque
1148 4691 1537 4758 florenorum
1596 4693 2030 4779 reynensium,
2084 4713 2205 4778 pro
2250 4701 2504 4758 centum
2556 4689 2820 4757 florenis
2873 4691 3016 4755 auri
3071 4690 3410 4777 reynensis
3471 4690 3649 4778 apud

809 4788 1214 4857 consulatum
1272 4789 1691 4878 Liptzensem
1755 4800 2133 4878 emptorum.
2218 4789 2404 4871 Quae
2473 4789 2744 4876 collegio
2809 4812 2930 4879 per
3008 4811 3157 4855 suos
3235 4797 3646 4857 testamenta·

806 4890 938 4956 rios
995 4899 1144 4955 sunt
1196 4900 1663 4976 praesentatae.
1744 4889 1851 4955 De
1890 4889 2126 4977 quibus
2179 4888 2307 4956 sibi
2364 4912 2645 4956 annuam
2683 4890 3058 4956 memoriam
3113 4897 3430 5004 perpetuo
3471 4891 3648 4957 circa

809 4987 982 5053 diem
1039 4987 1252 5056 obitus
1312 4990 1412 5054 sui
1479 4988 1868 5055 servandam
1927 5011 2074 5056 cum
2127 4987 2372 5076 vigiliis
2433 4999 2498 5054 et
2560 4990 2920 5054 animarum
2979 4989 3195 5054 missis
3248 4990 3320 5054 in
3377 4989 3650 5055 ecclesia

726 5089 1014 5153 45661161ιί
1072 5087 1328 5154 Nicolai
1376 5090 1446 5154 in
1495 5088 1741 5177 Liptzk
1798 5111 1916 5176 per
1972 5110 2196 5154 omnes
2252 5087 2629 5174 collegiatus
2685 5087 2872 5154 huius
2923 5089 3366 5155 universitatis
3423 5090 3646 5176 peragi

811 5209 889 5254 ac
931 5186 1267 5253 observari
1304 5189 1582 5254 instituit
1622 5187 1959 5273 duntaxat,
2001 5210 2169 5277 quae
2202 5187 2288 5253 ad
2325 5189 2533 5253 instar
2561 5189 2861 5275 perpemi
2901 5190 3333 5255 anniversarii
3361 5187 3642 5257 doctoris
