4038 6358
1305 609 1408 664 Die
1440 608 1802 660 Reformation
1835 623 1960 660 vom
1983 607 2152 661 Jabre
2181 611 2325 661 1⁴⁴⁶.
3176 609 3252 672 13

421 812 782 878 suspensus.
865 787 954 853 Et
993 810 1113 876 per
1149 787 1273 856 hoc
1313 811 1678 876 cassamus,
1719 790 2053 856 irritamus
2106 811 2328 856 omnes
2372 789 2856 876 impetrationes
2900 787 2983 854 de
3026 787 3251 855 eodem

421 893 550 954 iam
587 889 811 972 factas,
855 911 1018 975 quas
1059 887 1294 954 nullius
1334 887 1590 954 roboris
1633 912 1776 955 esse
1817 888 2111 957 volumus
2152 899 2264 955 aut
2302 889 2629 955 momenti.

578 989 736 1054 Item
775 991 1082 1075 quoniam
1113 989 1352 1054 multae
1393 987 1852 1075 displicenciae
1880 999 1944 1054 et
1983 989 2131 1056 lites
2166 1012 2249 1056 ex
2282 987 2740 1077 promovendis
2777 987 3164 1054 baccalariis
3187 997 3254 1052 et

423 1088 738 1174 magistris
771 1098 953 1154 ortae
983 1099 1132 1156 sunt
1170 1097 1234 1154 et
1264 1088 1422 1156 oriri
1463 1098 1733 1175 possent
1763 1089 1831 1154 in
1852 1088 2155 1172 futurum,
2196 1088 2483 1156 volentes
2525 1087 2673 1154 illas
2696 1089 3038 1173 aequitatis
3082 1109 3251 1154 com-

425 1187 652 1275 pendio
691 1211 1140 1276 compensare:
1201 1189 1444 1256 idcirco
1497 1189 1838 1254 statuimus
1897 1197 1960 1252 et
2003 1189 2377 1254 ordinamus
2390 1237 2410 1273 ,
2471 1187 2644 1273 quod
2686 1186 2957 1275 quilibet
2994 1189 3062 1253 in
3102 1188 3251 1276 ipsa
3298 1199 3332 1253 5

423 1286 714 1353 facultate
759 1289 1236 1376 promovendus
1277 1291 1346 1354 in
1385 1287 1824 1354 baccalarium
1878 1287 1981 1353 vel
2025 1290 2409 1375 magistrum
2465 1286 2739 1354 liberam
2778 1286 3057 1375 eligendi
3099 1309 3248 1375 pro-

423 1397 728 1454 motorem
769 1389 897 1455 sibi
932 1399 1190 1476 gratum
1235 1387 1476 1454 habeat
1517 1397 1934 1474 potestatem,
1985 1387 2271 1454 habilem
2312 1397 2529 1453 tamen
2582 1397 2647 1452 et
2688 1409 2729 1452 a
2769 1385 3078 1452 facultate
3119 1409 3250 1453 non

423 1508 796 1572 suspensum
841 1499 952 1554 aut
993 1488 1345 1572 exclusum,
1391 1489 1497 1552 cui
1539 1487 2081 1554 baccalariandus
2124 1486 2307 1569 duos,
2348 1486 2831 1572 magistrandus
2872 1495 3147 1572 quatuor
3185 1485 3251 1551 fl.

423 1587 560 1651 auri
600 1585 680 1651 de
721 1587 904 1655 Reno
945 1612 1066 1677 pro
1111 1587 1358 1656 honore
1403 1585 1750 1652 cathedrae
1791 1597 1858 1652 et
1898 1611 2029 1654 non
2070 1586 2242 1652 ultra
2276 1586 2739 1674 praesentabit,
2780 1587 2907 1652 nisi
2947 1585 3067 1654 hos
3102 1608 3250 1674 pro-

421 1684 764 1752 movendos
814 1687 1119 1754 notabilis
1169 1697 1522 1775 paupertas
1586 1698 1959 1770 excusaret,
2034 1709 2160 1772 quo
2227 1707 2383 1752 casu
2444 1685 2783 1774 privilegio
2846 1688 3249 1774 paupertatis
3274 1695 3336 1752 10

422 1784 700 1870 gaudent
743 1797 808 1852 et
845 1788 1237 1854 relevantur.
1319 1787 1426 1852 De
1467 1787 1760 1873 pecuniis
1807 1808 1965 1852 vero
2011 1788 2111 1853 sic
2154 1787 2583 1874 praesentatis
2641 1795 2973 1872 promotor
3012 1786 3250 1852 medie-

421 1895 630 1970 tatem,
671 1891 971 1975 magistri
1003 1889 1083 1956 de
1113 1886 1385 1955 consilio
1423 1884 1749 1952 facultatis
1777 1887 2049 1952 terciam
2093 1896 2157 1950 et
2200 1883 2431 1972 reliqui
2474 1887 2770 1972 magistri
2812 1888 3251 1955 universitatis

421 1995 708 2070 quartam
749 1999 1003 2074 partem
1057 1987 1144 2055 ad
1198 1983 1714 2052 distribuendum
1763 1986 1932 2052 inter
1987 2009 2059 2052 se
2111 1986 2427 2073 recipient
2462 1995 2527 2050 et
2566 1984 2922 2069 habebunt,
2980 2007 3252 2072 quorum

423 2083 823 2152 collectorem
864 2099 928 2154 et
967 2087 1323 2154 divisorem
1366 2083 1680 2150 decanum
1720 2108 1842 2171 pro
1885 2095 2175 2201 tempore
2216 2087 2603 2152 existentem
2645 2083 3048 2172 deputamus.

581 2184 754 2266 Quia
797 2201 1010 2253 autem
1050 2186 1404 2274 disputatio
1448 2181 1814 2266 ordinaria,
1875 2207 2043 2272 quae
2083 2187 2152 2250 in
2196 2183 2319 2251 hac
2359 2185 2663 2250 facultate
2717 2183 2907 2252 solita
2950 2197 3047 2252 est
3086 2186 3249 2270 fieri,
3274 2195 3336 2252 15

421 2285 688 2370 gloriam
730 2309 862 2352 non
903 2285 1228 2352 modicam
1265 2286 1672 2368 fructumque
1713 2284 1984 2350 multum
2026 2283 2291 2368 afferre,
2348 2283 2693 2351 dummodo
2744 2308 2863 2372 per
2904 2289 3252 2374 magistros

421 2385 756 2472 diligenter
801 2386 1053 2452 visitari
1097 2384 1459 2468 consuevit,
1499 2381 1788 2448 induxit:
1830 2384 2104 2471 ideoque
2138 2383 2539 2467 mandamus,
2582 2386 2923 2452 statuimus
2952 2395 3017 2450 et
3054 2388 3251 2473 impe-

419 2508 632 2550 ramus
645 2535 665 2568 ,
733 2486 908 2572 quod
962 2486 1232 2573 quilibet
1291 2490 1604 2576 magister
1666 2488 1852 2554 huius
1907 2482 2233 2550 facultatis
2286 2494 2435 2550 ante
2486 2481 2815 2550 biennium
2868 2484 3252 2572 completum

419 2595 566 2672 post
621 2587 760 2651 eius
815 2588 1297 2674 promocionem
1346 2589 1618 2675 singulis
1673 2583 2231 2674 disputacionibus
2284 2583 2633 2650 ordinariis
2646 2633 2665 2668 ,
2723 2593 2871 2672 post
2922 2582 3253 2650 biennium

421 2707 570 2750 vero
614 2685 882 2752 alternis
924 2685 1470 2774 disputationibus
1511 2686 1878 2756 huiusmodi
1920 2697 1984 2750 et
2025 2693 2175 2773 post
2202 2682 2585 2750 decennium
2616 2683 2813 2750 semel
2852 2686 2923 2750 in
2964 2683 3251 2769 quolibet
3267 2693 3336 2750 20

423 2807 655 2868 mense,
697 2787 826 2852 nisi
868 2784 1176 2872 valitudo,
1218 2789 1560 2854 infirmitas
1604 2799 1718 2854 aut
1757 2786 1886 2854 alia
1931 2788 2105 2852 iusta
2148 2794 2213 2848 et
2251 2783 2669 2850 racionabilis
2714 2807 2913 2850 causa
2953 2806 3099 2850 eum
3140 2807 3251 2850 ex-

421 2895 613 2968 cuset,
656 2885 1086 2971 personaliter
1115 2887 1308 2955 debet
1337 2890 1648 2954 interesse
1691 2897 1756 2954 et
1785 2909 2083 2973 arguere,
2126 2886 2183 2950 si
2216 2893 2471 2972 tempus
2512 2894 2577 2949 et
2604 2882 2821 2950 locum
2857 2883 3101 2951 habere
3139 2907 3251 2972 po-

421 2987 584 3050 terit.
667 2983 742 3050 Si
778 2987 922 3071 quis
965 2995 1199 3070 autem,
1243 3001 1696 3075 praeterquam
1735 2990 1804 3054 in
1843 2985 2101 3052 casibus
2146 2985 2544 3072 praemissis,
2585 2984 2953 3051 huiusmodi
2995 2984 3251 3052 ordina-

423 3086 556 3150 riae
597 3084 1030 3171 disputacioni
1058 3089 1106 3169 ¹,
1160 3090 1405 3154 tociens
1449 3090 1754 3174 quociens
1797 3087 1922 3152 hoc
1961 3085 2340 3171 neglexerit,
2379 3106 2657 3171 poenam
2678 3096 2953 3172 quatuor
2994 3107 3254 3172 grosso-

425 3208 560 3251 rum
597 3207 914 3253 novorum
955 3189 1248 3253 incurrat
1301 3190 1444 3276 ipso
1487 3188 1660 3254 facto
1674 3238 1692 3270 ,
1751 3210 1944 3275 quam
1985 3186 2269 3254 decanus
2312 3184 2433 3251 sub
2486 3207 2699 3271 poena
2743 3185 3041 3272 praestiti
3078 3187 3249 3253 iura-
3266 3194 3334 3252 2⁵

424 3285 614 3349 menti
656 3283 740 3349 ab
784 3286 1008 3353 eodem
1052 3287 1316 3375 exigere
1363 3297 1677 3353 teneatur.
1761 3286 1849 3353 Et
1903 3288 1958 3352 si
2013 3287 2157 3373 quis
2210 3285 2669 3370 magistrorum
2708 3306 2987 3371 poenam
3036 3284 3250 3353 huius—

425 3382 590 3451 modi
634 3387 826 3472 parvi
855 3386 1168 3472 penderet
1207 3397 1276 3452 et
1311 3388 1717 3474 frequencius
1762 3386 1992 3453 abesse
2033 3383 2227 3451 vellet
2240 3434 2259 3469 ,
2300 3382 2493 3449 debet
2532 3404 2650 3471 per
2692 3383 3007 3449 decanum
3050 3387 3253 3452 refor-

427 3483 774 3551 matoribus
831 3484 1068 3551 deferri
1081 3535 1098 3568 ‚
1159 3488 1268 3570 qui
1319 3486 1516 3552 talem
1573 3485 1700 3553 sibi
1757 3489 1998 3551 eitunc
2050 3506 2325 3571 poenam
2378 3482 2703 3569 infligent,
2758 3482 3014 3573 qualem
3066 3486 3253 3555 iuxta

425 3582 866 3670 negligenciae
909 3608 1062 3651 suae
1105 3584 1361 3672 culpam
1401 3586 1685 3653 viderint
1725 3583 2059 3672 expedire.

577 3684 744 3750 Item
785 3692 1092 3749 statutum
1134 3686 1496 3769 antiquum,
1542 3707 1667 3773 quo
1713 3695 1978 3751 cavetur
2011 3683 2097 3749 de
2130 3682 2490 3765 exerciciis,
2534 3684 2917 3751 innovamus
2960 3696 3025 3751 et
3061 3707 3246 3774 prae-
3264 3696 3335 3753 ³0

428 3783 720 3872 cipiendo
775 3784 1147 3865 statuimus,
1212 3783 1386 3871 quod
1431 3782 1646 3851 nullus
1711 3786 2174 3871 magistrorum
2236 3781 2577 3869 disputans
2634 3782 2932 3851 decetero
2986 3786 3253 3874 incipiet

428 3885 812 3951 exercicium
849 3883 1290 3970 vespertinum
1343 3893 1493 3949 ante
1545 3883 1772 3951 horam
1815 3885 2085 3949 terciam
2098 3932 2117 3965 ,
2174 3881 2290 3947 sed
2332 3881 2416 3946 ab
2474 3880 2587 3947 illa
2638 3904 2842 3970 usque
2892 3884 2981 3951 ad
3018 3885 3250 3951 horam

429 3987 712 4072 quintam
751 3981 1182 4049 continuabit:
1241 3992 1306 4049 et
1345 4004 1430 4048 ne
1478 3983 1842 4071 disputanti
1879 3992 2133 4069 tempus
2184 3990 2589 4068 praetactum
2646 4006 2763 4071 per
2806 3984 2937 4049 alia
2980 3984 3249 4073 impedi·

427 4094 636 4151 menta
659 4082 1098 4166 subtrahatur,
1143 4084 1576 4170 praecipimus
1613 4092 1678 4149 et
1708 4081 2111 4163 mandamus,
2153 4102 2237 4146 ne
2262 4080 2605 4167 quisquam
2637 4093 3097 4151 conventorum
3136 4107 3251 4151 seu

429 4184 938 4273 praepositorum
981 4181 1398 4268 collegiorum
1444 4192 1558 4247 aut
1599 4182 1942 4247 bursarum
1997 4180 2085 4247 ad
2130 4203 2353 4246 cenam
2397 4180 2643 4268 pulsari
2682 4193 2747 4249 et
2784 4183 3055 4251 eandem
3100 4183 3245 4251 fieri
3262 4194 3330 4249 35

429 4284 618 4349 faciat
659 4292 810 4347 ante
850 4280 1078 4347 horam
1117 4284 1406 4367 quintam
1450 4282 1794 4367 signatam.
1879 4280 1952 4347 Si
1991 4283 2137 4365 quis
2180 4304 2335 4347 vero
2364 4282 2757 4348 contrarium
2795 4284 3055 4367 faceret,
3097 4306 3248 4371 poe-

430 4406 568 4451 nam
611 4392 886 4471 quatuor
936 4404 1312 4467 grossorum
1361 4402 1678 4447 novorum
1724 4380 1970 4447 decano
2030 4379 2355 4447 facultatis
2409 4404 2531 4468 pro
2589 4381 2878 4467 qualibet
2930 4384 3073 4449 vice
3124 4382 3247 4449 sol-

431 4506 572 4550 vere
613 4492 929 4549 teneatur.

581 4584 748 4651 Item
789 4606 936 4649 cum
975 4579 1210 4649 nedum
1251 4579 1490 4647 bonum
1545 4589 1611 4645 et
1649 4579 2025 4663 iocundum,
2080 4580 2277 4647 immo
2320 4582 2525 4647 eciam
2562 4580 2903 4647 honestum
2946 4583 3031 4649 sit
3066 4580 3249 4649 habi-

431 4693 560 4751 tare
601 4686 670 4749 in
709 4704 924 4766 unum,
965 4680 1110 4747 ideo
1153 4680 1606 4768 praecipimus,
1649 4702 1734 4745 ne
1779 4681 2079 4767 magistri
2120 4678 2447 4745 facultatis
2491 4690 2864 4767 praetactae
2906 4679 3245 4771 singulari-
3260 4690 3333 4751 40

431 4798 520 4851 ter
557 4782 794 4871 singuli
834 4784 904 4847 in
951 4778 1264 4869 praefatis
1322 4778 1618 4845 domibus
1669 4777 1992 4863 habitent,
2058 4778 2173 4845 sed
2221 4780 2291 4843 in
2341 4778 2629 4866 collegiis
2682 4790 2794 4847 aut
2833 4780 3049 4848 bursis
3102 4805 3247 4849 cum

433 4885 750 4971 magistris
795 4879 1158 4949 senioribus
1207 4888 1320 4944 aut
1363 4877 1588 4943 saltem
1632 4888 1765 4945 tres
1820 4878 1924 4944 vel
1967 4888 2241 4967 quatuor
2286 4880 2441 4962 sint,
2499 4890 2570 4944 ut
2612 4881 2705 4945 sic
2748 4879 2832 4946 ab
2872 4880 2997 4947 hiis
3038 4880 3249 4949 bonae

435 4985 594 5049 vitae
635 4984 1070 5049 testimonium
1113 4990 1226 5045 aut
1271 4979 1777 5044 conversationis
1831 4978 2197 5045 fructuosae
2255 4978 2613 5066 profectum
2662 4979 3058 5049 salubritatis
3101 5005 3248 5069 pos-

439 5084 554 5148 sint
605 5092 960 5171 reportare.
1043 5078 1116 5145 Si
1169 5101 1322 5144 vero
1380 5076 1614 5165 aliquis
1669 5078 1958 5164 ipsorum
2017 5076 2191 5143 solus
2247 5078 2492 5164 absque
2548 5078 2693 5145 aliis
2750 5081 3113 5167 magistris,
3178 5093 3249 5149 ut

562 5300 584 5351 1
623 5294 759 5351 Hier
791 5294 1008 5351 scheint
1041 5300 1212 5351 etwas
1245 5312 1318 5351 zu
1355 5292 1556 5363 fabian,
1591 5298 1734 5349 etwa
1767 5294 2018 5351 interme
2046 5294 2356 5365 mylasa-it.
