4038 6358
810 650 930 728 482
1800 645 1902 707 Die
1939 655 2377 721 philosophiam
2412 645 2667 710 Paenitet.

825 841 1041 907 nullus
1106 839 1404 905 decetero
1470 835 1666 904 debet
1728 837 1983 904 admitti
2038 838 2126 903 ad
2181 860 2455 906 examen
2521 836 3000 902 baccalariatus
3060 837 3126 900 in
3190 833 3472 920 artibus,
3546 835 3703 900 nisi

808 951 1101 1029 tempore
1148 938 1670 1026 dispensacionis
1714 937 1892 1003 dicat
1932 939 2001 1002 in
2042 939 2449 1002 consciencia
2474 938 2491 979 ¹
2519 960 2656 1018 sua,
2682 934 2855 1021 quod
2885 935 3126 1000 nullam
3161 936 3429 1001 totalem
3450 935 3699 1002 lectio-

811 1063 980 1118 nem,
1027 1041 1349 1125 integrum
1385 1039 1775 1103 exercicium
1815 1046 1926 1102 aut
1960 1039 2462 1125 resumptionem
2492 1035 2820 1101 facultatis
2850 1035 3075 1101 audire
3097 1034 3387 1121 neglexit
3407 1048 3472 1100 et
3496 1033 3699 1124 quod

811 1139 1077 1220 tociens,
1122 1139 1430 1224 quociens
1454 1136 1769 1219 debuerit,
1820 1135 2163 1201 ordinarie
2193 1147 2323 1202 tam
2372 1137 2702 1221 magistris
2745 1157 2936 1221 quam
2976 1134 3370 1199 baccalariis
3397 1157 3687 1221 respon·

730 1249 764 1304 5
818 1238 1006 1320 derit,
1054 1238 1181 1302 nisi
1226 1236 1523 1324 specifice
1567 1258 1764 1323 super
1806 1236 1927 1301 hoc
1969 1258 2187 1301 secum
2230 1237 2420 1300 fuerit
2464 1234 2943 1322 dispensatum3
2988 1245 3052 1299 et
3094 1234 3269 1320 quod
3314 1233 3692 1319 quemlibet

816 1338 1231 1423 magistrum,
1298 1358 1340 1400 a
1406 1358 1535 1423 quo
1595 1334 1931 1400 lectionem
1987 1335 2091 1400 vel
2146 1337 2529 1401 exercitium
2587 1333 2867 1416 audivit,
2923 1343 3296 1399 contentum
3338 1334 3512 1398 fecit.
3598 1333 3685 1396 si

820 1459 976 1502 vero
1020 1436 1339 1501 defectum
1384 1436 1575 1499 unius
1621 1435 1916 1521 integrae
1955 1432 2060 1522 [28
2075 1432 2126 1522 b]
2167 1434 2384 1500 totalis
2427 1432 2753 1516 lectionis,
2800 1434 3140 1516 exercicii,
3204 1434 3697 1520 resumptionis

816 1558 929 1600 seu
982 1535 1422 1623 responsionis
1468 1532 1840 1599 ordinariae
1879 1532 2215 1617 habuerit,
2281 1537 2493 1620 signet
2543 1534 2759 1619 ipsum
2802 1535 2869 1598 in
2914 1532 3108 1598 dorso
3154 1532 3459 1597 scedulae
3515 1553 3691 1596 suae

820 1634 1270 1721 completionis
1310 1656 1460 1698 cum
1501 1655 1701 1698 causa
1739 1656 1868 1698 non
1912 1633 2284 1716 auditionis,
2329 1655 2527 1719 quam
2570 1634 2623 1697 si
2666 1632 2939 1698 facultas
2984 1632 3202 1719 aliquo
3249 1631 3447 1697 modo
3491 1629 3690 1717 legit-

741 1746 804 1800 10
820 1735 1046 1798 timam
1088 1743 1154 1798 et
1193 1732 1654 1799 racionabilem
1703 1734 2043 1816 censuerit,
2088 1731 2421 1820 dispenset
2459 1754 2672 1797 secum
2717 1733 2904 1800 iuxta
2928 1731 3214 1796 defectus
3241 1731 3683 1818 quantitatem

822 1842 888 1897 et
923 1831 1318 1918 qualitatem.

906 2037 960 2097 7.
1006 2049 1100 2096 DE
1145 2048 1345 2096 MODO
1393 2048 1740 2096 SOLVENDI
1784 2045 2060 2097 PASTUM
2102 2047 2237 2094 PER.
2273 2045 2889 2096 BACCALARIANDOS
2932 2048 3067 2096 PRO
3112 2047 3595 2110 LEcclomBUS,

1420 2147 1812 2198 EXERclcus
1854 2148 1945 2195 ΕΤ
1989 2145 2588 2195 RESUMPCIOMBUS
2630 2147 3080 2196 FACULTATIS.

2001 2282 2121 2345 v31.
2163 2282 2318 2345 xm,
2359 2282 2466 2335 ιιι.

744 2425 806 2479 15
996 2413 1290 2495 Quilibet
1328 2411 1871 2479 baccalariandus
1914 2413 1981 2476 in
2023 2411 2271 2477 artibus
2318 2410 2510 2477 debet
2553 2411 2973 2480 effectualiter
3016 2435 3136 2500 pro
3179 2411 3571 2478 lectionibus
3614 2423 3685 2476 et

825 2516 1189 2594 exerciciis,
1234 2536 1352 2600 pro
1393 2511 1604 2599 gradu
1643 2510 2121 2577 baccalariatus
2164 2534 2282 2598 per
2326 2534 2471 2576 eum
2523 2511 2763 2576 auditis
2788 2561 2805 2594 ,
2858 2513 3251 2580 satisfecisse
3306 2515 3493 2577 iuxta
3547 2523 3680 2578 sta·

819 2622 960 2678 tuta
1004 2635 1220 2678 coram
1268 2611 1512 2676 decano
1579 2620 1642 2676 et
1707 2611 1843 2676 suis
1884 2612 2329 2693 taxatoribus,
2396 2610 2515 2675 sub
2561 2635 2769 2698 poena
2807 2634 2935 2677 non
2979 2614 3523 2699 computacionis.
3602 2612 3677 2676 Si

824 2722 1041 2776 tamen
1084 2711 1320 2799 aliquis
1367 2733 1607 2794 eorum,
1653 2710 1967 2798 legittimo
2010 2710 2473 2797 impedimento
2518 2711 3016 2793 interveniente,
3078 2710 3159 2775 de
3202 2735 3329 2798 quo
3374 2721 3681 2776 constare

827 2811 1084 2897 poterit,
1129 2820 1278 2875 ante
1323 2809 1512 2874 finem
1554 2819 1812 2875 actuum
1859 2807 2305 2896 completionis
2356 2833 2484 2875 non
2548 2811 2964 2894 satisfecerit,
3005 2811 3337 2876 tollerabit
3378 2810 3680 2893 facultas,

742 2910 997 2995 20quod
1038 2907 1252 2975 adhuc
1296 2910 1414 2975 sub
1456 2911 1581 2974 isto
1624 2908 1964 2990 decanatu,
2010 2908 2131 2973 sub
2175 2931 2298 2996 quo
2338 2909 2708 2974 huiusmodi
2754 2921 2938 2976 actus
2990 2911 3294 2993 audierit,
3346 2934 3555 2997 usque
3592 2910 3679 2975 ad

827 3020 1201 3096 computum
1241 3009 1528 3075 eiusdem
1574 3008 1804 3075 decani
1849 3009 2226 3072 satisfacere
2265 3010 2521 3095 poterit.
2608 3007 2697 3072 Et
2739 3031 3077 3074 successor
3123 3009 3397 3075 alicuius
3443 3010 3676 3074 decani

824 3129 1236 3198 nequaquam
1296 3108 1575 3196 aliquem
1641 3107 1728 3172 ad
1789 3106 2028 3171 librum
2075 3107 2530 3194 complentium
2570 3107 2895 3172 facultatis
2958 3108 3307 3192 inscribat,
3375 3111 3487 3198 qui
3556 3108 3678 3173 sub

831 3206 1044 3273 officio
1091 3208 1612 3296 praedecessoris
1669 3208 1768 3271 sui
1827 3217 2054 3271 contra
2114 3217 2353 3273 statuta
2394 3207 2720 3273 facultatis
2764 3210 3146 3275 satisfacere
3182 3211 3449 3274 minime
3493 3231 3678 3274 cura·

824 3308 940 3389 vit,
986 3307 1109 3373 sub
1157 3307 1374 3374 debito
1417 3308 1713 3395 praestiti
1753 3307 2105 3371 iuramenti
2147 3315 2436 3393 tempore
2481 3307 2814 3373 electionis
2862 3331 3019 3373 suae
3061 3309 3126 3372 in
3174 3309 3512 3374 decanum.

744 3535 812 3591 25
902 3534 962 3593 8.
1011 3544 1354 3604 QUANTUM
1396 3544 1743 3593 TEMPORIS
1785 3544 1942 3603 QUIS
1985 3543 2062 3591 IN
2104 3543 2261 3591 ISTA
2300 3545 2808 3593 UNIVERSITATE
2851 3544 3035 3593 ANTE
3081 3546 3597 3594 PROMOTIONE!

1666 3642 2235 3691 BAccALABIA'rUS
2278 3642 2498 3691 STARE
2538 3645 2838 3693 DEBEAT.

2042 3761 2163 3824 νει.
2202 3761 2348 3822 xm,
2381 3762 2456 3814 12.

1004 3892 1236 3958 Nullus
1281 3891 1472 3957 debet
1516 3890 1773 3956 admitti
1818 3891 1903 3956 ad
1947 3915 2222 3957 examen
2263 3916 2383 3980 pro
2426 3892 2637 3979 gradu
2679 3894 3179 3977 baccalariatus,
3220 3895 3331 3981 qui
3376 3895 3560 3982 prius
3603 3897 3673 3959 in

834 3991 966 4056 alia
1022 3993 1445 4056 universitate
1479 4013 1608 4057 non
1650 3993 1859 4073 stetit,
1916 3993 2040 4057 nisi
2098 3991 2399 4057 adminus
2454 3993 2522 4058 in
2562 3995 2692 4058 ista
2733 3996 3155 4059 universitate
3197 3997 3451 4059 steterit
3493 3996 3680 4082 quasi

744 4091 922 4156 30ad
965 4091 1235 4156 alterum
1286 4090 1624 4157 dimidium
1668 4113 1926 4155 annum.
2010 4090 2100 4155 Et
2140 4090 2262 4156 hoc
2312 4083 2554 4180 ‘quasi’
2610 4116 2738 4157 non
2783 4092 3082 4158 diminuit
3132 4092 3277 4181 plus
3323 4116 3517 4181 quam
3562 4119 3681 4160 sex

837 4191 1253 4276 septimanas.

913 4389 969 4451 9.
1025 4404 1363 4465 QUANTUM
1403 4402 1752 4452 TEMPORIS
1792 4403 2203 4453 EXTRANEUS
2243 4404 2632 4453 ADVENIENS
2674 4404 2859 4452 ANTE
2906 4407 3481 4457 BACCALARIATUM
3528 4411 3595 4457 m

1606 4502 1761 4551 ISTA
1805 4504 2308 4553 UNIVERSITATE
2354 4505 2571 4554 STABE
2612 4506 2913 4554 DEBEAT.

2035 4623 2157 4685 vgl.
2192 4624 2347 4683 XIII,
2393 4625 2469 4677 13.

744 4765 811 4821 35
998 4752 1228 4819 Nullus
1273 4752 1541 4818 veniens
1603 4750 1684 4817 de
1741 4751 1871 4817 alia
1928 4755 2350 4819 universitate
2393 4754 2477 4820 ad
2523 4756 2717 4820 istam
2756 4761 3124 4841 promoveri
3167 4759 3361 4826 debet
3403 4761 3489 4826 ad
3530 4783 3673 4848 gra-

832 4854 985 4919 dum
1024 4848 1524 4934 baccalariatus,
1564 4852 1689 4916 nisi
1729 4854 1910 4938 prius
1950 4855 2198 4918 steterit
2232 4854 2299 4917 in
2335 4856 2464 4919 ista
2494 4857 2916 4921 universitate
2947 4879 3064 4944 per
3096 4859 3380 4925 medium
3416 4883 3672 4943 annum,

835 4962 902 5018 et
962 4951 1310 5018 dummodo
1366 4952 1754 5018 sufficientes
1823 4953 2323 5019 informaciones
2378 4955 2603 5020 fecerit
2660 4954 2741 5019 de
2802 4955 3132 5023 auditione
3186 4957 3500 5025 librorum
3556 4983 3672 5047 pro

834 5051 1046 5137 gradu
1086 5053 1153 5116 in
1196 5050 1327 5116 alia
1363 5053 1804 5117 universitate.

933 5319 951 5370 1
1001 5314 1109 5369 Am
1149 5314 1344 5369 Raude
1380 5315 1657 5385 oblique-ab
1695 5319 1990 5373 iuramenti
2022 5320 2239 5376 sublata
2273 5329 2351 5376 est
2382 5322 2597 5377 ‹lec—reto
2628 5323 2921 5391 facultati}
2964 5328 3104 5381 1520.
