4038 6358
1471 672 1710 727 Libellus
1754 673 2073 729 formularis.
3092 674 3200 740 131

342 877 530 937 mus,
591 853 872 940 ideoque
926 852 1031 943 [46
1044 852 1096 942 t²]
1153 856 1550 939 affectuose,
1585 866 1896 943 quantum
1940 878 2317 943 possumus,
2373 877 2492 921 vos
2549 875 2769 919 omnes
2814 862 2878 918 et
2918 853 3209 940 singulos

345 976 665 1040 rogamus
711 964 780 1019 et
821 955 1263 1038 exhortamur,
1303 965 1619 1040 quatenus
1660 955 1935 1021 eundem
1977 957 2360 1042 magistrum
2402 953 2754 1019 Iohannem
2792 961 2927 1017 tam
2965 956 3033 1018 in
3058 975 3208 1018 eun-

348 1052 438 1119 do
484 1076 681 1140 quam
728 1056 926 1120 etiam
967 1055 1036 1119 in
1075 1053 1407 1121 redeundo
1448 1063 1710 1120 nostrae
1753 1054 2317 1143 contemplationis
2344 1054 2579 1119 intuitu
2606 1054 2892 1139 gratiose
2916 1054 3211 1139 recipere

347 1161 417 1216 et
457 1152 830 1218 humaniter
870 1162 1275 1240 pertractare
1320 1153 1570 1239 sibique
1608 1154 1677 1217 in
1716 1152 2225 1221 adversitatibus
2265 1150 2862 1223 &necessitatibus
2909 1153 3042 1217 suis
3075 1154 3211 1239 qui-

350 1250 738 1337 buscunque
793 1251 1245 1318 favorabiliter
1296 1255 1602 1319 assistere
1650 1274 1905 1318 necnon
1957 1261 2179 1318 vestra
2220 1252 2534 1335 dominia,
2591 1262 2830 1333 terras,
2890 1251 3210 1331 civitates,
3230 1260 3261 1314 5

356 1349 644 1438 oppida,
688 1360 940 1434 castra,
977 1349 1204 1435 villas,
1250 1373 1520 1439 passus,
1561 1360 1821 1439 portus,
1865 1363 2125 1439 pontes,
2182 1351 2545 1433 districtus,
2602 1350 2929 1414 territoria
2971 1360 3035 1413 et
3082 1348 3213 1413 alia

355 1449 511 1515 loca
553 1472 700 1514 cum
743 1451 958 1537 equis,
1001 1449 1198 1515 rebus
1242 1459 1305 1515 et
1344 1449 1532 1515 bonis
1579 1450 1871 1516 eiusdem
1914 1452 2052 1515 sine
2091 1451 2387 1537 pedagii,
2436 1449 2627 1531 datii,
2673 1449 2997 1535 passagii,
3038 1447 3212 1513 theo·

352 1548 555 1632 lonii,
613 1560 864 1632 mutae,
925 1549 1222 1636 gabellae
1275 1558 1388 1614 aut
1440 1551 1878 1639 cuiuscunque
1933 1548 2197 1613 alterius
2250 1551 2463 1614 oneris
2505 1549 2609 1613 vel
2654 1548 3056 1634 gravaminis
3103 1568 3213 1610 ex-

352 1650 618 1713 actione
660 1646 899 1732 libere,
943 1671 1168 1714 secure
1211 1658 1274 1715 et
1318 1651 1457 1713 sine
1493 1648 1959 1735 impedimento
2001 1651 2129 1730 ire,
2197 1656 2371 1712 stare
2411 1657 2478 1712 et
2518 1647 2602 1712 ad
2645 1669 2764 1712 nos
2808 1646 3022 1711 redire
3068 1667 3213 1732 per·

347 1748 616 1813 mittere
683 1746 965 1832 sibique,
1020 1751 1315 1836 quotiens
1375 1747 1684 1836 expedire
1724 1747 2085 1830 videbitur,
2141 1747 2223 1812 de
2277 1746 2457 1811 salvo
2514 1758 2578 1811 et
2621 1768 2846 1811 securo
2891 1744 3211 1809 conductu
3237 1752 3298 1808 10

353 1855 682 1933 oportune
724 1846 1072 1933 providere
1111 1848 1347 1913 velitis.
1433 1848 1510 1910 In
1566 1868 1692 1934 quo
1749 1845 1937 1911 nobis
1982 1845 2515 1932 complacentiam
2560 1840 2952 1909 exhibebitis
2996 1845 3213 1928 singu-

348 1944 599 2029 larem,
665 1944 992 2031 condigna
1055 1946 1508 2012 vicissitudine
1561 1967 1721 2010 casu
1773 1968 1844 2009 se
1899 1946 2208 2010 offerente
2260 1943 2904 2031 recompensandam.
3000 1942 3218 2006 Datae

350 2043 626 2131 Lipczk
667 2042 1029 2110 rectoratus
1073 2047 1277 2112 nostri
1323 2045 1443 2111 sub
1485 2044 1698 2132 sigillo
1738 2054 1859 2111 etc.

984 2215 1082 2278 98.
1149 2227 1354 2277 com
1398 2227 1851 2279 urrunnun
1897 2226 2580 2276 cmoemmmu.

529 2341 674 2428 Ego
737 2340 838 2406 .N.
893 2341 973 2407 de
1030 2343 1130 2408 .N.
1184 2364 1580 2430 recognosco
1636 2343 1760 2408 hac
1804 2366 1950 2408 mea
1990 2365 2187 2408 manu
2230 2344 2534 2430 propria,
2592 2365 2694 2407 me
2736 2342 2905 2406 iusto
2950 2351 3015 2406 et
3054 2339 3297 2425 legi-15

353 2443 529 2508 timo
573 2438 755 2507 titulo
797 2440 1077 2528 obligari
1116 2440 1610 2511 commendabili
1656 2444 1798 2507 viro
1843 2441 2102 2507 domino
2133 2442 2251 2523 .N.,
2296 2444 2533 2506 artium
2575 2442 2908 2526 magistro,
2951 2462 3070 2526 pro
3106 2462 3214 2503 ex·

346 2543 590 2629 pensis
633 2552 699 2606 et
740 2538 886 2605 aliis
930 2540 1389 2623 accomodatis,
1434 2563 1514 2606 ac
1556 2542 1889 2626 signanter
1928 2540 2015 2605 ad
2048 2540 2327 2627 gradum
2357 2539 2837 2605 baccalariatus
2870 2541 2938 2603 in
2965 2536 3211 2603 artibus

348 2643 431 2706 in
478 2649 781 2728 prompto
823 2642 1129 2707 mutuatis
1142 2689 1161 2723 ,
1204 2663 1281 2705 .n.
1323 2640 1545 2706 floren.
1583 2642 1650 2705 in
1694 2663 1888 2722 auro,
1938 2637 2043 2727 [47
2054 2637 2105 2727 ⁸]
2156 2662 2315 2728 quos
2360 2639 2673 2727 polliceor
2716 2662 2818 2704 me
2864 2639 3001 2702 sine
3038 2637 3213 2702 omni

349 2741 776 2827 exceptione,
840 2738 1179 2821 dilatione,
1262 2738 1498 2804 damno
1560 2748 1625 2803 et
1685 2742 1988 2826 expensis
2051 2750 2162 2804 aut
2230 2761 2609 2827 quacunque
2675 2738 3216 2823 tergiversatione

351 2839 663 2927 praefato
708 2838 1022 2924 magistro
1068 2847 1181 2902 aut
1223 2837 1429 2921 alteri,
1470 2837 1597 2903 hoc
1640 2837 2145 2925 chirographum
2171 2861 2382 2902 meum
2414 2839 2725 2920 offerenti,
2771 2858 2968 2923 super
2994 2836 3213 2922 proxi-
3234 2844 3300 2899 20

353 2939 494 3003 mis
537 2936 840 3003 nundinis
882 2935 1300 3024 paschalibus
1344 2936 1606 3002 realiter
1650 2946 1716 3002 et
1757 2960 1902 3002 cum
1929 2937 2328 3024 gratitudine
2349 2937 2826 3024 persoluturum
2856 2934 2975 2999 sub
3006 2957 3219 3022 poena

355 3038 644 3125 periurii
682 3045 749 3102 et
787 3060 870 3101 .x.
898 3035 1057 3119 flor.,
1097 3037 1507 3101 universitati
1551 3038 1876 3123 praesenti
1922 3038 2061 3101 sine
2088 3036 2599 3102 contradictione
2625 3032 3216 3123 persolvendorum.
3336 3060 3361 3081 ν

357 3134 628 3217 Quodsi
677 3137 746 3201 in
804 3134 1120 3202 solutione
1163 3143 1540 3224 praetactae
1582 3158 1871 3203 summae
1913 3136 2250 3224 negligens
2292 3144 2661 3223 compertus
2703 3135 2884 3200 fuero
2927 3142 2990 3199 et
3028 3155 3216 3221 prae-

353 3236 542 3301 fatus
597 3237 919 3322 magister
966 3236 1062 3300 .N.
1121 3258 1240 3323 per
1295 3257 1364 3299 se
1418 3234 1523 3302 vel
1578 3257 1697 3322 per
1757 3235 1954 3301 alium
2008 3238 2350 3301 occasione
2407 3258 2590 3300 meae
2636 3233 3070 3320 negligentiae
3114 3232 3216 3296 vel

355 3359 501 3401 non
543 3334 877 3401 solutionis
925 3334 1176 3420 aliquas
1211 3356 1539 3422 expensas
1581 3333 1816 3399 litteris
1861 3344 1971 3399 aut
2011 3337 2253 3399 nuntiis
2293 3336 2552 3417 fecerit,
2595 3333 2811 3419 obligo
2854 3356 2959 3398 me
2997 3332 3214 3396 huius·
3235 3340 3300 3395 25

355 3434 548 3500 modi
606 3456 928 3520 expensas
988 3455 1133 3498 cum
1175 3432 1524 3521 principali
1567 3456 1822 3498 summa
1863 3443 2204 3520 praetacta
2248 3435 2385 3500 sine
2429 3435 2604 3498 omni
2647 3434 3026 3519 exceptione
3070 3431 3216 3495 effe-

359 3531 673 3599 ctualiter
730 3531 1104 3598 soluturum.
1183 3532 1260 3596 In
1316 3530 1549 3619 quibus
1598 3532 1897 3598 omnibus
1949 3543 2012 3596 et
2060 3532 2331 3619 singulis
2386 3532 2760 3619 praemissis
2814 3531 3110 3595 renuntio
3154 3540 3219 3594 et

356 3634 628 3719 resigno
670 3633 843 3697 omni
887 3632 1014 3695 iuri
1055 3640 1120 3695 et
1159 3631 1578 3714 immunitati,
1622 3631 1985 3718 privilegiis
2035 3653 2111 3696 ac
2154 3631 2673 3714 defensionibus,
2734 3641 2870 3695 tam
2914 3631 3218 3717 spiritua-

357 3729 541 3796 libus
589 3751 782 3817 quam
828 3728 1287 3812 saecularibus,
1332 3751 1495 3816 quas
1533 3751 1838 3818 umquam
1886 3730 2129 3795 habere
2174 3730 2280 3796 vel
2319 3731 2671 3818 impetrare
2697 3752 2962 3819 possum
2991 3741 3056 3794 et
3083 3729 3220 3816 qui-

359 3831 494 3896 bus
538 3838 652 3894 aut
692 3828 773 3893 de
810 3830 951 3893 iure
992 3838 1105 3893 aut
1144 3827 1226 3893 de
1267 3829 1439 3895 facto
1485 3840 1711 3895 contra
1751 3829 1913 3894 haec
1957 3831 2370 3917 praescripta
2412 3832 2580 3896 tueri
2624 3829 2913 3895 valerem
2956 3837 3067 3892 'aut
3109 3826 3213 3892 de·
3237 3836 3304 3891 30

309 3981 326 3988 -
359 3927 550 3994 feudi
568 3977 588 4011 ,
643 3923 1006 4013 habeatque
1065 3937 1622 4014 praememoratus
1679 3931 1995 4015 magister
2039 3937 2151 3993 aut
2195 3930 2580 4018 quicumque
2621 3929 2805 4011 alius,
2849 3928 2970 3993 hoc
3014 3928 3220 3992 chiro-

364 4027 701 4115 graphum
743 4048 957 4091 meum
1015 4026 1310 4111 offerens,
1372 4030 1570 4093 etiam
1631 4029 1770 4092 sine
1814 4027 2082 4114 speciali
2125 4027 2434 4095 mandato
2478 4028 2747 4094 eandem
2792 4029 3113 4110 actionem
3153 4028 3218 4090 in

365 4137 677 4215 parentes
737 4123 843 4189 vel
904 4124 1176 4190 heredes
1240 4150 1453 4210 meoS,
1519 4149 1678 4214 quos
1736 4125 1957 4191 omnes
2014 4136 2081 4191 et
2132 4128 2419 4214 singulos
2475 4127 2767 4193 similiter
2809 4126 2958 4192 volo
3003 4136 3224 4190 tenore

368 4226 816 4313 praesentium
870 4224 1222 4290 secundum
1278 4224 1539 4290 modum
1596 4222 1699 4310 [47
1711 4223 1764 4311 b]
1822 4235 1885 4290 et
1921 4225 2198 4291 formam
2242 4230 2681 4314 praescriptos
2727 4225 2812 4291 ad
2856 4223 3225 4291 huiusmodi

368 4324 760 4390 solutionem
820 4321 1100 4409 obligari
1151 4335 1343 4411 atque
1401 4326 1773 4410 constringi.
1856 4324 1934 4389 In
1989 4347 2262 4412 quorum
2315 4326 2530 4409 fidem,
2586 4325 2789 4392 robur
2833 4345 2912 4391 ac
2956 4322 3221 4389 evidens
3240 4331 3308 4385 35

367 4423 818 4488 testimonium
869 4444 1181 4508 praesens
1239 4445 1454 4488 meum
1513 4422 2018 4510 chirographum
2072 4424 2283 4490 almae
2340 4426 2783 4491 universitatis
2842 4423 3225 4510 Lipczensis

367 4530 736 4587 rectoratus
779 4520 994 4607 sigillo
1031 4523 1422 4587 ‘communiri
1463 4521 1788 4587 humiliter
1832 4524 2039 4610 petivi
2083 4546 2160 4588 ac
2201 4526 2565 4612 impetravi.
2646 4523 2863 4589 Datae
2907 4545 3076 4588 anno
3111 4521 3221 4586 do-

719 4788 820 4853 99.
884 4801 1125 4854 romu
1168 4803 1447 4854 menum
1489 4804 1586 4853 nn
1627 4804 1902 4854 srfflno
1944 4805 2183 4855 nxrRA
2225 4805 2407 4854 LOCA
2449 4805 2880 4855 APPROBATA.

542 4916 681 4983 Nos
722 4917 818 4984 .N.
864 4927 981 4983 etc.
1025 4927 1240 4984 rector
1296 4929 1520 4985 tenore
1563 4903 2001 5007 praesentium
2043 4920 2303 5007 publice
2344 4920 2755 5008 indulgemus
2780 4924 2830 5006 ¹,
2873 4930 2946 4986 ut
2989 4920 3311 4985 disere-40

371 5025 481 5082 tus
527 5015 629 5082 .N.
677 5016 759 5081 de
803 5017 919 5100 .N.,
961 5016 1174 5082 dictae
1214 5029 1475 5084 nostrae
1514 5022 1963 5106 universitatis
2008 5020 2388 5102 membrum,
2426 5031 2614 5086 extra
2657 5020 2933 5107 collegia
2977 5031 3040 5085 et
3078 5019 3224 5084 bur-

380 5137 488 5182 sas
545 5114 951 5202 approbatas
1005 5118 1199 5182 certis
1252 5116 1749 5184 rationabilibus
1801 5142 1884 5184 ex
1927 5120 2164 5201 causis,
2209 5140 2427 5183 coram
2468 5119 2658 5185 nobis
2701 5120 3075 5207 propositis,
3118 5119 3230 5184 ab·

512 5334 535 5386 1
581 5329 692 5383 Am
729 5329 954 5385 Raude:
974 5334 1255 5402 favemus.

956 5447 966 5456 .
2809 5426 2847 5488 9
2865 5425 2893 5455 ᾳ
