4038 6358
830 603 953 674 404
1815 599 1917 655 Die
1950 598 2391 670 philosophische
2425 600 2681 657 Facnlffit.

996 792 1239 850 F'ortan
1277 790 1439 849 wird
1495 790 1590 850 die
1628 791 2015 867 Eintheilunq
2068 793 2208 851 sehr
2262 790 2571 869 schwieriy
2622 812 2697 852 zu
2752 792 3225 851 darchachauen.
3310 793 3416 855 Ich
3458 794 3671 871 qlmbe

835 890 922 949 sie
962 890 1040 949 im
1076 890 1423 969 Folyenden
1465 893 1621 951 nach
1661 891 1985 968 Auleituny
2027 892 2130 949 des
2171 886 2354 953 Ordo
2399 897 2787 953 statutorum
2834 897 2957 966 auf
2989 892 3085 951 ΒΖ.
3128 893 3166 955 3
3189 900 3219 930 ⁸
3261 893 3529 969 richtiyer
3560 914 3670 971 qe·

836 993 1057 1066 troffen
1093 1010 1168 1050 tu
1221 989 1412 1050 haben
1467 993 1561 1050 als
1614 991 1679 1050 in
1736 993 1851 1050 den
1903 990 2193 1051 Urleundl.
2243 991 2494 1057 Qucum
2537 990 2604 1050 S.
2648 992 2768 1057 832
2795 996 2896 1068 sq.
2995 993 3120 1069 1791.
3161 993 3318 1053 auch
3371 993 3461 1051 die
3497 994 3668 1054 Am.

830 1109 905 1149 zu
959 1090 1151 1164 VIII,
1197 1094 1274 1153 10
1313 1110 1371 1149 u.
1411 1091 1527 1152 ΙΧ.

747 1314 781 1369 5
832 1303 975 1370 Vn.
1038 1300 1162 1391 [Bl.
1212 1300 1360 1391 14⁸]
1422 1303 1541 1368 De
1585 1304 2154 1390 assumptione
2207 1271 2884 1372 baccalariorum
2939 1303 3296 1369 alterius
3347 1304 3666 1369 univer-

832 1404 1133 1469 sitatis
1178 1413 1255 1468 et
1300 1402 1391 1468 de
1435 1402 2026 1490 disputatione
2066 1411 2143 1467 et
2179 1402 2607 1469 honestate
2646 1403 3313 1470 baccalariorum
3351 1415 3668 1470 nostrae

1641 1503 2246 1567 universitatis
2288 1511 2370 1578 et
2411 1503 2873 1571 facultatis,

1009 1695 1065 1754 1.
1078 1688 1099 1728 ¹
1153 1686 1436 1771 Placuit,
1479 1697 1552 1752 ut
1601 1686 1817 1752 nullus
1871 1684 2280 1752 baccalarius
2336 1685 2602 1753 alterius
2656 1689 3099 1753 universitatis
3160 1694 3519 1752 assumatur
3573 1686 3668 1751 ad

830 1786 1205 1853 facultatem
1246 1789 1494 1852 arcium
1508 1836 1527 1871 ,
1562 1788 1691 1851 nisi
1737 1784 2030 1851 docuerit
2071 1787 2543 1873 promotionem
2597 1809 2782 1853 suam
2832 1785 3066 1853 litteris
3121 1787 3460 1852 autenticis
3514 1809 3666 1853 suae

756 1898 820 1953 10
835 1887 1279 1953 tmiversitatis
1326 1886 1430 1952 vel
1469 1885 1829 1970 facultatis3
1890 1883 1994 1951 vel
2040 1885 2204 1950 duos
2247 1887 2596 1972 magistros
2637 1887 2896 1971 habeat,
2937 1888 3047 1972 qui
3089 1908 3212 1974 pro
3257 1908 3334 1951 eo
3374 1886 3668 1952 fideiube-

833 1997 964 2071 ant,
1008 1996 1079 2052 ut
1116 1985 1283 2052 tales
1319 1985 1544 2052 literas
1586 1986 1759 2051 infra
1812 1984 2095 2050 medium
2155 2007 2397 2051 annum
2452 1985 2572 2051 sub
2616 2009 2828 2074 poena
2871 1987 3143 2075 periurii
3185 1996 3250 2051 et
3292 1986 3667 2052 exclusionis

837 2086 1126 2152 eiusdem
1153 2086 1527 2151 assumendi
1559 2093 1894 2173 apportet3
1935 2083 2042 2151 vel
2078 2105 2196 2171 per
2226 2086 2662 2151 iuramentum
2701 2109 2889 2152 suum
2926 2087 3282 2174 proprium,
3333 2087 3388 2149 si
3427 2085 3666 2150 litteras

834 2187 1194 2253 autenticas
1247 2196 1684 2272 competenter
1735 2183 1978 2250 habere
2028 2208 2161 2250 non
2214 2187 2480 2273 poterit,
2526 2196 2590 2251 et
2641 2186 2881 2252 habeat
2934 2186 3096 2252 duas
3157 2207 3467 2274 personas
3517 2183 3665 2250 fide-

834 2285 1088 2373 dignas,
1135 2288 1248 2373 qui
1290 2285 1409 2352 sub
1452 2288 1587 2352 suis
1621 2285 2001 2351 iuramentis
2046 2284 2286 2367 dicant,
2328 2285 2527 2350 talem
2570 2286 2665 2351 sio
2709 2284 3167 2351 assumendum
3207 2289 3278 2350 in
3316 2283 3434 2349 tali
3471 2282 3670 2370 gradu

752 2395 815 2451 15
835 2408 976 2451 esse
1021 2396 1406 2474 promotum.

1003 2491 1058 2551 2.
1100 2485 1263 2551 Item
1295 2485 1508 2551 nullus
1550 2482 2067 2549 bacealariorum
2098 2485 2168 2549 in
2199 2482 2448 2550 artibus
2487 2492 2701 2571 portet
2735 2483 3007 2571 pallium
3045 2507 3128 2550 ex
3159 2493 3434 2573 utroque
3473 2483 3664 2549 latere

828 2585 936 2651 vel
970 2607 1098 2651 uno
1125 2594 1425 2673 apertum
1459 2606 1605 2649 cum
1631 2583 1857 2670 iopula
1893 2583 1999 2649 vel
2038 2584 2362 2667 tunicella,
2401 2606 2569 2671 quae
2609 2606 2742 2649 non
2780 2584 3191 2671 protenditur
3231 2584 3405 2650 ultra
3446 2606 3666 2668 genua,

829 2707 1040 2773 neque
1086 2684 1283 2751 alium
1326 2684 1621 2753 habitum
1660 2683 2063 2748 indecentem
2109 2683 2379 2750 deferat.
2467 2683 2601 2765 Qui
2644 2687 2701 2750 si
2746 2688 3144 2750 contrarium
3186 2685 3437 2768 fecerit,
3481 2685 3549 2748 in
3586 2682 3668 2747 di·

840 2784 1041 2849 midio
1074 2783 1316 2850 floreno
1347 2807 1467 2872 per
1504 2781 1820 2849 decanum
1851 2782 2178 2850 facultatis
2213 2787 2460 2850 arcium
2490 2786 2814 2872 puniatur.
2900 2784 3031 2866 Qui
3072 2787 3128 2850 si
3170 2807 3239 2850 se
3284 2784 3669 2871 opposuerit,

747 2891 817 2948 20
835 2883 923 2948 ad
961 2882 1300 2949 ulteriores
1341 2881 1585 2970 gradus
1627 2886 1696 2947 in
1740 2882 1988 2948 artibus
2032 2907 2163 2949 non
2205 2884 2602 2950 admittatur.

1006 2989 1065 3051 3.
1107 2983 1272 3048 Item
1303 2982 1713 3048 baccalarius
1750 2983 2015 3048 alterius
2057 2985 2501 3050 universitatis
2544 2983 2650 3049 hic
2698 2993 3071 3071 assumptus
3111 2982 3356 3049 iurabit
3399 2982 3521 3048 sub
3565 2982 3672 3048 hac

835 3082 1074 3147 forma:
1118 3083 1307 3168 „Ego
1351 3082 1449 3147 .N.
1491 3083 1654 3166 iuro,
1699 3083 1874 3169 quod
1914 3083 2088 3148 infra
2131 3083 2524 3172 quindenam
2560 3083 2853 3150 facultati
2894 3081 3091 3148 velim
3135 3082 3390 3149 solvere
3425 3092 3454 3148 1
3501 3084 3673 3149 flore·

838 3205 992 3248 num
1018 3184 1386 3248 reinensem
1429 3192 1492 3247 et
1529 3183 1814 3249 medium
1842 3183 2157 3250 florenum
2197 3206 2319 3271 pro
2361 3185 2518 3251 fisco
2561 3186 3024 3267 universitatis,
3062 3182 3167 3249 vel
3212 3182 3510 3249 obtinere
3551 3186 3675 3249 eius

838 3281 1279 3348 dimissionem
1306 3281 1412 3350 vel
1434 3282 1810 3350 dilationem
1834 3305 1875 3348 a
1895 3282 2231 3367 facultate3
2275 3286 2428 3348 item
2461 3283 2636 3371 quod
2673 3294 2964 3370 tempore
2996 3304 3181 3349 meae
3221 3285 3675 3372 assumptionis

750 3391 818 3447 25
834 3383 1129 3448 nuncciis
1161 3382 1603 3448 universitatis
1639 3382 1809 3448 dabo
1837 3382 2137 3447 adminus
2162 3393 2439 3469 quatuor
2460 3406 2760 3470 grossos3
2804 3385 2958 3448 item
2994 3381 3166 3470 quod
3214 3383 3454 3448 bonum
3498 3384 3675 3449 huius

834 3484 1284 3548 universitatis
1329 3491 1396 3546 et
1432 3481 1759 3550 facultatis
1804 3484 2053 3548 arcium
2092 3482 2288 3547 velim
2345 3505 2698 3570 procurare
2713 3533 2732 3567 ,
2786 3494 2850 3548 et
2909 3493 3151 3549 statuta
3204 3495 3268 3549 et
3322 3483 3676 3566 statuenda,

840 3604 1008 3671 quae
1053 3593 1202 3648 sunt
1242 3605 1363 3671 pro
1404 3582 1575 3648 bono
1630 3584 2072 3648 universitatis
2131 3592 2194 3647 et
2249 3582 2577 3650 facultatis
2630 3582 3038 3672 praedictae,
3096 3581 3183 3650 ad
3236 3605 3678 3672 quemcunque

842 3690 1083 3748 statum
1122 3682 1464 3766 devenero,
1506 3682 1705 3748 velim
1746 3681 2157 3748 observare.“

2040 3823 2096 3884 4.
2145 3835 2267 3899 vgn.
2303 3837 2368 3899 x,
2407 3836 2484 3888 16.

753 3942 822 4001 30
1006 3937 1170 4001 Item
1213 3932 1457 4021 placet,
1502 3933 1674 4020 quod
1716 3933 1987 4022 quilibet
2028 3932 2437 3999 baccalarius
2479 3935 2547 3999 in
2589 3933 2841 3999 artibus
2897 3942 3152 4000 tenetur
3191 3933 3260 3998 in
3299 3933 3531 3999 ordine
3572 3957 3678 3999 suo

837 4034 944 4100 die
979 4034 1300 4101 dominico
1340 4033 1694 4120 disputare,
1739 4057 1885 4099 cum
1929 4035 2332 4099 intimatione
2372 4033 2637 4121 publica
2676 4056 2807 4099 non
2845 4032 3054 4100 solum
3094 4032 3181 4098 ad
3222 4032 3454 4098 valvas
3498 4033 3678 4100 colle-

845 4136 1101 4220 giorum
1143 4133 1261 4200 sed
1302 4135 1507 4199 eciam
1552 4134 1638 4198 ad
1681 4133 1945 4199 bursam
1988 4135 2351 4218 facultatis,
2396 4156 2562 4221 quae
2618 4143 2718 4199 est
2768 4134 2947 4202 locus
2998 4133 3427 4222 paedagogii3
3493 4157 3679 4223 quam

844 4232 1353 4321 disputationem
1379 4234 1663 4300 decanus
1698 4243 1954 4300 tenetur
1999 4234 2124 4300 sibi
2167 4233 2253 4299 ad
2298 4243 2439 4299 octo
2483 4231 2624 4298 dies
2668 4242 2818 4298 ante
2856 4256 2976 4321 per
3015 4232 3326 4298 famulum
3369 4235 3681 4300 universi·

843 4335 996 4398 tatis
1021 4334 1340 4400 intimare.
1410 4333 1498 4399 Et
1528 4333 1922 4421 disputando
1957 4334 2287 4400 ordinarie
2330 4355 2461 4398 non
2504 4336 2724 4420 capiat
2766 4334 3173 4420 quaestiones
3215 4333 3343 4397 nisi
3385 4335 3458 4398 in
3498 4332 3683 4421 loyca

753 4442 820 4499 35
839 4442 905 4498 et
929 4431 1344 4522 philosophia
1370 4433 1672 4517 naturali,
1713 4456 1836 4500 nec
1866 4433 2271 4521 zophismata
2299 4434 2426 4497 nisi
2455 4434 2524 4498 in
2556 4435 2981 4520 grammatica
3023 4443 3088 4498 et
3126 4434 3335 4520 loyca,
3382 4436 3479 4499 sic
3515 4432 3682 4521 quod

839 4533 1167 4600 rethorica
1192 4543 1453 4600 maneat
1481 4556 1601 4621 pro
1639 4535 1972 4618 magistris
2012 4543 2284 4621 propter
2326 4534 2596 4598 tercium
2637 4533 2994 4621 zophisma,
3041 4531 3161 4599 sub
3202 4556 3418 4623 poena
3464 4534 3678 4600 decem

843 4655 1257 4721 grossorum,
1316 4656 1478 4720 quos
1536 4633 1819 4716 decanus
1874 4631 1993 4700 sub
2054 4656 2171 4700 suo
2225 4634 2587 4700 iuramento
2644 4643 2897 4700 tenetur
2952 4636 3243 4722 rigorose
3297 4643 3680 4723 extorquere

833 4732 917 4799 ab
959 4734 1199 4801 eodem.

2031 4842 2089 4902 5.
2125 4854 2247 4918 νει.
2286 4854 2354 4919 X,
2393 4852 2472 4904 ιτ.

1005 4950 1170 5016 Item
1213 4949 1479 5038 placuit,
1525 4949 1696 5038 quod
1734 4950 1946 5017 nullus
1985 4952 2504 5018 baccalariorum
2548 4951 2694 5039 plus
2730 4973 2929 5036 quam
2970 4949 3169 5018 semel
3209 4952 3278 5016 in
3319 4951 3425 5017 die
3468 4961 3674 5017 exn-a-

751 5061 820 5116 40
841 5049 1168 5116 ordinarie
1211 5049 1498 5137 disputet
1537 5052 1605 5115 in
1649 5051 1864 5140 aliquo
1921 5052 2334 5119 lectoriorum
2395 5075 2544 5119 cum
2586 5052 3001 5116 intimacione
3043 5050 3306 5139 publica
3348 5060 3412 5116 et
3454 5049 3674 5117 habitu

1006 5220 1029 5272 1
1073 5217 1182 5271 Am
1205 5216 1431 5272 Raude:
1465 5217 1629 5272 Illud
1654 5224 1914 5272 atomum
1947 5219 2125 5273 lacius
2157 5219 2498 5275 declaratum
2530 5219 2774 5290 infolio
2803 5224 2863 5275 19
2898 5219 3021 5292 (21),
3051 5222 3152 5274 uba·
3184 5221 3358 5277 eciam
3392 5220 3582 5291 ayt'oeu·
3607 5220 3674 5272 de

836 5300 1172 5356 baccalariis
1203 5303 1542 5356 assumendis
1573 5302 1804 5358 alterius
1832 5304 2224 5358 waben-sitatis.
