4038 6358
1371 593 1472 645 Die
1506 592 1744 647 statuten
1781 606 1888 645 von
1927 593 2273 647 1439-ε-1511.
3140 590 3262 657 203

273 766 584 856 quilibet
635 768 1102 861 collegiatus
1145 798 1456 864 praesens
1496 775 1584 842 ad
1627 776 1754 842 duo
1795 771 1920 863 [am
1952 780 2173 841 Raude
2186 800 2206 838 .·
2253 771 2444 863 Tres]
2499 772 2734 840 altaria
2774 774 3007 840 offerre
3044 782 3263 839 tenea·

275 879 406 951 tur,
471 880 776 937 extunc
839 874 1144 942 habebit
1187 898 1371 941 suam
1417 878 1826 965 porcionem3
1887 878 1943 942 si
1983 885 2201 943 autem
2241 875 2477 961 aliquis
2517 876 2979 960 magistrorum
3015 882 3261 939 utrum-

282 990 414 1057 que
459 968 966 1057 neglexerit,
1011 974 1316 1041 videlicet
1355 977 1626 1041 missam
1668 986 1731 1041 et
1776 975 2060 1061 vigilias,
2112 975 2274 1041 nihil
2319 976 2575 1061 penitus
2616 972 2887 1056 habeat3
2945 975 3002 1037 si
3046 980 3263 1038 autem

285 1067 377 1132 ad
425 1068 766 1135 alterum
823 1074 1207 1141 officiorum
1262 1073 1454 1140 modo
1511 1074 1890 1162 supradicto
1943 1086 2197 1140 tantum
2238 1076 2517 1153 venerit,
2573 1072 2888 1137 medietas
2946 1073 3006 1136 ei
3059 1071 3263 1136 detur.

289 1168 676 1233 Tenentur
750 1174 1004 1238 eciam
1047 1175 1346 1259 magistri
1404 1173 1484 1239 de
1541 1173 1832 1261 collegio,
1898 1175 1954 1239 si
2012 1172 2385 1239 sacerdotes
2440 1172 2708 1253 fuerint,
2765 1169 2983 1257 legere
3032 1172 3266 1235 missas
3312 1175 3347 1233 5

295 1264 484 1355 [14¹³]
544 1270 1022 1355 animarum,
1076 1274 1172 1337 ita
1219 1266 1397 1360 quod
1453 1272 1722 1360 quilibet
1772 1296 1998 1357 unam,
2058 1296 2191 1338 non
2249 1271 2621 1338 sacerdotes
2676 1270 2947 1359 quilibet
3001 1268 3263 1356 vigilias

299 1388 562 1432 novem
637 1367 1056 1437 lectionum
1071 1421 1089 1454 ,
1149 1373 1219 1436 in
1274 1370 1502 1437 eadem
1554 1374 1940 1457 septimana.
2024 1372 2133 1437 Ad
2192 1394 2463 1461 quorum
2522 1371 2807 1435 omnium
2862 1368 3263 1433 effectualem

303 1466 900 1553 expedicionem
945 1471 1256 1557 magister
1293 1470 1614 1537 Iohannes
1656 1471 1930 1537 Liriken
1971 1471 2181 1537 felicis
2224 1471 2595 1553 memoriae,
2640 1469 2794 1534 dum
2838 1466 3052 1533 adhuc
3089 1468 3265 1532 vive-

315 1576 420 1631 ret
433 1616 454 1648 ,
515 1566 602 1631 in
649 1567 935 1635 ultima
978 1592 1095 1637 sua
1135 1568 1470 1635 voluntate
1514 1586 1556 1635 c
1596 1569 1876 1638 florenos
1926 1592 2256 1643 renenses,
2276 1572 2345 1635 in
2388 1592 2547 1634 auro
2591 1568 2857 1655 reliquit
2892 1576 2955 1631 et
3003 1566 3267 1653 legavit,

321 1688 496 1753 quos
549 1666 964 1754 collegium
1005 1669 1126 1734 sub
1170 1691 1384 1734 annuo
1429 1692 1627 1735 censu
1682 1669 1767 1735 ad
1819 1670 2187 1735 huiusmodi
2231 1667 2688 1735 celebrandum
2746 1667 3263 1733 anniversarium
3286 1674 3350 1731 10

329 1763 542 1829 debet
587 1764 926 1835 fideliter
953 1790 1282 1855 exponere
1313 1779 1376 1833 et
1419 1767 1834 1834 de·censibus
1874 1768 2031 1833 inde
2071 1769 2398 1856 perceptis
2444 1768 2757 1854 exequias
2800 1766 2994 1832 modo
3037 1787 3263 1852 supra-

327 1861 524 1928 dicto
589 1887 980 1954 peragere.
1061 1867 1150 1933 Et
1207 1869 1362 1955 quia
1415 1865 1755 1952 collegium
1806 1865 2207 1933 voluntatem
2264 1867 2420 1933 dicti
2475 1866 2759 1932 defuncti
2812 1876 2877 1929 et
2932 1865 3263 1932 testatoris

336 1964 476 2028 iam
526 1962 998 2053 adimplevit,
1054 1966 1263 2033 dictos
1311 1982 1354 2031 c
1396 1965 1674 2032 florenos
1721 1987 2027 2031 renenses
2071 1966 2189 2031 sub
2232 1988 2443 2031 annuo
2486 1988 2685 2031 censu
2728 1964 2811 2029 de
2851 1964 3024 2030 facto
3064 1987 3266 2051 expo-

341 2063 480 2126 suit
493 2110 513 2144 ,
585 2066 852 2151 capiat
909 2067 1321 2154 praepositus
1375 2063 1632 2150 collegii
1689 2066 1956 2131 maioris
2013 2068 2297 2153 quinque
2338 2066 2400 2131 fl.
2453 2086 2761 2129 renenses
2810 2065 2879 2128 in
2932 2084 3110 2145 aure,
3162 2062 3265 2128 vel

356 2162 668 2228 omnino·
696 2164 782 2229 in
830 2163 1290 2252 aequipollenti
1330 2173 1608 2247 moneta,
1661 2164 1932 2251 singulis
1977 2167 2166 2231 annis
2206 2168 2386 2232 circa
2427 2164 2819 2229 dominicam
2859 2161 3137 2227 Iubilate
3181 2160 3265 2226 ab
3288 2169 3348 2226 15

351 2259 616 2327 abbate
667 2272 750 2329 et
792 2266 1190 2331 monasterio
1231 2263 1648 2351 Pegaviensi,
1705 2285 1866 2349 quos
1911 2265 2100 2329 iuxta
2142 2273 2564 2346 contractum,
2618 2284 2764 2328 cum
2808 2284 2927 2327 sua
2981 2256 3263 2349 paterni·-

355 2370 496 2425 tate
543 2372 618 2427 et
663 2364 973 2451 capitulo
1015 2387 1129 2432 suo
1170 2365 1420 2446 initum,
1466 2362 1718 2428 solvere
1757 2366 2251 2450 praenominato
2276 2374 2573 2450 tempore
2599 2362 2979 2449 praeposito
3004 2358 3261 2445 collegii

357 2459 562 2526 huius
611 2472 912 2545 tenetur,
970 2473 1035 2529 et
1089 2486 1160 2529 se
1199 2472 1262 2529 et
1314 2484 1502 2529 suum
1545 2463 2030 2546 monasterium,
2080 2484 2411 2551 quousque
2461 2458 2833 2527 huiusmodi
2886 2466 3259 2525 contractus

371 2558 771 2644 duraverit,
836 2561 925 2627 ad
968 2564 1064 2627 sic
1107 2554 1586 2628 observandum
1627 2571 1694 2626 et
1734 2561 2006 2628 firmiter
2049 2562 2399 2628 tenendum
2436 2562 2623 2625 iuxta
2663 2558 2935 2639 litteras,
2981 2556 3261 2644 desuper

373 2656 668 2744 collegio
715 2661 1022 2743 traditas,
1066 2660 1381 2747 obligavit
1426 2672 1491 2726 et
1533 2662 1861 2727 astrinxit.
1905 2660 2293 2727 Distributis
2326 2671 2392 2726 et
2436 2659 2663 2726 solutis
2704 2659 2848 2723 istis
2890 2650 2976 2721 ad
3014 2655 3259 2737 divina,
3276 2663 3345 2719 20

377 2770 448 2821 ut
489 2780 714 2846 supra
760 2762 1123 2842 recitatum,
1165 2759 1430 2825 residua
1472 2762 1766 2847 pecunia,
1811 2783 1978 2851 quae
2018 2768 2118 2827 est
2162 2768 2203 2828 4
2248 2760 2329 2829 (6.
2371 2760 2441 2823 in
2484 2780 2643 2823 auro
2688 2762 2727 2825 6
2752 2772 2835 2843 μς.
2880 2761 2919 2823 9
2946 2757 3025 2836 43·
3062 2777 3209 2821 nov.
3225 2758 3263 2837 ¹,

375 2856 549 2921 iuter
578 2860 969 2944 magistros,
1015 2858 1270 2944 collegii
1296 2859 1563 2923 maioris
1593 2857 1934 2941 duntaxat,
1974 2862 2044 2925 in
2086 2858 2328 2923 divinis
2368 2866 2747 2943 praesentes
2794 2868 2857 2920 et
2898 2854 3261 2942 praemissa

387 2956 742 3038 facientes,
789 2957 1148 3044 aequaliter
1190 2955 1634 3026 distribuatur.
1700 2958 2051 3024 Praedicta
2090 2979 2345 3046 quoque
2386 2956 2720 3022 ordinacio
2762 2977 2805 3019 a
2844 2952 3023 3019 nullo
3061 2953 3266 3037 magi-

391 3062 684 3119 strorum
731 3054 988 3142 collegii
1027 3058 1294 3122 maioris
1337 3054 1455 3120 sub
1502 3057 1774 3141 periurii
1813 3079 2023 3143 poena
2064 3057 2476 3145 impediatur.
2524 3054 2614 3119 Et
2655 3054 3065 3142 praepositus
3099 3052 3262 3117 eius·—

397 3151 556 3218 dem
593 3154 862 3242 collegii
903 3178 1022 3242 pro
1071 3164 1365 3242 tempore
1418 3156 1703 3220 existens
1751 3154 1839 3221 ad
1889 3156 2084 3223 finem
2127 3155 2501 3244 vigiliarum
2542 3162 2607 3220 et
2647 3154 2885 3219 missae
2926 3150 3255 3218 defuncto-
3278 3158 3343 3214 25

399 3274 544 3316 rum
585 3261 945 3340 expectare
985 3263 1260 3337 tenetur,
1305 3253 1392 3318 ad
1429 3253 1803 3338 videndum,
1847 3255 2021 3344 quod
2064 3255 2321 3342 singula
2364 3257 2551 3320 iuxta
2596 3253 3097 3334 ordinacionem,
3142 3271 3261 3337 per

405 3349 752 3438 collegium
791 3353 1052 3435 factam,
1098 3352 1398 3418 effectum
1436 3352 1724 3419 debitum
1767 3357 2149 3423 sorciantur.
2216 3354 2315 3421 Si
2334 3376 2491 3420 vero
2535 3352 2943 3440 praepositus
2986 3349 3259 3463 impedi-

408 3459 508 3516 tus
559 3452 791 3534 fuerit,
845 3452 920 3516 id
976 3475 1098 3539 per
1154 3473 1223 3516 se
1275 3451 1491 3516 facere
1529 3454 1862 3540 nequiens,
1917 3453 2106 3519 alteri
2145 3456 2608 3540 magistrorum
2651 3449 2733 3516 de
2776 3448 3047 3534 collegio
3083 3449 3262 3514 vices

413 3571 558 3614 suas
600 3551 981 3618 committat.
1065 3550 1237 3617 Acta
1291 3560 1442 3615 sunt
1498 3550 1659 3616 haec
1716 3573 1884 3618 anno
1939 3552 2187 3618 domini
2228 3551 2568 3618 millesimo
2622 3547 3261 3639 quadringentesimo

413 3652 828 3737 nonagesimo
880 3651 1092 3738 primo
1138 3651 1345 3716 tercia
1385 3649 1550 3714 feria
1588 3659 1740 3737 post
1781 3650 2063 3717 Cantate
2116 3655 2301 3729 (1491
2352 3657 2408 3714 d.
2452 3657 2506 3718 3.
2550 3649 2735 3730 Mai).
3274 3652 3343 3710 30

567 3749 921 3816 Praeterea
962 3747 1210 3836 placuit
1251 3746 1521 3832 collegio
1563 3749 1989 3833 concorditer,
2035 3750 2211 3836 quod
2251 3749 2550 3816 decetero
2596 3746 3003 3815 scholaribus
3043 3745 3257 3830 legen-

419 3845 580 3912 tibus
636 3848 944 3915 lectiones
989 3851 1058 3913 in
1099 3845 1346 3933 vigiliis
1389 3844 1628 3912 debent
1669 3846 1814 3912 dari
1860 3856 1896 3914 7
1939 3853 2014 3929 ‹3.
2058 3851 2247 3932 novi3
2306 3850 2401 3914 sic
2441 3856 2777 3913 remanent
2817 3865 2939 3932 pro
2984 3842 3258 3928 collegio

419 3951 452 4008 4
496 3947 576 4016 ὅ.
618 3969 922 4014 renenses
967 3953 1006 4016 6
1051 3962 1132 4032 95.
1175 3956 1238 4050 et
1279 3949 1320 4010 9
1361 3947 1437 4024 ᾧ.
1480 3947 1656 4010 novi.

573 4134 857 4211 Hierauf
886 4135 964 4192 ist
1007 4154 1106 4193 am
1146 4141 1368 4194 autern
1409 4133 1628 4192 Raude
1671 4137 2147 4213 stachyetrayen.
2136 4158 2150 4172 ·

551 4313 739 4379 Item
791 4312 986 4379 hodie
1038 4311 1411 4380 huiusmodi
1468 4321 1721 4379 centum
1778 4314 2009 4380 floreni
2071 4327 2221 4381 sunt
2277 4317 2558 4404 expositi
2617 4311 2795 4401 apud
2855 4309 3259 4376 consulatum
3277 4313 3344 4370 35

427 4409 829 4500 Liptzensem
872 4434 994 4499 pro
1041 4410 1272 4476 annuis
1316 4411 1615 4478 censibus
1670 4414 1954 4499 quinque
2007 4414 2419 4498 florenorum,
2472 4435 2744 4503 quorum
2784 4409 3097 4475 medietas
3138 4403 3295 4469 Pa-

424 4531 580 4593 scae,
621 4510 828 4576 altera
867 4508 1207 4574 Michaelis
1249 4509 1551 4577 solvetur.
1615 4511 1704 4577 Et
1740 4511 1996 4578 litterae
2037 4513 2405 4580 huiusmodi
2447 4511 2747 4627 capitalis
2790 4529 3076 4573 summae
3117 4525 3263 4568 cum

431 4609 716 4676 censibus
756 4609 1078 4676 habentur
1119 4607 1297 4696 apud
1336 4609 1710 4676 facultatem
1753 4610 2204 4698 theologicam,
2248 4634 2415 4701 quae
2458 4614 2663 4676 eciam
2708 4603 3079 4673 huiusmodi
3118 4623 3260 4666 cen-

427 4731 521 4772 sus
566 4730 712 4774 cum
755 4709 888 4774 suis
930 4708 1220 4795 propriis
1265 4706 1567 4774 censibus
1609 4721 1916 4776 consueto
1974 4723 2268 4799 tempore
2318 4711 2600 4799 percipit
2654 4718 2717 4772 et
2771 4703 3024 4789 collegii
3068 4723 3260 4788 prae-

424 4807 624 4894 posito
679 4830 802 4894 pro
857 4807 1150 4895 exequiis
1209 4807 1602 4894 peragendis
1655 4811 1841 4874 iuxta
1891 4819 2182 4875 tenorem
2237 4811 2456 4876 statuti
2517 4807 2797 4895 desuper
2852 4802 3015 4868 editi
3072 4822 3256 4889 prae·
3278 4809 3345 4864 40

571 5094 594 5144 1
654 5087 820 5144 Auch
867 5106 940 5146 an
992 5090 1173 5147 dieser
1219 5089 1391 5148 Stelle
1438 5091 1512 5148 ist
1557 5091 1790 5162 radici-t,
1842 5091 2330 5164 augenscheinlich
2366 5093 2457 5150 die
2501 5089 2725 5150 Summe
2756 5105 2868 5148 von
2915 5087 3065 5143 alten
3098 5083 3263 5142 Psen-

421 5189 576 5244 ἨΕΘΜ
612 5170 717 5227 anf
755 5189 899 5228 ”0¹²0
942 5175 1221 5230 reduciert
1251 5175 1302 5247 (1
1343 5178 1422 5246 [6
1461 5202 1530 5223 ===
1566 5181 1623 5232 21
1668 5181 1765 5246 φῄς
1811 5183 1831 5233 1
1873 5181 1942 5246 μί.
1977 5203 2047 5223 =
2088 5182 2148 5234 12
2192 5178 2303 5247 aq)
2337 5176 2593 5251 augleich
2626 5174 2730 5230 mit
2764 5171 3136 5242 Zurechnung
3166 5171 3265 5226 der

420 5261 522 5310 erst
554 5254 757 5328 spiiter
775 5256 1341 5330 hinzugekommenen
1377 5265 1407 5314 7
1449 5261 1524 5316 Β..
1561 5260 1655 5315 fiir
1683 5261 1776 5316 die
1807 5259 2105 5318 scholares.
