4038 6358
1399 622 1615 687 Einzige
1649 622 2177 675 Statutenredaction.
3114 628 3237 695 583

561 822 806 871 xxvm.
843 804 1026 889 Item,
1075 827 1219 871 cum
1263 804 1426 871 alias
1469 804 1556 869 sit
1596 807 1930 892 provisum
1975 816 2043 874 et
2083 804 2437 889 obtentum,
2484 806 2657 891 quod
2682 802 2928 890 doctor,
2962 806 3045 873 de
3069 830 3237 875 emo-

303 897 708 981 lumentis,
751 926 836 971 ex
877 905 1404 993 promocionibus
1450 927 1530 971 ac
1573 906 1860 972 consiliis
1916 906 2341 993 collegialiter
2396 904 2633 971 dandis
2673 906 3228 994 provenientibus,

299 1006 782 1092 participare
823 1004 1082 1088 volens,
1143 1003 1446 1073 laborare
1510 1004 1746 1070 debeat
1765 1054 1782 1088 ,
1844 1029 1926 1072 ne
1967 1029 2123 1073 vero
2165 1006 2341 1071 illius
2385 1007 2727 1072 occasione
2767 1005 2986 1091 aliqua
3030 1009 3239 1094 possit

305 1103 540 1168 oriri
585 1103 924 1188 dissensio,
969 1104 1052 1170 ob
1092 1104 1163 1169 id
1205 1104 1470 1192 placuit,
1513 1103 1690 1192 quod
1729 1106 1789 1169 is
1826 1103 2129 1171 laborare
2169 1104 2573 1192 intelligitur,
2615 1106 2725 1192 qui
2746 1104 3223 1189 hebdomadim,

309 1202 760 1269 rationabili
801 1203 1261 1291 impedimento
1309 1212 1620 1286 cessante,
1664 1202 1750 1269 ad
1791 1206 2002 1269 minus
2044 1204 2149 1270 bis
2192 1214 2257 1270 et
2296 1205 2391 1269 ita
2429 1226 2547 1291 per
2590 1204 2751 1269 duos
2796 1204 2939 1271 dies
2981 1206 3048 1271 in
3091 1228 3227 1271 ma·
3282 1214 3317 1270 5

313 1304 568 1385 teria,
612 1302 754 1369 loco
797 1314 862 1368 et
901 1302 1064 1368 hora
1104 1326 1223 1390 per
1265 1304 1562 1369 doctores
1605 1304 2019 1390 assignandis
2064 1303 2317 1392 legerit,
2380 1304 2507 1369 nisi
2560 1304 2741 1391 prius
2786 1327 2905 1391 per
2948 1304 3231 1392 quinque

317 1423 589 1467 annos
655 1403 724 1469 in
779 1402 972 1468 scolis
1027 1402 1292 1489 legisset
1343 1415 1407 1468 et
1459 1405 1553 1468 sic
1611 1404 2113 1490 quinquennium
2184 1426 2372 1469 suum
2440 1405 2692 1490 integre
2753 1402 3235 1491 complevisset.

319 1499 631 1567 Doctor
667 1512 886 1567 tamen
931 1502 1298 1568 sallariatus
1345 1504 1516 1568 omni
1569 1501 1676 1567 die
1723 1502 1972 1589 legibili
1985 1553 2002 1587 ,
2076 1504 2202 1569 nisi
2259 1501 2547 1589 legitime
2614 1502 2967 1587 impeditus
3022 1502 3234 1586 fuerit,

327 1598 724 1667 lectionem
770 1624 954 1667 suam
993 1603 1371 1667 continuare
1413 1601 1691 1667 debebit.

546 1752 741 1801 xm.
794 1734 959 1801 Item
997 1734 1230 1822 placet,
1273 1746 1343 1799 ut
1384 1734 1562 1823 apud
1605 1736 1926 1830 seniorem
1964 1735 2293 1802 facultatis
2349 1746 2499 1802 ante
2542 1736 2739 1801 alium
2790 1735 2898 1801 hic
2955 1744 3303 1823 promo-10

337 1842 518 1897 tum
561 1843 675 1899 aut
717 1844 866 1900 actu
906 1842 1242 1921 regentem
1279 1844 1392 1900 aut
1430 1857 1548 1923 pro
1591 1834 1710 1899 tali
1751 1834 1837 1900 ad
1882 1835 2257 1901 facultatem
2300 1845 2630 1924 receptum
2672 1856 2901 1900 reman
2916 1845 3069 1901 eant
3112 1834 3238 1901 cle-

341 1932 581 1998 nodia
621 1933 967 2018 facultatis,
1013 1944 1172 2022 puta
1213 1934 1381 2000 liber
1418 1944 1803 2000 statutorum
1849 1958 1928 2000 ac
1973 1934 2276 2022 sigillum
2318 1934 2659 2001 facultatis.

550 2085 721 2132 xxx.
779 2068 1013 2133 Fiscus
1063 2090 1218 2131 vero
1260 2067 1604 2133 custodiri¹
1648 2068 1717 2134 in
1755 2069 2217 2156 praepositura
2258 2068 2471 2133 sancti
2514 2065 2804 2132 Thomae
2821 2114 2842 2151 ,
2897 2066 3103 2133 donec
3144 2066 3237 2131 fa·

367 2164 600 2231 cultas
643 2165 727 2231 de
771 2166 900 2233 alio
943 2165 1086 2233 loco
1129 2166 1519 2255 providebit.

551 2316 648 2363 xx
657 2316 749 2363 xl.
823 2298 987 2364 Item
1006 2348 1024 2382 ,
1108 2322 1190 2365 ne
1228 2299 1675 2366 laborantibus
1718 2302 1996 2389 pecunia
2035 2300 2401 2366 auferratur
2415 2348 2433 2381 ,
2509 2298 2657 2365 ideo
2696 2297 2972 2385 placuit,
3060 2297 3233 2386 quod
3260 2307 3320 2363 15

363 2396 612 2462 doctor
671 2398 1128 2484 incorporatus
1145 2448 1163 2481 ,
1247 2400 1361 2486 qui
1419 2422 1488 2464 se
1543 2410 1734 2465 extra
1791 2402 2279 2466 universitatem
2340 2397 2495 2463 alibi
2550 2398 2945 2463 domicilium
3002 2399 3233 2464 consti·

363 2495 621 2561 tuendo
664 2497 1062 2579 transcribit,
1107 2499 1162 2562 si
1207 2500 1403 2563 etiam
1445 2499 1658 2564 animo
1703 2499 1810 2565 hic
1853 2497 2318 2588 perseverandi
2376 2519 2679 2563 reversus
2722 2496 2935 2579 fuerit,
2972 2498 3039 2562 in
3084 2496 3238 2563 duo-

367 2594 508 2661 bus
571 2596 898 2661 mensibus
965 2597 1054 2661 ad
1116 2597 1334 2686 aliqua
1397 2597 1824 2665 emolumenta
1885 2598 2216 2667 facultatis
2280 2597 2706 2685 undecunque
2773 2598 3230 2685 proveniencia

369 2718 515 2761 non
566 2692 1104 2783 admit[16]tatur,
1161 2697 1394 2785 quibus
1447 2696 1688 2785 elapsis
1742 2708 1982 2765 extunc
2033 2698 2119 2763 ad
2176 2697 2394 2765 omnia
2445 2696 2854 2763 emolimenta
2906 2720 3035 2763 una
3091 2718 3235 2763 cum

377 2794 554 2879 aliis,
596 2796 724 2861 nisi
764 2795 943 2862 aliud
987 2796 1112 2862 sibi
1155 2797 1460 2879 obstaret,
1506 2796 1761 2863 admitti
1802 2798 2080 2864 debebit.
3253 2805 3323 2863 20

550 2946 767 2994 xxxa.
851 2929 1031 3011 Item,
1090 2940 1160 2994 ut
1214 2934 1645 3019 repeticiones
1691 2954 1809 3019 per
1863 2930 2073 2997 felicis
2108 2929 2596 2997 ‘recordationis
2640 2928 2971 2995 dominum
3012 2928 3233 2995 docto·

381 3050 525 3093 rem
569 3026 930 3114 Georgium
967 3028 1454 3116 Morgenstern²
1497 3054 1573 3097 eo
1617 3029 1991 3117 diligentius
2048 3054 2167 3117 pro
2208 3032 2603 3095 incremento
2654 3041 2916 3093 nostrae
2970 3027 3236 3093 faculta-

383 3128 470 3192 tis
512 3136 577 3192 et
617 3126 896 3194 utilitate
938 3127 1331 3196 scholarium
1385 3132 1856 3214 continuentur,
1912 3129 2186 3218 placuit,
2245 3129 2417 3217 quod
2470 3127 2695 3194 doctor
2738 3128 2806 3193 in
2851 3126 3079 3194 ordine
3122 3148 3237 3192 suo

384 3226 469 3292 de
510 3229 876 3315 repetente³
919 3228 1045 3294 sibi
1103 3229 1448 3317 provideat
1500 3240 1562 3296 et
1615 3232 1757 3318 ipse
1812 3230 2179 3297 huiusmodi
2232 3228 2614 3317 repeticioni
2664 3249 2790 3314 ,per
2850 3251 2921 3294 se
2979 3238 3123 3309 aut,
3182 3228 3239 3290 si

383 3325 669 3412 legitime
722 3326 1071 3415 impeditus
1126 3329 1346 3412 fuerit,
1403 3351 1521 3416 per
1564 3329 1760 3396 alium
1803 3330 2132 3396 doctorem
2186 3328 2477 3394 facultati
2514 3327 2999 3414 incorporatum
3043 3348 3233 3414 prae-
3254 3335 3321 3392 25

386 3425 615 3492 sideat.
702 3425 896 3506 Quod
935 3429 992 3492 si
1046 3451 1178 3494 non
1238 3430 1482 3509 fecerit,
1550 3438 1790 3494 extunc
1849 3428 1934 3494 ab
1993 3426 2289 3494 omnibus
2346 3437 2411 3493 et
2466 3425 2737 3513 singulis
2794 3425 3237 3492 emolumentis

383 3525 712 3591 facultatis
751 3528 898 3613 ipso
938 3527 1110 3592 facto
1153 3530 1237 3594 sit
1283 3551 1657 3616 suspensus.
1741 3527 1828 3592 Et
1869 3550 1954 3594 ne
2011 3527 2247 3614 aliquis
2301 3535 2647 3614 praetextu
2700 3526 3121 3612 ignoranciae
3164 3549 3235 3590 se

390 3648 708 3692 excusare
765 3623 1012 3708 valeat,
1079 3625 1323 3710 doctor,
1389 3648 1576 3714 quem
1648 3626 1806 3692 ordo
1868 3625 2288 3713 praesidendi
2349 3626 2663 3711 tetigerit,
2726 3647 2846 3712 per
2904 3623 3237 3692 dominum

389 3724 790 3790 ordinarium
869 3728 1261 3792 commoveri
1338 3724 1604 3791 debebit
1675 3725 1762 3792 ad
1840 3724 2318 3813 expediendum
2381 3723 2752 3791 huiusmodi
2818 3724 3237 3811 repeticionis

382 3834 616 3890 actum.
3250 3832 3321 3888 ³0

548 3975 796 4024 xxxm.
879 3957 984 4022 De
1027 3955 1285 4022 sallario
1329 3955 1808 4043 praesidentum
1849 3967 1914 4023 et
1955 3960 2426 4045 opponencium
2467 3957 2573 4023 hic
2612 3956 2773 4023 nihil
2816 3967 2915 4024 est
2956 3966 3233 4038 cautum,

384 4057 500 4124 sed
542 4057 916 4124 necessaria
957 4064 1056 4121 est
1098 4057 1388 4143 provisio
1433 4055 1846 4144 explicanda.

547 4209 786 4256 xxxlv.
851 4191 1013 4256 Item
1052 4188 1316 4277 placuit,
1361 4189 1533 4278 quod
1577 4190 1940 4278 quicunque
1981 4193 2163 4278 prius
2204 4191 2490 4278 insignia
2532 4188 2892 4256 doctoralia
2916 4189 3234 4276 receperit

389 4299 639 4358 ceteros
684 4290 848 4356 alios
895 4300 1046 4378 post
1090 4312 1238 4355 eum
1284 4288 1652 4355 huiusmodi
1694 4289 1979 4377 insignia
2021 4291 2405 4379 recipientes
2445 4290 2587 4356 loco
2631 4287 2993 4372 antecellat,
3045 4289 3237 4354 etiam

555 4561 578 4612 1
621 4555 698 4612 Es
733 4553 873 4612 fehlt
904 4553 994 4609 ein
1029 4553 1211 4623 Wort,
1243 4553 1344 4609 wie
1375 4556 1544 4609 debet.

555 4647 588 4697 2
625 4639 972 4711 Georgius
1009 4638 1503 4710 Morgenstern
1551 4637 1682 4692 wird
1731 4643 1892 4694 unun-
1933 4638 2043 4694 den
2088 4641 2153 4692 58
2188 4637 2485 4705 Doctoren,
2532 4636 2737 4692 welche
2772 4654 2871 4692 vor
2905 4635 3029 4694 dem
3064 4633 3239 4690 Jahre

401 4730 526 4782 ¹504
561 4725 620 4780 in
651 4723 889 4795 Leipzig
921 4722 1344 4794 promovierton,
1381 4723 1464 4778 als
1499 4727 1659 4778 zsoter
1693 4722 1806 4778 und
1845 4721 1928 4778 als
1966 4724 2305 4776 dccv-storum
2336 4723 2533 4777 doctor
2566 4719 2905 4792 aufgefiihrt.
2979 4721 3071 4776 Da
3104 4719 3222 4773 dies

383 4808 770 4866 Verzeichniss
802 4809 860 4864 in
893 4809 993 4864 der
1023 4805 1388 4878 Hauptsache
1421 4803 1672 4860 offenbar
1703 4804 2125 4881 chronologisch
2172 4805 2271 4874 ist,
2320 4823 2381 4861 so
2416 4805 2666 4860 verdient
2710 4803 2961 4860 bemerkt
2997 4820 3065 4857 zu
3102 4820 3233 4857 wer-

383 4895 508 4962 den,
558 4894 689 4949 dass
738 4892 842 4948 No.
893 4897 974 4959 25,
1025 4887 1335 4945 Stanislaus
1382 4886 1715 4958 Pechmann,
1758 4888 1834 4942 im
1876 4887 2051 4944 Jahre
2102 4893 2264 4945 1468b
2313 4888 2457 4944 noch
2503 4891 2841 4944 decretorum»
2889 4887 3237 4942 baccam-im

385 4983 637 5050 genannt
680 4975 840 5043 wird,
887 4975 992 5032 No.
1047 4979 1111 5031 30
1161 4973 1308 5041 aber,
1357 4969 1787 5042 christophorus
1835 4971 2055 5040 Bircke,
2099 4972 2171 5026 im
2213 4971 2388 5028 Jahre
2435 4976 2604 5031 1484b
2651 4971 2852 5030 bereits
2901 4974 3237 5028 decretorum

385 5066 582 5119 doctor
615 5077 742 5116 war.
815 5057 1098 5114 Zwischen
1135 5058 1282 5113 diese
1315 5055 1506 5125 Jahre,
1553 5055 1672 5110 also
1706 5054 1900 5110 wohl
1883 5073 1942 5111 m
1977 5056 2069 5112 die
2105 5063 2268 5128 'loger
2299 5056 2491 5125 Jahre,
2541 5060 2748 5113 miisste
2782 5055 3053 5112 detnnach
3092 5055 3235 5110 Mor-

384 5145 658 5220 genstern‘
661 5163 687 5198 s
703 5143 1022 5200 Promotion
1059 5141 1246 5208 fallen,
1279 5139 1393 5195 und
1427 5139 1600 5195 daher
1631 5139 1786 5195 kann
1818 5139 1908 5196 die
1941 5139 2293 5213 vorliegende
2318 5139 2867 5200 Statutenredaction
2900 5139 3005 5197 auf
3035 5138 3235 5196 keinen

385 5231 512 5288 Fan
545 5227 736 5286 friiher
768 5231 1056 5300 angesetzt
1087 5225 1320 5280 werden.

554 5317 586 5370 3
619 5311 992 5372 Geschrieben
1031 5308 1180 5365 steht
1215 5311 1284 5365 de
1319 5315 1547 5380 repenoe.
