4038 6358
1501 604 1740 659 Libellus
1773 608 2090 661 formulario.
3084 612 3114 675 1
3126 613 3151 673 1
3163 614 3202 675 5

357 811 500 855 nus
545 790 710 855 inter
764 785 910 855 loca
964 788 1234 855 sedendi
1271 791 1717 879 recipiendum
1761 813 1904 857 sese
1945 790 2247 857 decenter
2288 788 2531 857 habere
2572 812 2651 855 ac
2689 792 2877 857 iuxta
2920 793 3019 857 sui
3056 814 3205 877 gra·

363 888 524 971 dns,
565 887 898 974 dignitatis
941 898 1005 955 et
1045 892 1278 955 aetatis
1321 890 1612 957 ordinem
1653 890 1802 957 loca
1839 892 1910 955 in
1949 892 2189 956 mensis
2231 892 2531 978 accipere
2573 890 2946 977 dignentur,
2990 913 3071 955 ne
3110 892 3204 955 in-

361 988 670 1053 ordinata
717 988 1010 1057 locorum
1071 992 1414 1078 occupatio
1463 990 1942 1079 indiscretaque
1979 991 2465 1056 convivantium
2509 990 2711 1055 sessio
2754 988 2967 1055 dictae
3006 990 3205 1057 facul-

361 1088 494 1153 tati
543 1086 855 1172 dedecus,
907 1089 1070 1177 ipsis
1123 1111 1378 1177 quoque
1433 1088 1580 1156 loca
1645 1092 1742 1157 sic
1795 1091 1935 1156 sine
1989 1090 2217 1156 ordine
2268 1089 2733 1177 occupantibus
2784 1088 3089 1155 ruborem
3130 1113 3209 1156 ac

361 1186 808 1253 confusionem
867 1210 1090 1255 coram
1141 1192 1372 1255 ceteris
1425 1189 1978 1257 discumbentibus
2040 1192 2277 1278 pariat.
2376 1188 2623 1255 Datum
2681 1187 3031 1255 decanatus
3088 1189 3209 1257 sub
3226 1200 3260 1255 5

365 1286 603 1373 sigillo.

492 1458 584 1521 62.
647 1470 890 1523 FORMA
930 1472 1214 1525 eruum
1257 1474 1663 1525 uAGISTRUu
1702 1473 2088 1525 {mmmmm
2130 1472 2477 1523 ROCHLITz
2527 1471 2621 1520 AD
2662 1472 3077 1522 AUDOENDUM

1317 1574 1484 1625 LEGI
1527 1574 1864 1625 LITTERAS
1903 1572 2261 1623 PRINCIPIS.

531 1685 670 1751 Nos
725 1687 826 1752 N.
881 1698 1098 1755 rector
1146 1699 1372 1761 tenore
1425 1691 1867 1779 praesentium
1923 1688 2006 1755 de
2058 1698 2126 1754 et
2163 1711 2248 1754 ex
2290 1690 2739 1755 commissione
2780 1689 3211 1777 concordique

361 1788 690 1852 sententia
727 1796 795 1852 et
835 1787 1094 1855 decreto
1135 1792 1470 1878 praefatae
1511 1800 1774 1857 nostrae
1815 1790 2280 1871 universitatis,
2322 1790 2627 1875 proxima
2668 1788 2775 1855 die
2812 1788 3077 1855 Saturni
3120 1790 3205 1855 ad
3232 1800 3296 1856 10

367 1886 498 1952 hoc
533 1887 910 1975 specialiter
947 1900 1344 1955 convocatae
1359 1938 1378 1974 ‚
1419 1914 1572 1974 vos,
1611 1890 1992 1957 Heinricum
2030 1888 2347 1972 Rochlitz,
2392 1889 2627 1955 artium
2668 1890 3071 1979 magistrum,
3112 1890 3209 1955 vi-

367 2008 530 2070 gore
569 1986 978 2074 quarundam
1015 1987 1378 2055 litterarum
1413 1988 1683 2055 illustris
1721 1989 2039 2079 principis
2078 1997 2145 2053 et
2172 1987 2441 2071 domini,
2485 1988 2731 2055 domini
2758 1988 3051 2077 Georgii,
3096 1988 3210 2055 du-

371 2084 468 2149 cis
509 2084 842 2152 Saxoniae
879 2097 998 2153 etc.
1013 2136 1034 2169 ,
1087 2110 1172 2153 ex
1231 2095 1420 2177 parte
1474 2092 1677 2157 vestri
1719 2088 1806 2155 ad
1843 2090 2205 2175 praefatam
2244 2096 2533 2153 nostram
2572 2089 3063 2155 universitatem
3097 2112 3215 2155 nu-

368 2208 488 2271 per
555 2188 900 2253 missarum
915 2234 936 2270 ‚
1003 2186 1263 2275 publice
1323 2212 1402 2255 ac
1461 2190 1896 2278 peremptorie
1959 2189 2233 2253 citamus
2296 2197 2363 2253 et
2420 2188 2837 2275 requirimus,
2898 2197 3215 2277 quatenus

371 2279 474 2371 [26
489 2282 544 2372 b]
595 2286 772 2351 infra
821 2310 939 2353 sex
981 2287 1122 2353 dies
1135 2336 1154 2372 ‚
1198 2288 1284 2355 ab
1326 2291 1760 2357 insinuatione
1797 2289 2159 2374 praesentis
2206 2285 2672 2375 computandos
2687 2336 2706 2369 ‚
2762 2310 2983 2353 coram
3022 2287 3210 2353 nobis
3236 2296 3296 2351 15

367 2386 440 2449 in
505 2384 752 2472 oppido
811 2385 1070 2473 Lipczk
1135 2388 1206 2453 in
1265 2388 1408 2455 loco
1463 2398 1728 2455 nostrae
1781 2386 2010 2455 solitae
2052 2387 2447 2453 residentiae
2484 2386 2911 2473 personaliter
2956 2410 3212 2475 compa-

369 2485 568 2549 reatis
629 2484 716 2550 ad
769 2484 1162 2552 audiendum
1201 2487 1336 2575 legi
1375 2488 1566 2555 vobis
1609 2510 1688 2553 ac
1727 2486 2051 2573 publicari
2090 2488 2421 2573 praefatas
2465 2486 2729 2554 ducales
2776 2486 3028 2553 litteras
3044 2537 3063 2571 ‚
3125 2487 3213 2553 ad

373 2583 870 2669 significandum
929 2585 1206 2675 denique
1261 2588 1454 2653 vobis
1510 2586 1792 2676 praefati
1854 2585 2100 2651 domini
2148 2585 2331 2651 ducis
2373 2596 2651 2652 mentem
2690 2598 2755 2652 et
2793 2586 3213 2670 voluntatem,

373 2704 452 2746 ne
504 2692 850 2769 praetextu
899 2687 1308 2773 ignorantiae
1362 2689 1796 2753 continentiae
1853 2683 2204 2752 earundem
2255 2686 2619 2753 litterarum
2658 2693 2724 2751 et
2762 2689 2995 2751 mentis
3037 2696 3215 2751 ante-

373 2782 490 2847 fati
541 2781 790 2849 domini
841 2786 1160 2873 principis
1205 2802 1480 2873 poenam
1526 2786 1806 2875 aliquam
1850 2808 1970 2851 vos
2009 2788 2341 2851 incurrere
2384 2789 2737 2873 contingat.
2822 2785 2957 2852 Sub
3000 2808 3215 2874 poena
3230 2795 3298 2851 20

377 2892 724 2968 perpetuae
759 2882 1150 2950 exclusionis
1191 2908 1234 2951 a
1271 2908 1552 2973 corpore
1587 2894 1849 2953 nostrae
1887 2886 2333 2951 universitatis
2346 2934 2365 2969 ,
2420 2907 2615 2973 quam
2657 2886 2877 2969 vobis,
2926 2887 2984 2952 si
3025 2908 3217 2973 prae-

377 2980 662 3046 sentibus
715 3004 844 3048 non
895 2986 1246 3071 parueritis
1300 3009 1448 3051 cum
1501 2986 1766 3069 effectu,
1818 2984 1902 3050 de
1955 2982 2265 3051 mandato
2318 2984 2474 3051 dicti
2528 2985 2771 3053 domini
2822 2985 3007 3051 ducis
3048 2984 3214 3051 infli-

373 3102 527 3165 gere
581 3102 904 3167 cogemur.
981 3083 1226 3149 Datum
1281 3096 1640 3153 rectoratus
1689 3085 1898 3158 nostri
1937 3082 2059 3150 sub
2104 3083 2317 3171 sigillo
2361 3107 2531 3153 anno
2571 3085 2815 3152 domiui
2862 3091 3051 3168 1491,
3108 3084 3216 3151 die

376 3201 528 3246 vero
571 3178 781 3266 Iovis,
821 3182 1168 3248 undecima
1205 3188 1446 3252 mensis
1484 3187 1651 3252 Iulii.

622 3353 718 3418 63.
783 3367 1174 3417 mDA'ruu
1214 3368 1816 3419 NOTmchTomtm
1857 3369 2365 3420 RELEGATIONIS
2404 3367 2724 3420 Amemus
2768 3367 3125 3416 SUPPOSITI
3233 3358 3301 3414 25

1509 3469 1645 3518 VEL
1692 3468 2245 3522 SUPPOSITORUM.

539 3581 716 3662 Quia
755 3581 856 3646 Ν.
899 3593 964 3650 et
989 3583 1106 3667 .N.,
1151 3583 1366 3651 dictae
1393 3595 1652 3652 nostrae
1677 3586 2119 3651 universitatis
2152 3587 2511 3674 supposita,
2556 3585 2643 3650 ad
2678 3583 3205 3650 satisfaciendum

377 3679 563 3747 nohis
605 3704 686 3748 ac
717 3683 1129 3750 universitati
1169 3695 1432 3752 nostrae
1470 3707 1591 3772 pro
1633 3685 2077 3752 inobedientia
2118 3695 2181 3752 et
2222 3684 2599 3752 excessibus
2632 3707 2749 3772 per
2777 3706 2889 3750 eos
2922 3686 3213 3750 commis-

383 3782 468 3846 sis
509 3781 904 3847 sufficienter
949 3787 1459 3850 commonuimus
1501 3807 1648 3850 cum
1691 3785 1992 3852 dilucidis
2036 3795 2395 3872 temporum
2438 3783 2799 3850 intervallis
2812 3835 2831 3868 ,
2886 3787 3017 3872 ipsi
3052 3783 3217 3850 nihi-

381 3879 652 3946 lominus
695 3881 1066 3947 satisfacere
1111 3885 1210 3968 (ut
1243 3882 1654 3972 tenebantur)
1698 3885 2006 3950 hactenus
2046 3884 2473 3971 neglexerunt
2513 3894 2578 3950 et
2620 3887 3084 3951 contumaciter
3114 3907 3210 3949 re·
3232 3893 3302 3949 30

383 3990 798 4064 meaverunt,
855 3980 1134 4069 ideoque
1185 3983 1444 4050 eosdem
1496 3985 1595 4049 .N.
1652 3994 1716 4049 et
1768 3984 1862 4049 .N.
1901 4007 1980 4050 ac
2031 4007 2254 4050 eorum
2294 3983 2645 4071 quemlibet
2687 3984 2767 4051 de
2810 3996 2875 4052 et
2918 4007 3004 4052 ex
3047 4006 3217 4050 com—

383 4081 684 4145 missione
717 4097 798 4146 ac
832 4079 1092 4148 decreto
1151 4085 1348 4148 totius
1389 4093 1654 4149 nostrae
1699 4084 2141 4149 universitatis
2181 4083 2269 4150 ad
2315 4093 2447 4150 tres
2491 4107 2695 4152 annos
2721 4082 2826 4172 [27
2842 4083 2895 4174 ⁸]
2920 4087 3218 4173 proxime

383 4181 624 4245 futuros
669 4203 710 4244 a
749 4183 997 4267 gremio
1042 4181 1328 4247 eiusdem
1373 4193 1634 4248 nostrae
1665 4184 2106 4249 universitatis
2132 4182 2519 4270 relegandos
2546 4185 3004 4251 denunciamus
3032 4208 3216 4273 prae-

387 4279 795 4364 sentibusque
856 4279 1116 4367 publice
1180 4303 1220 4346 a
1263 4281 1440 4347 dicta
1479 4293 1704 4348 nostra
1741 4283 2163 4349 universitate
2204 4282 2601 4370 relegamus,
2658 4283 3043 4349 mandantes
3096 4286 3215 4350 eis-

385 4379 525 4446 dem
569 4386 637 4443 et
678 4399 898 4444 eorum
939 4379 1221 4465 cuilibet,
1265 4394 1335 4446 ut
1376 4383 1547 4448 infra
1585 4393 1720 4448 tres
1761 4383 1900 4448 dies
1942 4386 2241 4471 proxime
2284 4395 2624 4474 sequentes
2666 4392 2731 4447 et
2763 4406 2803 4447 a
2833 4383 3003 4448 datis
3028 4407 3215 4472 prae·
3234 4393 3301 4450 3⁵

389 4479 676 4546 sentibus
727 4479 1196 4566 computandos
1255 4504 1398 4548 sese
1451 4481 1538 4547 ab
1590 4483 1832 4570 oppido
1885 4487 2215 4572 praesenti
2270 4493 2616 4551 amoveant
2656 4492 2723 4548 et
2762 4482 3032 4548 indilate
3072 4506 3218 4571 pro—

383 4589 532 4644 tunc
573 4577 900 4644 recedant.
987 4577 1124 4646 Sub
1167 4603 1380 4667 poena
1419 4581 1831 4648 exclusionis.
1911 4581 2299 4650 Mandu-mus
2339 4583 2606 4671 insuper
2650 4581 2949 4652 omnibus
2992 4591 3055 4648 et
3092 4585 3219 4648 sin-

388 4677 548 4764 gulis
605 4678 980 4764 saepefatae
1029 4695 1292 4749 nostrae
1349 4682 1790 4748 universitatis
1845 4685 2233 4771 suppositis,
2286 4707 2369 4750 ne
2424 4707 2571 4750 cum
2624 4682 2815 4748 dictis
2871 4681 2967 4748 .N.
3017 4691 3083 4747 et
3122 4682 3221 4747 .N.

393 4777 692 4864 relegatis
747 4779 816 4842 in
873 4777 1126 4844 actibus
1185 4779 1590 4848 scholasticis
1647 4791 1782 4848 tam
1835 4781 2115 4869 publicis
2166 4805 2359 4871 quam
2412 4784 2689 4872 privatis
2742 4781 3225 4870 quomodolibet

396 4878 764 4945 conversari
808 4889 1243 4964 praesumant.
1327 4877 1462 4946 Sub
1505 4903 1717 4976 poena
1753 4883 1944 4948 unius
1987 4906 2357 4972 sexagenae
2396 4905 2625 4966 novae,
2662 4883 3075 4950 universitati
3103 4893 3223 4950 etc.
3236 4893 3307 4950 40

895 5050 996 5114 64.
1057 5063 1444 5112 mnarum
1488 5065 1582 5114 ns
1628 5063 1921 5114 sunm
1963 5063 2055 5113 ΕΤ
2094 5065 2507 5116 nonnsm'rn
2548 5067 2866 5116 mnus.

545 5177 652 5242 De
695 5187 761 5242 et
817 5201 900 5244 ex
947 5179 1216 5265 speciali
1256 5181 1706 5246 commissione
1751 5179 2016 5246 illustris
2060 5183 2375 5269 principis
2416 5191 2479 5248 et
2520 5181 2779 5260 domini,
2822 5183 3065 5250 domini
3098 5185 3223 5252 Ge-

409 5276 566 5364 orgii
609 5285 762 5359 etc.,
803 5277 993 5343 huius
1047 5277 1260 5344 almae
1311 5279 1752 5346 universitatis
1793 5279 1992 5346 studii
2034 5280 2413 5368 Lipczensis
2448 5281 2807 5349 fundatoris
2848 5305 2929 5350 ac
2972 5309 3223 5352 conser-

2800 5391 2839 5454 8
2858 5391 2881 5417 ἡ
