4038 6358
1140 658 1321 710 Vierte
1356 657 1883 721 Statntenredaction,
1917 671 2026 708 von
2058 657 2406 710 1499—1522.
3078 648 3199 714 457

1088 873 1210 939 IX.
1254 870 1376 962 [Bl.
1417 871 1555 964 14¹²]
1602 892 2087 942 (mmm-unum
2128 891 2436 940 nonum.

497 1031 564 1092 12
631 1042 869 1093 nonus
910 1042 1334 1092 msrurmm
1375 1042 1779 1106 Exnncmu,
1837 1046 2037 1111 quae
2090 1023 2256 1111 legi
2313 1022 2604 1089 debent
2654 1031 3012 1110 tempore

846 1123 1458 1192 distributionis
1504 1123 1932 1191 eorundem
1973 1125 2191 1190 inter
2236 1124 2697 1210 magistros.

487 1255 771 1341 Placet,
814 1256 988 1343 quod
1026 1259 1338 1343 magister
1377 1260 1697 1346 recipiens
1741 1257 2133 1322 exercicium
2177 1258 2511 1344 promittat
2553 1256 2798 1321 decano
2860 1254 2981 1319 sub
3018 1255 3194 1320 bona

285 1353 436 1420 fide
465 1405 488 1438 ,
539 1354 729 1442 quod
770 1355 928 1422 velit
970 1356 1306 1443 disputare
1350 1380 1498 1423 cum
1540 1357 1923 1443 diligencia,
1965 1368 2029 1421 et
2075 1358 2212 1421 sine
2256 1355 2401 1421 dolo
2446 1365 2510 1420 et
2548 1354 2779 1420 fraude
2823 1355 3196 1420 continuare
3246 1364 3279 1419 5

295 1475 539 1541 usque
594 1454 683 1520 ad
725 1454 949 1539 finem,
992 1454 1233 1521 nullam
1278 1456 1720 1542 quaestionem
1764 1456 2091 1543 disputari
2135 1465 2507 1521 consuetam
2558 1453 2956 1520 dimittendo.
3037 1453 3194 1519 Pro-

294 1555 554 1620 mittat
619 1554 862 1637 eciam,
921 1577 992 1622 se
1047 1557 1219 1620 omni
1276 1556 1383 1621 die
1445 1554 1825 1644 disputabili
1878 1554 2047 1620 velle
2105 1555 2440 1643 disputare
2498 1565 2562 1620 et
2618 1577 2750 1620 non
2805 1553 2992 1618 finire
3045 1564 3194 1620 ante

292 1661 597 1740 tempus
653 1675 774 1741 per
828 1654 1157 1719 facultatis
1217 1664 1460 1721 statuta
1501 1656 1884 1743 praefixum.
1982 1655 2164 1720 Idem
2199 1647 2599 1742 'promittere
2659 1652 2854 1718 debet
2913 1652 3194 1718 decanus

299 1754 582 1818 seniori
614 1751 945 1818 facultatis
980 1775 1105 1841 quo
1152 1753 1238 1819 ad
1274 1757 1668 1821 exercicium
1710 1756 1949 1820 veteris
1994 1757 2153 1820 artis
2199 1766 2262 1819 et
2308 1777 2432 1841 quo
2479 1753 2564 1818 ad
2607 1776 2788 1817 suam
2831 1752 3193 1832 lectionem,

297 1853 362 1915 si
425 1874 648 1940 quam
707 1851 906 1917 habet
958 1875 1077 1941 pro
1134 1853 1367 1940 gradu.
1451 1854 1541 1919 Et
1600 1856 1923 1920 exercicia
1986 1857 2302 1935 serotina,
2351 1863 2509 1941 puta
2556 1852 2953 1939 phisicorum
2970 1901 2989 1935 ,
3040 1852 3283 1917 ethi-10

304 1974 565 2017 corum
611 1960 675 2017 et
725 1952 1240 2040 methaphisicae
1257 2003 1277 2036 ,
1332 1956 1782 2020 continuentur
1839 1954 1924 2019 ad
1982 1957 2171 2042 quasi
2227 1954 2497 2020 alteram
2555 1950 2891 2017 dimidiam
2946 1952 3197 2035 horam,

307 2049 448 2116 hoc
502 2059 616 2116 est
655 2073 861 2139 usque
906 2051 993 2116 ad
1033 2052 1318 2118 medium
1361 2065 1631 2143 quartae
1675 2063 1740 2119 et
1782 2055 2045 2143 quintae
2080 2055 2403 2121 horarum.
3102 2067 3109 2080 ‘

730 2222 787 2283 2.
840 2235 1211 2286 EXERCICIA
1250 2239 1324 2285 IN
1367 2237 1912 2287 CANICULARIBUS
1951 2239 1999 2286 N
2003 2238 2098 2287 ΟΝ
2142 2237 2422 2286 DEBENT
2468 2237 2824 2285 SUSPENDI.

505 2349 690 2432 Quia
717 2351 927 2417 maior
958 2352 1204 2417 fructus
1242 2353 1572 2440 hucusque
1600 2356 1669 2419 in
1701 2355 2043 2420 exerciciis
2088 2377 2280 2443 quam
2321 2352 2706 2419 lectionibus
2748 2352 3194 2441 (experiencia

309 2453 531 2530 teste)
593 2448 770 2536 apud
825 2450 1108 2517 scolares
1164 2452 1640 2540 promovendos
1696 2464 2061 2542 compertus
2123 2464 2249 2536 est,
2302 2452 2450 2518 ideo
2494 2452 2773 2538 placuit,
2817 2452 2991 2536 quod
3045 2454 3193 2546 ipsa
3218 2463 3277 2517 15

320 2551 680 2615 exercicia
732 2550 871 2614 sine
924 2549 1144 2638 aliqua
1212 2553 1634 2639 suspensione
1693 2577 1808 2641 per
1867 2554 2005 2619 dies
2062 2553 2466 2619 caniculares
2528 2551 3011 2634 continuentur,
3073 2551 3194 2617 sub

319 2672 560 2737 poena
599 2650 667 2714 in
709 2647 1179 2715 reformacione
1223 2671 1556 2740 expressa,
1605 2677 1771 2741 quae
1812 2665 1910 2720 est
1956 2654 2257 2719 carencia
2300 2651 2815 2739 acturegenciae.

966 2822 1023 2884 3.
1064 2835 1418 2895 QuAm'rEa
1460 2836 1835 2885 ΕΧΕΒοιΤιΑ
1877 2837 2160 2885 Dsnm‘r
2204 2837 2576 2885 msrmsm.

510 2946 688 3028 Quia
717 2951 1065 3015 transactis
1102 2951 1504 3039 temporibus
1532 2974 1998 3039 saepenumero
2033 2953 2099 3016 in
2143 2952 2361 3039 aliqua
2404 2952 2768 3016 mutacione
2810 2971 2942 3014 nou
2985 2949 3203 3014 omnia

326 3048 675 3114 exercicia
720 3071 838 3136 pro
882 3049 1093 3136 gradu
1136 3058 1200 3114 et
1238 3052 1592 3138 praecipue
1642 3054 1999 3137 magisterii
2045 3053 2307 3117 fuerunt
2347 3051 2715 3137 disputata,
2760 3049 2842 3114 ob
2886 3046 2956 3114 id
2997 3047 3283 3112 facul-20

331 3159 463 3232 tas,
511 3145 738 3213 volens
784 3169 980 3237 super
1019 3149 1142 3215 hoc
1184 3149 1533 3219 salubriter
1575 3151 1943 3239 providere,
1989 3151 2316 3216 ordinavit
2361 3159 2423 3215 et
2464 3149 2658 3215 hodie
2702 3147 2985 3230 ordinat,
3029 3147 3200 3235 quod

327 3246 669 3312 exercicia
737 3256 870 3311 tam
931 3270 1053 3336 pro
1126 3249 1573 3317 baccalariatu
1629 3274 1824 3338 quam
1883 3252 2294 3337 magisterio¹
2352 3249 2658 3336 deinceps
2720 3248 3195 3314 distribuantur

336 3346 705 3412 secundum
749 3357 987 3412 sortem
1041 3351 1209 3414 inter
1256 3353 1602 3436 magistros
1647 3350 1936 3415 volentes
1996 3349 2222 3415 sedere
2274 3350 2341 3412 in
2398 3359 2603 3432 sorte;
2666 3357 2729 3413 et
2787 3350 3197 3431 exercicium,

334 3448 395 3510 si
439 3445 624 3536 quod
666 3464 748 3509 ex
794 3458 968 3512 sorte
1008 3447 1432 3532 obtinuerint,
1477 3473 1596 3537 per
1641 3472 1710 3514 se
1761 3449 2099 3535 disputare
2152 3461 2217 3512 et
2272 3470 2576 3513 exercere
2630 3447 3050 3530 tenebuntur,
3104 3448 3199 3512 ita

333 3556 564 3617 tamen
612 3544 786 3633 quod
828 3544 1098 3633 quilibet
1136 3550 1599 3636 magistrorum
1641 3549 1709 3613 in
1760 3558 1934 3613 sorte
1980 3548 2214 3613 sedens
2256 3546 2497 3612 habeat
2539 3547 2895 3633 optionem,
2942 3548 2997 3611 si
3050 3555 3275 3612 sors25

334 3668 490 3711 eum
536 3645 841 3731 tetigerit,
883 3646 1243 3734 recipiendi
1284 3648 1354 3712 in
1399 3647 1624 3713 ordine
1669 3669 1783 3713 suo
1831 3647 2256 3735 quodcunque
2294 3646 2686 3712 exercicium
2729 3645 3023 3711 voluerit.
3107 3646 3196 3711 Et

337 3746 532 3811 iuxta
588 3743 1031 3831 pluralitatem
1082 3747 1541 3832 magistrorum
1599 3747 1806 3813 tribus
1848 3746 1976 3812 vel‘
2006 3758 2280 3835 quatuor
2338 3747 2670 3831 magistris
2714 3768 2834 3832 pro
2881 3755 3053 3811 sorte
3097 3769 3192 3811 se·

339 3843 649 3910 dentibus
684 3843 1073 3909 concedatur
1106 3845 1383 3911 facultas
1415 3847 1793 3933 disputandi
1826 3869 2022 3912 unum
2055 3857 2120 3912 et
2153 3845 2325 3911 idem
2362 3845 2753 3910 exercicium
2793 3866 2914 3932 pro
2958 3844 3191 3913 bacca-

337 3942 616 4026 lariatu,
661 3940 912 4008 duobus
956 3966 1114 4009 vero
1157 3947 1490 4032 magistris
1535 3945 1722 4011 detur
1778 3956 2067 4034 potestas
2122 3943 2500 4032 disputandi
2552 3967 2751 4009 unum
2804 3946 3195 4010 exercicium
3248 3970 3263 3985 ·

339 4065 462 4130 pro
508 4042 902 4128 magisterio.
991 4043 1064 4108 Si
1106 4054 1318 4110 autem
1363 4045 1597 4133 aliquis
1638 4047 2099 4132 magistrorum
2142 4066 2452 4115 exercens
2494 4043 2600 4108 vel
2642 4043 2983 4131 disputans
3026 4044 3189 4110 adeo
3209 4052 3278 4109 30

341 4164 594 4230 paucos
650 4141 719 4206 in
776 4164 891 4207 suo
944 4146 1266 4209 exercicio
1324 4144 1625 4228 haberet,
1683 4145 1857 4233 quod
1909 4147 2100 4234 quasi
2159 4146 2296 4209 sine
2368 4142 2775 4212 emolimento
2850 4142 3198 4227 laboraret,

342 4252 499 4308 tunc
538 4241 825 4306 decanus
869 4263 1016 4307 cum
1060 4244 1422 4310 senioribus
1468 4243 1825 4331 indulgeat,
1872 4245 2046 4330 quod
2091 4244 2280 4309 alteri
2322 4242 2499 4307 idem
2542 4244 2934 4309 exercicium
2980 4243 3199 4331 dispu-

340 4341 529 4407 tandi
598 4341 903 4426 resignet.
1008 4340 1228 4408 Debet
1292 4347 1496 4410 eciam
1564 4345 1910 4432 disputans
1980 4366 2093 4409 seu
2157 4365 2466 4408 exercens
2541 4341 2628 4408 ad
2700 4345 3200 4430 requisicionem

343 4440 580 4507 decani
634 4439 863 4505 horam
914 4449 978 4506 et
1034 4440 1282 4527 locum,
1339 4446 1407 4509 in
1465 4467 1592 4532 quo
1654 4445 1977 4532 disputat,
2021 4443 2230 4509 eidem
2291 4442 2536 4506 decano
2590 4443 2922 4524 intimare,
2979 4451 3052 4507 ut
3104 4445 3199 4507 sic

346 4543 540 4619 sciat,
584 4541 697 4626 qui
742 4549 807 4605 et
844 4542 953 4628 qui
1006 4563 1138 4607 non
1191 4546 1487 4630 magistri
1545 4567 1663 4610 sua
1716 4555 1981 4631 recepta
2037 4543 2372 4630 disputant
2425 4542 2766 4606 exercicia.
2851 4541 2982 4605 Hic
3040 4563 3194 4606 vero
3215 4551 3281 4606 35

344 4641 573 4708 modus
610 4638 1040 4705 distribuendi
1077 4645 1401 4708 exercicia
1439 4653 1573 4721 tam
1609 4645 1719 4709 diu
1755 4644 2153 4727 observetur,
2206 4643 2411 4707 donec
2447 4638 2685 4728 facul[l
2702 4638 2794 4728 5⁸]
2809 4650 2910 4706 tas
2952 4643 3200 4709 arcium

348 4739 426 4806 de
464 4739 661 4806 modo
703 4739 1048 4826 provideat
1098 4744 1360 4830 aptiori.

1043 4911 1101 4975 4.
1159 4926 1280 4975 um
1319 4926 1692 4975 Exnnclcu
1735 4928 2109 4977 mss-unm
2156 4927 2502 4975 DEBEANT.

507 5038 736 5104 Pl’acet
778 5040 859 5105 de
903 5042 1357 5108 exercentibus
1417 5052 1531 5109 aut
1581 5042 2094 5130 disputantibus,
2137 5054 2209 5108 ut
2262 5013 2460 5108 omni⁴
2493 5040 2598 5105 die
2653 5039 3033 5129 disputabili
3077 5061 3196 5104 sua

350 5141 672 5207 exercicia
702 5142 1074 5207 continuent
1105 5144 1174 5207 in
1207 5141 1350 5210 loco
1388 5142 1670 5232 publico,
1708 5152 1780 5208 ut
1818 5146 1886 5209 in
1928 5143 2146 5232 aliquo
2188 5141 2598 5208 lectoriorum
2637 5140 2744 5206 vel
2788 5141 2979 5211 stuba
3021 5158 3189 5205 com-
3210 5148 3279 5204 40

515 5347 539 5400 1
577 5342 950 5405 Geeehfieben
982 5343 1057 5398 ist
1086 5344 1406 5415 mayiotorn'z'.
