4038 6358
868 626 990 689 300
1964 623 2076 673 Das
2113 622 2362 673 Pauliner
2397 623 2604 687 colleg.

2103 846 2252 895 Lex
2290 844 2473 894 XXV.

1027 958 1131 1023 Ex
1196 959 1559 1025 senioribus
1601 983 1965 1027 mensarum
2019 971 2297 1050 quatuor
2350 958 2734 1046 deligantur,
2792 960 2904 1048 qui
2961 980 3121 1046 prae
3184 958 3484 1025 omnibus
3537 960 3709 1024 vitia

864 1079 1229 1124 mensarum
1273 1058 1617 1125 observent
1658 1070 1720 1125 et
1761 1060 2106 1128 observata
2148 1059 2434 1148 praesidi
2476 1058 2774 1124 referant.
2833 1058 2998 1124 Sunt
3039 1068 3255 1126 autem
3299 1058 3461 1124 haec
3493 1057 3709 1147 dupli-

864 1157 984 1223 cia.
1065 1159 1234 1224 Nam
1277 1169 1342 1224 et
1382 1161 1450 1225 in
1491 1159 1655 1242 cibe,
1699 1162 1811 1249 qui
1855 1160 2224 1248 praebetur,
2277 1170 2343 1225 et
2394 1183 2436 1224 a
2487 1157 2745 1224 famulis
2799 1167 2880 1242 et,
2924 1158 3159 1245 quibus
3204 1158 3574 1246 praebetur,
3619 1157 3707 1223 ab

779 1266 813 1321 5
862 1258 944 1322 iis
999 1259 1414 1345 improbitate
1463 1269 1528 1324 et
1576 1259 1932 1346 petulantia
1975 1259 2262 1349 delinqui
2308 1267 2539 1347 potest.
2623 1259 2927 1324 Seniores
2984 1260 3184 1345 igitur
3229 1259 3430 1324 ceteri
3469 1268 3530 1324 et
3567 1268 3710 1325 tota

860 1358 1178 1442 iuventus,
1224 1358 1528 1445 quicquid
1569 1358 1650 1425 de
1691 1383 1819 1447 quo
1859 1361 2004 1449 quis
2046 1361 2228 1447 queri
2267 1359 2534 1426 honeste
2575 1360 2810 1447 possit,
2865 1356 2967 1423 his
3010 1357 3265 1426 deferat
3301 1381 3507 1447 neque
3543 1359 3709 1425 foris

862 1457 1183 1525 traducat.

2072 1581 2116 1630 L
2135 1595 2163 1630 e
2178 1597 2217 1630 x
2253 1581 2300 1630 X
2315 1580 2365 1630 X
2381 1580 2428 1629 V
2441 1581 2483 1631 1.

1028 1693 1204 1759 Inter
1249 1693 1642 1759 vescendum
1695 1695 1976 1760 ministri
2021 1717 2386 1760 mensarum
2441 1693 2527 1759 ad
2578 1692 2740 1760 alios
2798 1691 2977 1759 cibos
3025 1692 3326 1758 ferendos
3368 1715 3451 1759 ne
3488 1715 3702 1759 assur·

770 1801 849 1857 *10
865 1803 1041 1879 gant,
1097 1794 1476 1880 priusquam
1532 1816 1617 1859 ex
1675 1794 1948 1861 adverso
2004 1792 2217 1861 ostioli
2275 1795 2491 1860 senior
2529 1793 2616 1859 ad
2669 1793 2792 1860 hoc
2849 1792 3205 1858 destinatus
3255 1792 3324 1858 id
3383 1793 3695 1881 significa·

863 1895 1046 1958 verit.
1103 1893 1305 1960 Nemo
1348 1917 1602 1982 quoque
1646 1893 1727 1959 de
1771 1918 1994 1960 mensa
2036 1896 2381 1986 quicquam
2424 1896 2671 1980 rapiat3
2718 1895 3068 1975 auferatur,
3113 1916 3256 1958 cum
3301 1905 3535 1980 surget.

2054 2083 2097 2132 t,
2119 2099 2198 2132 ex
2236 2082 2504 2133 xxvn.

1024 2195 1196 2262 Ante
1252 2197 1609 2283 gratiarum
1673 2197 1988 2262 actionem
2044 2197 2112 2261 in
2169 2196 2427 2286 patinas
2484 2195 2735 2283 ligneas
2791 2194 3067 2262 orbiculi
3121 2196 3337 2261 iniecti
3397 2206 3461 2261 et
3513 2199 3688 2284 panis

861 2296 1202 2383 impositus
1256 2319 1388 2361 una
1444 2319 1586 2361 cum
1643 2296 1857 2362 linteis
1912 2318 1953 2361 a
2002 2319 2368 2361 mensarum
2425 2297 2737 2361 ministris
2796 2289 3205 2383 reportentur
3264 2295 3352 2361 ad
3410 2296 3686 2361 ostiolum

785 2403 845 2460 15
865 2395 993 2461 cibi
1035 2391 1412 2482 praebendi.
1496 2395 1767 2485 Hocque
1807 2395 1994 2462 modo
2040 2407 2104 2462 et
2144 2397 2356 2461 minus
2398 2394 2793 2482 pinguedine
2849 2394 3251 2461 maculantur
3305 2395 3592 2461 mantilia
3626 2407 3688 2461 et

862 2495 1121 2561 famulis
1166 2494 1353 2562 labor
1399 2496 1791 2563 diminuitur.
1876 2495 2172 2562 Orbiculi
2226 2505 2289 2560 et
2343 2495 2473 2585 ipsi
2513 2518 2596 2560 ne
2652 2517 2798 2560 cum
2839 2493 3102 2562 -ludicro
3149 2497 3424 2583 strepitu
3469 2496 3678 2561 tumul·

861 2603 1034 2677 tuve,
1073 2617 1282 2683 neque
1325 2596 1701 2683 priusquam
1743 2598 2196 2683 magistrorum
2240 2605 2353 2661 aut
2395 2596 2717 2662 seniorum
2761 2594 2998 2682 aliquis
3043 2594 3131 2660 ad
3171 2595 3295 2661 hoc
3338 2595 3674 2662 destinatus

863 2694 1122 2781 signum
1145 2694 1276 2778 dat,
1318 2696 1691 2762 iniiciantur
1732 2695 1986 2782 ligneae
2028 2696 2310 2783 patinae,
2353 2696 2568 2760 cautio
2594 2694 2696 2760 sit.
2753 2693 3061 2761 Habeant
3105 2694 3355 2782 primas
3396 2698 3681 2778 seniores,

861 2793 1400 2880 quemadmodum
1441 2817 1641 2882 supra
1681 2794 1923 2860 dictum
1962 2804 2081 2860 est.

778 2966 848 3025 20
2030 2965 2178 3014 Lex
2212 2962 2516 3014 xxvm.

1031 3077 1236 3144 Nemo
1279 3077 1381 3143 vel
1422 3077 1810 3144 clamoribus
1850 3076 1954 3144 vel
1994 3061 2460 3144 tumultuando
2493 3100 2873 3166 quocunque
2921 3078 3115 3144 modo
3155 3077 3262 3144 vel
3318 3078 3492 3144 sonis
3543 3075 3679 3143 alie·

862 3179 964 3245 nis
1025 3176 1573 3267 qualibuscunque
1635 3176 2200 3246 contubernalibus
2262 3176 2409 3243 aliis
2467 3175 2806 3266 obstrepat
2867 3189 2930 3245 et
2990 3181 3277 3245 externis
3351 3177 3678 3245 accusandi

850 3278 1157 3345 ordinem
1215 3287 1502 3344 nostrum
1554 3281 1959 3345 occasionem
2012 3277 2342 3365 praebeat.
2428 3276 2560 3358 Qui
2616 3279 2831 3344 facere
2888 3279 3052 3345 haec
3104 3278 3429 3345 indicatus
3481 3280 3671 3366 cogni·

862 3388 1093 3466 tusque
1131 3378 1325 3443 fuerit
1366 3401 1573 3464 neque
1613 3379 1847 3461 facere,
1897 3380 2178 3444 monitus
2221 3399 2299 3443 ac
2343 3377 2719 3463 castigatus,
2776 3376 3112 3460 destiterit,
3167 3379 3245 3461 is,
3287 3379 3535 3466 quoties
3574 3379 3675 3442 ite-

781 3488 1007 3545 25rum
1065 3476 1435 3566 deliquerit,
1496 3480 1684 3544 toties
1742 3501 2042 3565 grossum
2097 3501 2292 3544 unum
2349 3476 2630 3542 mulctae
2679 3478 2938 3544 nomine
2994 3478 3367 3565 persolvito.
3447 3478 3678 3543 Eadem

863 3577 1103 3643 mulcta
1140 3587 1204 3642 et
1242 3578 1313 3642 in
1364 3598 1472 3642 eos
1518 3585 1760 3642 statuta
1800 3587 1958 3660 esto,
2011 3578 2122 3662 qui
2174 3576 2452 3662 turpiter
2511 3587 2625 3644 aut
2679 3576 3070 3645 tumultuose
3126 3589 3240 3644 aut
3295 3577 3524 3644 frivole
3563 3576 3677 3643 dis-

865 3676 1180 3742 cursitare
1220 3698 1349 3742 non
1389 3677 1580 3742 veriti
1623 3674 1881 3743 fuerint.
3299 3672 3310 3683 '

2074 3830 2213 3879 Lex
2249 3828 2471 3879 XXIX.

1026 3939 1280 4008 Placuit
1316 3950 1381 4008 et
1418 3941 1542 4009 hoc
1579 3941 1944 4028 prohibere,
1996 3966 2081 4009 ne
2132 3944 2274 4032 quis
2315 3941 2528 4008 incola
2570 3941 2823 4030 collegii
2868 3964 3061 4009 canes
3104 3941 3334 4011 alendo
3377 3943 3518 4011 aliis
3559 3965 3674 4009 mo·

782 4039 1123 4107 301estiam
1151 4041 1454 4108 exhibeat
1496 4051 1611 4107 aut
1651 4042 1906 4129 collegii
1948 4041 2144 4109 rebus
2183 4042 2488 4108 damnum
2532 4040 2659 4123 det,
2700 4064 2828 4107 neu
2867 4043 3011 4130 quis
3051 4042 3232 4130 ligna
3272 4068 3472 4133 supra
3509 4043 3674 4110 tabu·

863 4140 1015 4206 latis
1068 4150 1182 4206 aut
1233 4141 1544 4207 limitibus
1598 4142 1770 4206 intra
1821 4152 2090 4207 extrave
2142 4139 2611 4207 habitationem
2668 4163 2852 4205 suam
2910 4140 3181 4207 scindat.
3270 4143 3402 4225 Qui
3451 4144 3676 4223 fecerit,

862 4241 1110 4327 grossis
1154 4240 1405 4306 duobus
1447 4240 1806 4308 mulctator.

2087 4394 2230 4444 Lex
2271 4394 2456 4444 XXX.

1028 4508 1160 4576 Suo
1199 4508 1469 4575 arbitrio
1508 4507 1613 4573 vel
1654 4508 2121 4573 extructionem
2162 4505 2580 4573 habitationis
2625 4530 2782 4573 suae
2824 4507 3184 4587 convellere
3209 4507 3314 4574 vel
3353 4507 3485 4575 alia
3525 4518 3678 4573 stru·

781 4619 847 4675 35
867 4620 1051 4677 ctura
1092 4618 1344 4674 mutare
1384 4607 1491 4673 vel
1544 4609 1738 4673 etiam
1791 4628 1961 4672 nova
2023 4628 2262 4693 augere
2317 4608 2557 4671 nemini
2609 4606 2803 4673 licere
2853 4607 3163 4673 volumus.
3243 4606 3491 4688 Quodsi
3550 4608 3683 4696 quis

862 4708 986 4775 hoc
1024 4709 1269 4773 faciens
1307 4705 1606 4773 aedificia
1646 4704 1925 4788 laeserit,
1964 4705 2188 4772 datum
2231 4704 2540 4773 damnum
2578 4705 2944 4794 rependit03
2990 4707 3047 4771 si
3083 4728 3216 4772 non
3253 4704 3535 4790 laeserit,
3575 4708 3682 4772 im·

866 4828 1071 4895 pensa
1114 4808 1184 4873 in
1226 4816 1615 4873 structuram
1658 4804 1936 4893 pecunia
1979 4814 2216 4871 careto.

2082 4975 2222 5025 Lex
2261 4973 2486 5025 xxxl.

1026 5088 1224 5155 Pueri
1262 5091 1331 5155 in
1370 5089 1493 5156 hoc
1533 5088 1821 5175 collegio,
1865 5094 1999 5154 tam
2042 5087 2427 5155 famulantes
2473 5110 2670 5177 quam
2713 5088 2928 5171 ceteri,
2976 5086 3059 5153 ab
3096 5088 3197 5172 iis,
3253 5087 3488 5177 quibus
3529 5110 3682 5154 com·

783 5198 851 5256 40
869 5185 1154 5253 mendati
1213 5191 1342 5254 sint
1398 5198 1510 5254 aut
1569 5190 1882 5270 serviant,
1942 5197 2255 5274 cogantur
2314 5187 2580 5253 honeste
2637 5196 2712 5253 et·
2758 5185 3013 5276 placide
3083 5196 3148 5253 et
3199 5189 3416 5276 quiete
3469 5187 3689 5274 ubique

866 5287 1158 5354 locorum
1198 5289 1465 5354 versari.
1548 5287 1882 5376 Imprimis
1922 5308 2054 5352 non
2096 5286 2289 5353 liceat
2329 5287 2422 5352 eis
2463 5288 2533 5352 in
2575 5309 2733 5353 area
2772 5286 3002 5354 aliisve
3041 5285 3191 5353 ullis
3233 5285 3530 5375 partibus
3565 5285 3687 5352 col-
