4038 6358
1163 590 1334 641 Dritte
1365 586 1906 653 Statutenredaction,
1940 602 2049 639 von
2091 586 2333 640 1471b—
2352 586 2495 640 1490.
3126 587 3251 652 429
3303 667 3318 674 -

313 777 491 834 tota
545 770 694 836 vel
743 773 952 837 maior
999 793 1151 858 pars
1198 771 1486 838 eiusdem
1530 770 1723 836 certis
1762 769 2270 836 racionabilibus
2305 791 2389 834 ex
2427 772 2640 835 causis
2668 773 2794 836 hoc
2812 770 2987 835 idem
3012 770 3251 834 facien·-

321 867 518 934 dum
589 871 734 936 vel
775 870 1058 936 fiendum
1117 869 1479 937 decreverit
1495 919 1512 953 ,
1559 869 1682 936 sub
1726 893 1940 958 poena
1996 880 2351 957 perpetuae
2408 869 2799 935 exclusionis
2852 893 2894 935 a
2943 869 3252 934 facultate

326 969 652 1034 arcium
713 993 794 1036 ac
835 970 1278 1058 suspensionis
1319 969 1404 1034 ab
1448 969 1702 1035 actibus
1746 968 2233 1056 magistralibus
2276 990 2398 1033 nec
2435 990 2564 1033 non
2598 971 2935 1035 carenciae
2972 969 3257 1034 omnium

333 1068 984 1137 emolimentorum
1027 1069 1440 1157 saepedictae
1481 1068 1806 1135 facultatis
1852 1071 2121 1134 arcium.

431 1241 556 1303 29.
643 1253 1038 1303 surnruu
1081 1253 1358 1302 con'rRA
1397 1252 1716 1301 DECANOS
1756 1217 2325 1319 nr'rAxA‘ronns,
2368 1249 2704 1300 Pncums
2746 1249 2875 1300 ssu
2916 1250 3173 1298 Pas‘rus
3308 1243 3341 1297 5

509 1354 968 1402 mcnxcmu
990 1352 1078 1401 Ac
1101 1353 1597 1403 Exnacnucmn
1619 1352 2098 1402 mnnnsffl‘rsss
2130 1353 2265 1400 vm,
2302 1351 2791 1400 nnsnavffl‘rns
2823 1350 3112 1400 Em'rtm.

547 1467 916 1550 Quoniam
987 1477 1226 1535 statuto
1292 1467 1576 1554 quodam
1626 1468 1954 1534 facultatis
2013 1469 2261 1534 arcium
2322 1477 2617 1550 cavetur,
2694 1465 2869 1552 quod
2925 1467 3255 1553 magistris

345 1567 788 1654 legentibus
859 1591 940 1635 ac
1007 1567 1462 1634 exercentibus
1525 1591 1646 1654 pro
1697 1567 2033 1635 laboribus
2092 1570 2225 1634 suis
2282 1565 2641 1633 scolasticis
2693 1566 2954 1632 realiter
3014 1575 3078 1630 et
3118 1587 3265 1631 cum

347 1668 636 1734 effectu
691 1669 998 1734 satisfieri
1045 1667 1298 1751 debeat,
1342 1690 1486 1732 cum
1532 1669 1970 1734 mercenarius
1991 1718 2010 1752 ,
2055 1666 2389 1752 evangelio
2418 1675 2714 1749 testante,
2762 1666 2999 1752 dignus
3029 1666 3115 1731 sit
3147 1687 3265 1729 sua

349 1767 742 1852 mercede,
787 1776 853 1833 et
893 1770 1047 1857 quia
1087 1766 1377 1833 nonnulli
1420 1769 1717 1854 magistri
1758 1767 2048 1855 legentes
2091 1789 2170 1831 ac
2208 1775 2582 1831 exercentes
2637 1767 2977 1831 retroactis
3018 1774 3263 1852 tempo·
3282 1774 3349 1829 10

357 1866 580 1932 ribus
693 1890 814 1934 sua
865 1867 1163 1934 mercede
1250 1877 1314 1932 et
1380 1869 1601 1954 precio
1679 1866 2003 1932 deservito
2085 1888 2202 1953 per
2265 1864 2739 1951 negligenciam
2813 1888 2891 1929 ac
2967 1863 3264 1929 fraudem

361 1967 837 2054 quorundam
879 1968 1269 2033 decanorum
1313 1977 1378 2031 et
1419 1975 1812 2048 taxatorum,
1859 1968 1969 2054 qui
2014 1967 2346 2051 pecunias,
2388 1988 2508 2052 pro
2551 1963 2935 2030 lectionibus
2978 1974 3043 2029 et
3084 1986 3266 2028 exer-

365 2069 582 2132 ciciis
637 2075 940 2154 tempore
984 2067 1349 2132 taxacionis
1401 2065 1484 2131 ab
1544 2065 1944 2131 auditoribus
2002 2075 2377 2152 perceptas,
2448 2063 2575 2129 sibi
2631 2065 2793 2151 ipsis
2844 2062 3267 2130 imbursando

366 2175 861 2249 reservarunt,
906 2165 1274 2231 defraudati
1324 2174 1472 2231 sunt
1501 2187 1580 2230 ac
1623 2167 1886 2252 privati,
1931 2164 2014 2231 ob
2061 2165 2203 2248 hoc,
2245 2187 2327 2229 ne
2360 2163 2519 2230 talia
2548 2163 2655 2228 vel
2694 2161 3057 2230 consimilia
3098 2160 3201 2250 [28
3217 2159 3269 2251 ⁸]

372 2264 737 2352 deinceps
783 2267 1161 2351 contingant
1200 2276 1314 2330 aut
1354 2264 1497 2329 fieri
1539 2266 1998 2351 permittantur
2038 2286 2202 2329 neve
2243 2262 2531 2350 legentes
2573 2263 2679 2328 vel
2721 2271 3097 2329 exercentes
3138 2271 3353 2327 ma-15

376 2364 602 2448 gistri
655 2363 920 2430 sallario
967 2375 1033 2430 et
1071 2362 1371 2429 mercede
1417 2365 1549 2429 suis
1592 2363 2075 2445 defraudentur,
2118 2364 2344 2428 statuit
2383 2385 2463 2427 ac
2504 2362 2830 2429 ordinavit
2870 2383 3269 2450 praememo-

384 2473 558 2528 rata
605 2463 895 2529 facultas
941 2465 1190 2529 arcium
1231 2462 1809 2550 praesentibusque
1853 2464 2077 2528 statuit
2121 2485 2200 2528 ac
2238 2462 2516 2545 ordinat,
2559 2461 2734 2550 quod
2762 2461 3047 2528 decanus
3086 2470 3152 2527 et
3172 2463 3272 2527 sui

385 2571 766 2629 taxatores
810 2584 929 2650 pro
967 2572 1258 2649 tempore
1300 2564 1650 2628 existentes
1694 2563 2024 2649 pecunias,
2069 2563 2127 2626 si
2171 2583 2331 2649 quas
2373 2561 2457 2627 ab
2495 2560 2901 2628 auditoribus
2922 2561 3272 2629 lectionum

393 2685 482 2726 ac
528 2664 1024 2728 exerciciorum
1066 2671 1358 2748 tempore
1399 2664 1761 2727 taxacionis
1798 2662 2181 2748 receperint,
2210 2663 2384 2748 ipsis
2423 2663 2753 2748 magistris
2780 2661 3145 2748 legentibus
3188 2682 3267 2725 ac

393 2761 882 2842 exercentibus
948 2770 1096 2849 post
1147 2761 1340 2826 finem
1391 2760 1761 2826 huiusmodi
1817 2760 2165 2826 lectionum
2218 2769 2286 2826 et
2334 2762 2811 2827 exercicionum
2823 2811 2842 2845 ,
2928 2763 2986 2826 si
3047 2759 3275 2827 saltem
3291 2767 3359 2826 20

393 2862 610 2927 iuxta
657 2861 1147 2930 ordinacionem
1190 2882 1269 2925 ac
1312 2870 1620 2925 statutum
1663 2862 2000 2948 praefatae
2040 2859 2364 2925 facultatis
2391 2862 2639 2926 arcium
2658 2860 2936 2947 legerint
2975 2869 3041 2926 et
3092 2883 3275 2926 exer-

401 2963 704 3044 cuerint,
747 2959 1009 3026 realiter
1051 2970 1117 3025 et
1157 2982 1301 3025 cum
1345 2959 1575 3025 effectu
1615 2960 1987 3047 persolvere
2048 2959 2328 3026 debeant
2378 2983 2520 3026 esse
2569 2962 2839 3043 astricti,
2884 2960 3003 3026 sub
3061 2983 3272 3048 poena

405 3061 882 3148 suspensionis
923 3056 1006 3125 ab
1030 3058 1282 3126 actibus
1322 3059 1812 3147 magistralibus
1855 3083 1933 3125 ac
1977 3061 2376 3147 privat-ionis
2421 3060 2548 3126 loci
2586 3083 2709 3126 nec
2766 3083 2895 3127 non
2942 3063 3278 3128 carenciae

408 3161 722 3226 omnium
765 3159 1315 3227 emolimentorum
1355 3159 1566 3225 dictae
1605 3159 1934 3226 facultatis
1973 3171 2111 3227 tam
2153 3159 2285 3245 diu,
2327 3159 2532 3227 donec
2559 3161 2692 3227 iam
2735 3160 2948 3228 dictae
2986 3161 3279 3229 facultati

411 3284 545 3348 per
595 3260 993 3347 condignam
1035 3262 1539 3326 satisfactionem
1580 3260 1980 3325 reconciliati
2022 3260 2261 3325 fuerint
2302 3270 2365 3325 et
2406 3262 2736 3347 magistris
2795 3259 3160 3348 legentibus
3201 3272 3361 3329 a025

414 3360 894 3428 exercentibus
939 3358 1020 3425 de
1062 3371 1368 3447 percepto
1413 3370 1610 3447 pastu
1649 3356 1913 3426 realiter
1955 3369 2019 3425 et
2061 3383 2203 3425 cum
2248 3360 2477 3425 effectu
2516 3360 2962 3431 satisfecerint.

601 3668 742 3726 Das
805 3685 902 3726 am
972 3668 1068 3731 29.
1137 3666 1388 3727 October
1450 3666 1606 3729 1476
1665 3650 2061 3725 beschlosserie
2126 3684 2275 3725 neue
2331 3665 2991 3740 Eidessormular
3016 3660 3143 3743 fiir
3188 3667 3283 3728 die

431 3767 924 3827 &aminatoren
972 3762 1073 3843 (S.
1117 3766 1258 3825 oben
1301 3766 1398 3825 ΒΖ.
1428 3766 1508 3827 20
1523 3764 1590 3845 ⁸)
1636 3773 1775 3842 επις
1819 3769 1927 3824 der
1971 3766 2269 3843 damaliqe
2309 3766 2539 3837 Decan,
2584 3767 2945 3843 Lampon-tus
2986 3788 3101 3828 von
3157 3770 3286 3827 dem

427 3867 635 3943 Hoeff
662 3868 734 3925 de
781 3864 963 3945 Goch,
1013 3865 1405 3943 eiqenhdindiq
1445 3869 1568 3939 auf
1597 3865 1780 3923 ciuem
1811 3865 2169 3925 besondere‘n
2212 3866 2416 3923 Blatte
2455 3860 2493 3941 (
2494 3866 2589 3925 ΒΖ.
2634 3866 2713 3929 42
2735 3864 2823 3945 ¹³),
2864 3868 3010 3926 doch
3066 3887 3131 3925 so
3170 3869 3283 3939 ein,

431 3968 584 4025 dass
631 3986 700 4025 er
742 3966 837 4024 ein
881 3966 1228 4024 besonderes
1252 3966 1581 4023 Formular
1607 3969 1732 4038 fiir
1773 3964 1868 4021 die
1911 3964 2393 4023 Eaeaminatoren
2435 3967 2545 4023 der
2566 3966 3035 4042 Magistranden
3079 3960 3279 4050 (iura-
3298 3972 3369 4029 30

438 4072 733 4127 mentum
769 4062 1282 4125 examinatorum
1327 4083 1451 4148 quo
1496 4058 1582 4124 ad
1625 4047 2135 4145 magistrandos)
2189 4084 2245 4128 u.
2316 4063 2413 4121 ein
2469 4064 2816 4124 besonderes
2850 4072 2977 4142 fiir
3036 4069 3130 4129 die
3174 4072 3283 4128 der

435 4164 976 4224 Baccalarianden
1019 4161 1477 4239 (iuramentum
1516 4160 2035 4225 examinatorum
2088 4183 2212 4246 quo
2278 4159 2365 4225 ad
2418 4159 2983 4244 baccalariandos)
3033 4170 3284 4246 anleyte.

437 4262 588 4321 Dies
633 4265 807 4322 Blatt
849 4264 1063 4338 heftete
1104 4283 1172 4323 er
1214 4263 1396 4321 neben
1438 4264 1552 4320 das
1596 4264 1804 4322 c‘ilteste
1829 4262 2228 4322 Schwurblatt
2273 4258 2311 4339 (
2312 4264 2407 4323 ΒΖ.
2452 4266 2568 4335 ‹13‚·
2610 4266 2724 4339 vql.
2758 4264 2903 4324 oben
2938 4266 3138 4331 8322
3163 4272 3289 4328 und

451 4362 746 4424 Urkundl.
799 4364 1048 4428 Quellen
1089 4362 1152 4423 S.
1195 4364 1314 4428 824
1359 4381 1417 4419 u.
1460 4360 1521 4423 S.
1569 4360 1750 4439 834)
1832 4362 1939 4420 Ich
1980 4364 2317 4422 anter-lasse
2380 4362 2551 4420 ihren
2614 4364 2927 4439 Abda-uelo,
3006 4366 3141 4425 weil
3198 4367 3284 4427 sie

443 4463 719 4521 wb‘rtliclt
757 4462 1264 4521 iibereimtt'mmen
1307 4462 1410 4520 mit
1453 4463 1562 4519 der
1606 4462 1747 4519 oben
1784 4462 2110 4538 qeqebenen
2154 4463 2436 4539 Fassunq
2492 4462 2620 4536 (ΒΖ.
2666 4464 2744 4526 20
2763 4466 2812 4533 ⁸)
2828 4487 2851 4537 ‚·
2931 4486 3050 4524 nur
3092 4466 3170 4525 ist
3223 4468 3367 4529 {²235

443 4562 559 4625 Nr.
583 4559 633 4624 I.
675 4562 819 4645 (fiir
847 4563 942 4620 die
965 4563 1073 4621 der
1095 4562 1593 4639 Maqistranden)
1639 4562 1718 4619 im
1759 4562 2042 4638 Ansanqe
2059 4569 2276 4637 qesetzt
2317 4560 2721 4644 temptamini
2764 4569 2828 4625 et
2868 4562 3154 4627 examini
3196 4560 3289 4648 (et

430 4666 554 4735 fiir
595 4658 730 4739 vel)
772 4682 829 4723 u.
872 4662 936 4719 in
977 4664 1094 4720 Nr.
1143 4663 1234 4723 ΙΙ.
1278 4662 1356 4720 ist
1396 4658 1800 4743 temptamini
1855 4656 1961 4722 vel
2000 4660 2304 4719 natic’rlich
2364 4680 2522 4738 qam
2562 4665 2991 4739 fortqelassen.
3084 4666 3287 4726 Uebrz'-

441 4781 587 4839 qens
627 4764 876 4821 war-den
923 4760 1080 4820 dicae
1121 4762 1271 4820 Eide
1315 4762 1526 4820 bereits
1568 4760 1646 4819 im
1671 4762 2002 4838 folqenden
2046 4760 2336 4820 Semester
2378 4761 2706 4839 antiquiert
2749 4766 2825 4837 (ε.
2874 4759 3062 4849 oben).

614 4863 746 4921 Der
800 4860 1110 4933 Umstand,
1152 4863 1297 4920 dass
1337 4880 1479 4921 man
1522 4861 1618 4919 die
1659 4880 1849 4919 neuen
1894 4861 2411 4936 Eidesformulare
2450 4880 2532 4919 απ
2580 4861 2775 4920 dieser
2822 4862 3003 4923 Stelle
3066 4865 3285 4941 einhef-

451 4968 575 5037 tete,
623 4964 776 5021 lc'iset
813 4961 965 5019 mich
995 4964 1150 5037 jetzt
1191 4962 1561 5035 ver-machon,
1625 4963 1772 5020 dass
1837 4959 1931 5019 die
1992 4962 2156 5020 alten
2209 4959 2487 5019 Statuten
2546 4964 2700 5021 auch
2744 4965 2979 5023 damah
3021 4966 3169 5024 noch
3210 4970 3369 5027 zum

454 5062 729 5137 Astfanqe
751 5064 854 5119 des
882 5057 1084 5123 Liber
1123 5058 1450 5124 facultatis
1490 5063 1748 5123 standan
1791 5060 1908 5131 (bis
1954 5060 2113 5121 1484
2154 5060 2424 5118 machten
2468 5060 2836 5121 bekanntlich
2906 5064 3184 5123 Statuten
3225 5070 3286 5126 ιἰ.

453 5162 740 5220 Matr-ssed
779 5164 893 5220 den
935 5156 1135 5223 Liber
1165 5144 1506 5224 'facultatis
1549 5181 1678 5234 aus,
1720 5162 1836 5237 vyl.
1893 5159 2033 5218 Urk.
2065 5159 2315 5223 Quellen
2350 5158 2413 5221 S.
2452 5160 2620 5234 784),
2662 5163 2791 5219 und
2824 5164 2967 5221 dass
3008 5164 3102 5222 die
3143 5182 3289 5223 neue

456 5260 782 5321 Reduction
823 5282 939 5321 von
986 5259 1244 5343 1471j72
1290 5262 1525 5321 damals
1569 5260 1733 5321 nicht
1773 5281 1885 5320 vor
1930 5252 2069 5343 (wie
2094 5252 2308 5344 jetzt),
2387 5262 2645 5319 sondem
2696 5261 2895 5322 himer
2958 5264 3072 5323 den
3125 5266 3288 5325 alten
