4038 6358
804 627 925 692 476
1785 637 1885 687 Die
1920 636 2359 701 philosophiscbe
2401 639 2658 689 Facultat.

804 810 919 875 riis
956 812 1410 899 magistrorum
1444 817 1835 884 interi-'uerit'¹
1878 828 2014 885 tam
2045 817 2175 902 diu,
2222 820 2427 886 donec
2457 819 2755 886 adminus
2782 821 3062 909 quinque
3090 822 3389 909 magistri
3423 845 3635 911 argue·

802 908 981 994 bant,
1025 913 1080 977 si
1123 912 1352 980 saltem
1393 926 1488 981 tot
1529 916 1623 984 ibi
1664 919 1902 985 fuerint
1939 921 2241 1006 magistri
2284 929 2649 1006 arguentes.

939 1116 1030 1178 13.
1077 1130 1423 1191 Quo‘rnms
1465 1135 1936 1184 uAfflsTRANDl
1977 1138 2231 1186 omnus
2274 1138 2633 1188 nommms
2678 1137 3096 1187 ΤΕΝΕΑΝΤΠΒ
3140 1139 3516 1189 oxomam

2042 1238 2394 1287 Ansmssa.

716 1370 749 1424 5
2006 1374 2126 1437 vgl.
2164 1374 2321 1434 xm,
2364 1375 2439 1425 ns.

966 1497 1192 1565 Nullus
1232 1502 1715 1587 magistrandus
1765 1505 1831 1568 in
1873 1505 2123 1570 artibus
2164 1503 2356 1570 debet
2393 1504 2650 1570 admitti
2695 1504 2782 1569 ad
2832 1514 3230 1593 temptamen
3274 1529 3397 1593 pro
3441 1505 3646 1593 gradu

801 1598 1180 1683 magisterii,
1232 1601 1360 1665 nisi
1408 1602 1475 1665 in
1515 1604 1920 1668 consciencia
1966 1628 2085 1669 sua
2127 1603 2321 1687 dicat,
2378 1604 2551 1696 quod
2606 1605 2791 1692 prius
2833 1606 2902 1669 in
2944 1607 3215 1692 triginta
3257 1605 3645 1695 disputacio-

798 1695 992 1762 nibus
1035 1699 1379 1765 ordinariis
1425 1700 1934 1769 baccalariorum
1975 1705 2291 1791 arguebat
2312 1707 2355 1788 ²,
2411 1705 2467 1769 si
2512 1704 2739 1769 saltem
2792 1703 3002 1771 locum
3048 1706 3368 1793 arguendi
3411 1704 3647 1772 habere

794 1798 1093 1881 potuerit.

721 1970 785 2024 ¹0
1258 1974 1353 2036 14.
1393 1987 1490 2034 nn
1527 1987 2041 2039 DISPUTATIONE
2085 1989 2462 2038 oanmAmA
2501 1988 3109 2039 BACCALARIORUM.

1998 2126 2119 2191 Vgl.
2159 2126 2307 2192 XIII,
2345 2126 2426 2178 26.

958 2248 1201 2333 Placet,
1261 2251 1434 2340 quod
1490 2253 1761 2340 quilibet
1812 2255 2220 2322 baccalarius
2272 2265 2567 2322 teneatur
2608 2255 2677 2319 in
2722 2253 2950 2320 ordine
3009 2276 3125 2319 suo
3171 2253 3277 2319 die
3322 2252 3642 2322 dominico

797 2346 1128 2435 disputare
1167 2360 1231 2415 et
1273 2374 1416 2417 cum
1451 2354 1868 2421 intimacione
1911 2355 2176 2443 publica
2216 2379 2345 2421 non
2399 2355 2608 2421 solum
2660 2353 2744 2419 ad
2788 2352 3017 2419 valvas
3062 2353 3484 2440 collegiorum
3527 2355 3637 2421 sed

793 2449 1000 2513 eciam
1043 2449 1130 2514 ad
1170 2450 1435 2518 bursam
1475 2453 1818 2537 facultatis,
1864 2479 2032 2542 quae
2076 2465 2173 2520 est
2213 2454 2392 2520 locus
2436 2453 2861 2542 paedagogii3
2906 2462 2968 2517 et
3010 2475 3142 2518 non
3182 2455 3407 2540 capiat
3448 2478 3635 2543 quae-

717 2555 777 2611 15
799 2548 1038 2614 stiones
1075 2551 1202 2614 nisi
1244 2552 1311 2616 in
1348 2552 1541 2638 loyca
1583 2564 1647 2619 et
1671 2554 2085 2642 philosophia
2124 2554 2424 2638 naturali,
2464 2577 2584 2652 nec
2616 2552 3022 2640 zophismata
3046 2553 3177 2617 nisi
3200 2554 3270 2617 in
3313 2576 3637 2640 gramma-

795 2647 926 2712 tica
981 2659 1045 2713 et
1100 2649 1317 2740 loyca,
1377 2651 1497 2717 sub
1550 2675 1765 2740 poena
1820 2653 2059 2719 decem·
2101 2677 2504 2740 grossorum,
2564 2675 2682 2740 per
2739 2651 3055 2716 decanum
3119 2650 3238 2717 sub
3301 2676 3421 2719 suo
3478 2656 3642 2718 iura·

794 2757 1007 2813 mento
1058 2750 1352 2834 rigorose
1401 2752 1986 2839 extorquendorum
2036 2776 2076 2818 a
2133 2753 2654 2818 contrafaciente.
2739 2751 2828 2815 Et
2881 2761 3228 2838 antequam
3279 2752 3645 2817 huiusmodi

800 2846 1195 2914 ordinariam
1239 2848 1751 2937 disputacionem
1794 2852 2030 2938 aliquis
2072 2852 2588 2919 baccalariorum
2633 2849 3068 2938 compleverit,
3122 2848 3209 2915 ad
3254 2861 3645 2939 temptamen

798 2968 919 3033 pro
964 2948 1177 3033 gradu
1214 2951 1571 3037 magisterii
1614 2952 1874 3016 minime
1915 2952 2310 3017 admittatur.

715 3152 783 3210 20
871 3152 965 3215 15.
995 3135 1100 3213 ‘DE
1140 3166 1588 3217 BACCALARIIS
1628 3163 1900 3217 ALIENIS
1945 3168 2385 3218 vonnn'rmus
2429 3168 2501 3217 m
2544 3168 2701 3218 1s'rA
2744 3168 3251 3219 nmaasrm‘rss
3294 3168 3564 3218 Pnouo-

1856 3270 2019 3318 vam
2061 3270 2136 3317 m
2176 3268 2582 3318 MAms'rRos.

2016 3406 2138 3469 Vgl.
2172 3405 2322 3471 xm,
2357 3406 2437 3456 14.

961 3531 1189 3598 Nullus
1246 3535 1681 3619 baccalarius,
1732 3537 1999 3602 veniens
2060 3535 2142 3601 de
2192 3535 2325 3602 alia
2376 3537 2827 3618 universitate,
2886 3537 3261 3624 promoveri
3312 3535 3507 3602 debet
3561 3536 3640 3602 ad

796 3630 1070 3716 gradum
1110 3636 1471 3721 magisterii
1511 3637 1580 3700 in
1625 3634 1893 3718 artibus,
1947 3636 2075 3701 nisi
2118 3638 2300 3723 prius
2360 3637 2613 3700 steterit
2664 3636 2734 3699 in
2786 3637 2913 3701 ista
2963 3636 3387 3701 universitate
3445 3635 3637 3701 admi-

712 3737 779 3793 25
800 3753 920 3795 nus
963 3730 1049 3796 ad
1100 3731 1436 3799 dimidium
1487 3757 1748 3818 annum,
1804 3746 1869 3801 et
1921 3735 2270 3800 dummodo
2294 3734 2707 3800 ‘sufficientes
2750 3734 3249 3801 informaciones
3292 3736 3524 3802 fecerit
3564 3735 3639 3801 de

709 3915 714 3921 η
797 3827 1136 3896 audicione
1176 3831 1489 3899 librorum
1526 3836 1595 3899 in
1636 3834 1768 3900 alia
1809 3836 2249 3900 universitate.

927 4043 1336 4094 BAGCALARn
1378 4047 1752 4097 ‘sammon
1791 4048 2051 4096 aunum
2096 4048 2233 4097 rao
2276 4047 2513 4096 GRADU
2558 4046 3101 4097 RESUMPTIONEM
3142 4049 3215 4097 m
3259 4049 3504 4099 Pmo—

1871 4148 2119 4196 SOPHIA
2161 4131 2569 4196 nnuman-³

961 4276 1121 4342 Item
1162 4278 1373 4344 nullus
1415 4279 1929 4347 baccalariorum
1969 4280 2038 4343 in
2096 4278 2346 4344 artibus
2400 4279 2657 4344 admitti
2714 4276 2907 4344 debet
2959 4279 3045 4344 ad
3098 4290 3500 4369 temptamen
3539 4283 3635 4348 vel

712 4383 781 4440 30
799 4397 1072 4440 examen
1129 4400 1249 4464 pro
1302 4379 1513 4464 gradu
1557 4380 1933 4466 magisterii,
1989 4380 2117 4444 nisi
2171 4379 2469 4444 adminus
2512 4378 2855 4466 diligenter
2897 4380 3092 4446 semel
3143 4384 3637 4470 resumptionem

794 4473 1121 4541 facultatis
1164 4478 1231 4541 in
1275 4478 1690 4567 philozo'phia
1731 4477 2012 4545 naturali
2054 4478 2380 4544 audiverit
2422 4488 2487 4544 et
2524 4501 2645 4566 pro
2700 4501 2778 4544 ea
2820 4479 3082 4546 realiter
3118 4491 3183 4547 et
3223 4503 3371 4548 cum
3414 4484 3635 4549 effectu

797 4575 1201 4641 satisfecerit.

967 4847 989 4897 1
1028 4840 1139 4897 Am
1173 4841 1393 4899 Raude:
1463 4843 1623 4899 Haec
1657 4843 1924 4914 obliqatio
1962 4845 2177 4899 decreto
2200 4843 2507 4914 facultatis
2540 4845 2824 4901 omittatur
2861 4848 3006 4901 1520.

964 4947 996 4997 2
1031 4943 1142 4998 Am
1177 4943 1397 5001 Raude:
1469 4946 1630 5000 Haec
1662 4962 1874 5015 quoque
1907 4945 2186 5015 obliqacio
2214 4946 2434 5000 sublata
2465 4953 2558 5015 est,
2589 4953 2649 5000 ut
2681 4964 2870 5016 supra,
2908 4950 3054 5001 1520.

966 5048 997 5097 3
1030 5043 1228 5100 Dieser
1259 5045 1480 5102 Artikel
1530 5052 1727 5101 sammt
1775 5046 1953 5102 seiner
1989 5045 2374 5103 Ueberschrift
2410 5045 2558 5101 steht
2590 5044 2696 5101 auf
2728 5047 2912 5102 Basur
2946 5048 3061 5102 und
3096 5048 3170 5102 ist
3205 5047 3365 5103 nicht
3401 5067 3511 5104 von
3545 5049 3633 5105 der

795 5133 978 5182 ersten
1011 5128 1208 5198 Hand,
1254 5130 1491 5186 sondern
1525 5129 1627 5184 mit
1660 5129 1932 5187 blasserer
1964 5131 2134 5188 Tinte
2152 5131 2525 5204 -geschrieben
2558 5132 2674 5186 und
2717 5134 2821 5186 mit
2859 5130 3225 5189 bliiulieherer
3256 5132 3426 5189 Tinte
3464 5133 3629 5188 rubri·

795 5212 951 5268 ciel-t.
