4038 6358
876 613 998 678 336
1861 609 1964 662 Die
2000 607 2440 676 philosophische
2472 608 2722 664 vacuitas

873 811 1072 858 nuero
1134 813 1355 860 eorum
1418 792 1855 858 dimissionem
1914 789 2018 855 vel
2080 788 2466 858 dilacionem
2525 790 2614 856 ad
2677 790 3021 864 terminum
3083 789 3503 878 longiorem·
3486 835 3505 870 ,
3576 783 3676 874 [61
3690 783 3742 873 ιι]

877 893 1031 957 item
1071 891 1242 1005 quod
1282 892 1476 957 velim
1519 889 1769 956 solvere
1816 897 1843 954 1
1888 888 2203 966 florenum
2259 893 2379 977 pro
2422 890 2578 956 fisco
2622 889 3091 974 universitatis3
3146 891 3302 955 item
3371 884 3566 975 quod
3620 908 3742 950 non

876 988 1131 1056 velim
1114 991 1398 1076 incipere
1440 991 1565 1054 nisi
1606 991 1854 1074 signeto
1896 987 2119 1053 habito
2157 1011 2204 1053 a
2244 988 2523 1072 decan03
2576 989 2728 1053 item
2767 988 2942 1073 quod
2981 1010 3113 1054 non
3151 988 3354 1054 velim
3406 1009 3456 1052 a.
3499 1007 3742 1051 recom-

881 1088 1299 1155 mendacione
1341 1090 1823 1157 licenciatorum
1875 1110 1978 1152 me
2031 1086 2390 1172 absentare,
2436 1089 2563 1170 nisi
2607 1086 3059 1152 rationabilem
3094 1109 3372 1153 causam
3423 1083 3740 1170 habuero,

800 1200 834 1255 5
888 1212 1082 1277 quam
1124 1189 1418 1254 facultati
1461 1210 1817 1275 proponam
1863 1196 1927 1251 et
1965 1187 2256 1252 favorem
2301 1186 2646 1280 absenciae
2689 1186 3016 1252 obtineam
3054 1186 3139 1253 ab
3180 1185 3498 1252 eadem.“

1252 1361 1354 1422 54.
1413 1371 1507 1424 DE
1550 1371 1954 1421 IURAMENTO
1998 1367 2471 1420 MAGISTRANDI
2516 1369 2845 1420 TEMPORE
2889 1370 3344 1420 mcm’cmms.

2061 1488 2182 1552 Vgl.
2217 1504 2265 1539 a.
2308 1488 2382 1541 St.
2423 1488 2498 1540 14.

860 1660 869 1668 .
1042 1604 1202 1669 Item
1255 1602 1501 1670 iurabit
1550 1602 2033 1689 magistrandus
2083 1611 2373 1689 tempore
2426 1604 2824 1691 incepcionis
2876 1612 2941 1669 et
2989 1612 3301 1691 tempore,
3365 1624 3511 1691 quo
3564 1602 3735 1667 favo·

876 1726 1012 1768 rem
1065 1702 1419 1794 incipiendi
1469 1704 1539 1768 in
1599 1702 1846 1770 artibus
1901 1725 1942 1767 a
1992 1700 2302 1770 facultate
2355 1701 2700 1772 obtinebit:
2780 1703 2967 1790 „Ego
3008 1704 3104 1770 .N.
3158 1705 3323 1787 iuro,
3381 1701 3576 1794 quod
3625 1724 3735 1789 per

801 1813 863 1869 10
883 1803 1042 1869 duos
1087 1826 1289 1868 annos
1327 1804 1394 1867 in
1437 1805 1566 1867 ista
1616 1803 2036 1867 universitate
2091 1800 2306 1887 legam
2363 1813 2427 1867 et
2480 1802 2847 1889 disputabo,
2887 1803 3015 1868 nisi
3057 1818 3310 1868 m'ecum
3359 1824 3576 1889 super
3619 1801 3735 1866 hoc

878 1925 1003 1991 per
1060 1901 1427 1968 facultatem
1488 1902 1681 1965 fuerit
1740 1900 2219 1988 dispensatum3
2279 1901 2434 1965 item
2486 1901 2660 1989 quod
2719 1911 2960 1967 statuta
3008 1911 3074 1968 et
3123 1900 3513 1983 statuenda,
3573 1921 3730 1988 quae

884 2011 1036 2068 sunt
1075 2025 1194 2089 pro
1237 2000 1405 2066 bono
1445 1999 1882 2064 universitatis
1939 2022 2017 2064 ac
2073 1999 2397 2074 facultatis
2442 2002 2710 2083 arcium,
2765 1999 2959 2065 velim
3009 2000 3280 2067 firmiter
3334 1999 3731 2081 observare3

876 2103 1032 2166 item
1089 2100 1261 2187 quod
1313 2101 1507 2165 istum
1567 2098 1844 2186 gradum
1898 2100 1965 2162 in
2021 2098 2200 2164 nulla
2254 2098 2383 2165 alia
2439 2101 2862 2166 universitate
2912 2122 3273 2184 resumam3
3336 2100 3506 2165 item
3562 2097 3728 2186 quod

880 2199 1118 2266 bonum
1159 2199 1599 2264 universitatis
1650 2207 1714 2262 et
1753 2196 2080 2263 facultatis
2122 2200 2385 2282 arcium,
2446 2199 2532 2266 ad
2584 2221 3027 2285 quemcunque
3082 2149 3323 2268 statuin
3377 2198 3728 2278 devenero,

798 2309 860 2366 15
878 2299 1073 2365 velim
1130 2298 1544 2384 procurare.“
1624 2296 1714 2362 Et
1771 2295 2015 2384 placuit
2068 2296 2274 2361 idem¹
2326 2309 2479 2366 tunc
2528 2300 2881 2384 magistris,
2938 2297 3111 2384 quod
3151 2300 3281 2363 ista
3321 2297 3563 2363 ultima
3604 2295 3723 2362 duo

878 2398 964 2464 ad
1006 2398 1360 2485 periurium
1405 2395 1697 2482 obligant
1739 2406 1855 2462 etc.

1474 2568 1574 2628 55.
1616 2579 1711 2628 DE
1758 2578 2100 2628 CARENCIA
2139 2578 2304 2630 Locl
2341 2579 2487 2628 NON
2527 2580 3111 2636 DETERMmAN'rls.

2060 2699 2181 2762 Vgl.
2219 2712 2268 2749 a.
2305 2697 2379 2748 St.
2421 2697 2502 2748 12.

1041 2814 1206 2880 Item
1247 2836 1375 2878 non
1441 2811 1875 2878 determinans
1922 2820 2071 2876 ante
2116 2811 2311 2877 finem
2364 2814 2690 2899 sequentis
2754 2813 3070 2880 examinis
3126 2836 3349 2881 omnes
3402 2813 3714 2881 admissos

796 2922 866 2980 20
885 2916 953 2980 in
989 2912 1107 2978 tali
1150 2914 1444 2980 examine
1489 2920 1812 3000 sequatur,
1852 2912 1978 2976 nisi
2022 2933 2105 2976 ex
2146 2933 2344 2978 causa
2386 2910 2761 2978 rationabili
2802 2911 2980 2982 locus
3019 2913 3146 2980 sibi
3187 2937 3308 3004 per
3348 2913 3709 2980 facultatem

874 3014 1069 3079 fuerit
1109 3021 1495 3076 reservatus.
1578 3009 1667 3074 Et
1712 3010 1935 3076 eodem
1977 3009 2171 3075 modo
2211 3010 2327 3075 fiat
2368 3010 2448 3075 de
2506 3010 2655 3076 aliis
2710 3011 3116 3078 examinibus
3170 3012 3611 3100 sequentibus,
3661 3011 3710 3074 si

872 3124 1020 3179 ante
1057 3111 1250 3176 finem
1294 3132 1516 3174 eorum
1554 3132 1684 3174 non
1724 3107 2196 3174 determinabit.

936 3285 1034 3346 56.
1079 3296 1173 3345 m:
1216 3294 1414 3345 nono
1458 3295 1550 3343 ΕΤ
1590 3293 1828 3345 romu
1870 3291 2177 3341 rma-nm
2217 3292 2650 3355 nmAcmmzu
2684 3292 2819 3342 vnn
2861 3293 3314 3345 nnnsmonsu
3354 3294 3633 3347 sunem

2005 3412 2126 3475 νει.
2161 3426 2210 3462 a.
2248 3410 2326 3462 st.
2364 3411 2448 3476 21,
2481 3412 2564 3467 20.

789 3538 857 3595 ³5
1038 3528 1203 3594 Item
1244 3538 1470 3616 petens
1512 3525 1899 3591 dilacionem
1947 3523 2188 3589 bursae
2232 3523 2425 3590 debet
2468 3523 2710 3590 habere
2749 3526 3151 3612 magistrum,
3193 3528 3322 3613 qui
3377 3551 3500 3616 per
3550 3530 3700 3593 iura-

872 3637 1157 3693 mentum
1220 3627 1431 3709 dicat,
1492 3624 1665 3712 quod
1723 3623 1880 3689 velit
1936 3625 2346 3711 irrequisitus
2401 3623 2579 3689 illam
2640 3622 2906 3690 bursam
2964 3625 3215 3693 solvere
3277 3641 3428 3692 ante
3483 3626 3587 3692 vel
3640 3628 3700 3690 in

870 3728 1145 3792 termino
1192 3722 1552 3808 dilacionis,
1609 3725 1665 3789 si
1709 3732 1934 3810 petens
1975 3745 2105 3788 non
2160 3721 2444 3790 solverit.
2523 3722 2652 3788 Sed
2696 3734 2922 3810 petens
2961 3724 3400 3819 dimissionem
3442 3725 3699 3792 bursae²

873 3824 1144 3909 iurabit,
1199 3823 1374 3911 quod
1425 3823 1597 3889 ultra
1650 3844 1755 3887 res
1799 3831 1864 3887 et
1916 3819 2119 3886 libros
2175 3844 2303 3887 non
2350 3820 2591 3887 habeat
2646 3840 2695 3887 x
2747 3821 3026 3889 florenos
3081 3823 3163 3889 de
3218 3824 3409 3891 bonis
3459 3824 3694 3891 heredi-

877 3927 1063 3991 tariis
1104 3925 1209 3991 vel
1253 3922 1768 4010 quibuscunque3
1828 3929 1893 3985 et
1939 3919 2022 3985 de
2063 3919 2184 3986 hoc
2225 3920 2465 3987 habeat
2506 3920 2755 4007 aliquos
2805 3921 3189 4007 fidedignos,
3246 3925 3356 4012 qui
3405 3924 3526 3991 sub
3565 3945 3694 3989 con-

791 4034 861 4092 ³0
881 4026 1161 4091 sciencia
1217 4045 1438 4087 eorum
1480 4021 1725 4102 dicant,
1789 4041 1925 4085 rem
1978 4020 2073 4085 ita
2126 4043 2287 4103 esse,
2348 4021 2513 4086 sicut
2557 4020 2938 4108 principalis
2987 4021 3187 4104 iurat,
3241 4031 3305 4089 ct
3356 4021 3585 4112 quibus
3623 4020 3692 4084 de

882 4130 1266 4211 paupertate
1307 4123 1443 4186 eius
1485 4128 1766 4203 constat,
1821 4130 1934 4185 aut
1973 4118 2137 4185 alias
2188 4118 2575 4186 sufficientes
2616 4121 3101 4186 informationes
3144 4120 3227 4187 de
3267 4144 3388 4187 sua
3435 4142 3694 4211 pauper·

869 4233 1002 4290 tate
1040 4222 1284 4288 fecerit.

1678 4338 1779 4400 57.
1822 4351 1917 4399 nn
1957 4350 2465 4401 msrunmorm
2507 4350 2904 4401 onnnmm.

1850 4469 1971 4532 νει
2007 4484 2056 4520 a.
2097 4468 2172 4520 st.
2210 4469 2290 4535 23,
2317 4472 2364 4522 7.
2399 4470 2481 4536 26,
2519 4470 2540 4522 1
2582 4488 2632 4523 u.
2668 4486 2716 4523 a.

787 4599 856 4658 35
1040 4586 1364 4670 Quoniam
1405 4583 1767 4672 disputacio
1812 4582 2145 4649 ordinaria
2195 4584 2265 4649 in
2317 4584 2621 4653 facultate
2663 4585 2910 4650 arcium
2949 4607 3072 4675 pro
3111 4584 3355 4654 honore
3394 4596 3460 4654 et
3496 4589 3686 4654 incre-

869 4695 1083 4759 mento
1134 4685 1461 4753 facultatis
1521 4682 1808 4749 eiusdem
1864 4681 2120 4747 videtur
2176 4682 2491 4769 instituta,
2547 4707 2629 4750 ne
2683 4706 2839 4770 ergo
2895 4686 3294 4773 temporibus
3343 4688 3579 4757 nostris
3626 4687 3685 4759 in

868 4786 1180 4854 nichilum
1241 4785 1596 4873 redigatur,
1675 4781 1935 4853 caucius
2005 4788 2072 4846 et
2142 4785 2455 4849 maturius
2521 4792 2620 4853 est
2678 4782 3165 4872 providendum.
3245 4785 3472 4855 Placet
3527 4806 3681 4872 ergo,

872 4886 1046 4979 quod
1100 4885 1368 4973 quilibet
1417 4884 1880 4970 magistrorum
1930 4879 2003 4947 in
2043 4879 2292 4949 artibus
2345 4892 2498 4951 ante
2551 4881 3052 4970 complecionem
3105 4883 3351 4955 biennii
3407 4887 3528 4972 sui,
3575 4883 3682 4953 nisi

1030 5107 1053 5159 1
1095 5102 1164 5156 In
1208 5100 1315 5154 den
1358 5099 1509 5154 alten
1544 5097 1801 5154 Stamten
1840 5101 1899 5153 14
1955 5096 2103 5153 steht
2143 5094 2349 5173 richtig
2392 5098 2608 5159 ibidem.
2673 5100 2768 5159 An
2799 5115 3026 5159 unserer
3061 5099 3231 5161 stelle
3268 5100 3344 5159 ist
3387 5103 3508 5163 dies
3539 5103 3682 5161 wm

873 5186 1036 5244 sowie
1069 5187 1170 5240 das
1205 5181 1369 5241 dafiir
1399 5189 1646 5253 gesetzte
1679 5184 1820 5237 idem
1853 5179 2178 5255 ungahorig.

1027 5274 1058 5327 2
1094 5269 1213 5325 Das
1246 5266 1527 5341 Folgende
1558 5265 1646 5324 bis
1678 5266 1835 5323 Ende
1870 5267 1968 5321 des
2001 5264 2274 5322 Absatzes
2307 5264 2454 5323 steht
2485 5265 2591 5323 auf
2615 5266 2812 5325 Rasur.
