4038 6358
1166 592 1335 644 Dritte
1369 591 1891 652 satutem-educam,
1926 606 2036 643 von
2077 588 2448 643 nub-1⁴90.
3115 585 3231 648 411

323 768 402 835 in
462 770 903 858 phisicorum
956 784 1019 841 et
1070 774 1265 841 semel
1321 776 1389 841 in
1444 776 1525 842 de
1581 777 1813 842 anima.
1894 775 1984 843 Et
2039 798 2160 865 pro
2215 784 2502 860 tempore
2554 794 2683 837 non
2733 770 3004 837 habebit
3044 764 3234 854 plura

324 873 716 939 exercicia
761 896 959 961 quam
1002 874 1148 959 due,
1193 886 1469 963 excepta
1513 876 1886 964 zophistria,
1933 898 2127 963 quam
2169 896 2290 963 pro
2334 874 2535 939 tercio
2580 871 2821 938 habere
2863 868 3121 958 poterit.

1128 1081 1184 1143 4.
1240 1095 1431 1145 mem
1470 1096 1809 1145 nmmum
1853 1095 1988 1143 rao
2032 1091 2475 1142 mammam.

1641 1214 1763 1278 vgl.
1802 1214 1897 1277 VI,
1932 1214 1980 1264 2.

530 1325 719 1390 Item
743 1323 830 1390 ad
858 1325 1138 1413 gradum
1167 1328 1527 1413 magisterii
1572 1338 1721 1394 sunt
1760 1329 1913 1395 libri
1954 1330 2092 1395 isti:
2142 1328 2642 1413 topicorum,
2688 1322 2783 1391 de
2826 1319 3088 1402 coe10,
3132 1318 3230 1384 de
3280 1327 3313 1382 5

328 1426 973 1509 generatione,
1001 1425 1624 1512 metheororum,
1657 1451 1917 1516 parva
1953 1424 2927 1507 naturalia,ethicorum‚
2955 1418 3233 1507 politi·

336 1545 700 1607 corum,
743 1527 1455 1610 yconomicorum‚
1499 1529 2029 1616 perspectiva.
2073 1525 2569 1606 communis,
2616 1522 3015 1588 theorica
3056 1516 3230 1606 pla-

332 1633 805 1706 netarum,
868 1624 1316 1709 Euclides,
1388 1626 1632 1714 loyca
1705 1626 2094 1692 Heissbri
2169 1636 2309 1691 autt
2383 1623 2547 1689 liber
2623 1621 3234 1688 rethoricorum

336 1721 929 1807 Aristotelis,
987 1726 1503 1793 arismetrica
1561 1729 2035 1809 communis,
2099 1726 2402 1791 musica
2463 1723 2724 1789 Muris
2785 1730 2847 1786 et
2911 1716 3233 1784 metha-

342 1820 757 1908 phisica.
3256 1823 3318 1881 10

1156 1981 1213 2040 5.
1268 1992 1363 2042 DE
1407 1994 1796 2045 Exnnclcns
1839 1994 1975 2044 ruo
2019 1992 2461 2044 melsrnmo.

1637 2116 1758 2179 νει.
1799 2116 1892 2176 vl,
1930 2116 1976 2167 3.

543 2225 722 2291 Item
773 2222 985 2291 nullus
1044 2223 1238 2291 debet
1291 2227 1546 2295 admitti
1595 2229 1680 2295 ad
1745 2238 2136 2318 temptamen
2191 2253 2310 2317 pro
2367 2225 2580 2315 gradu
2636 2223 3031 2311 magisterii,
3100 2220 3228 2286 nisi

360 2325 575 2410 prius
622 2326 871 2389 steterit
910 2325 979 2389 in
1022 2327 1364 2392 exerciciis
1418 2328 1590 2393 infra
1643 2331 1935 2417 scriptis,
1980 2329 2229 2395 scilicet
2287 2325 2797 2413 methaphisicae
2851 2345 2996 2388 cum
3052 2322 3230 2386 vice-
3271 2342 3274 2349 ⁴

353 2423 812 2507 cancellariO,
872 2423 1264 2508 ethicorum,
1323 2427 1754 2513 phisicorum,
1807 2431 2046 2494 veteris
2105 2431 2265 2495 artis
2322 2450 2468 2494 cum
2525 2427 2801 2509 decano,
2858 2444 3024 2513 quae
3080 2429 3230 2485 sunt
3251 2428 3312 2483 15

360 2524 833 2606 necessitatis3
886 2525 1367 2590 metheororum
1414 2526 1520 2592 vel
1579 2530 1799 2615 parvis
1856 2528 2265 2594 naturalibus
2324 2551 2444 2616 pro
2500 2549 2660 2610 uno,
2715 2527 2784 2590 in
2825 2524 2906 2589 de
2949 2520 3124 2588 coelo
3168 2529 3231 2584 et

358 2622 632 2689 mundo
662 2622 768 2688 vel
804 2622 886 2688 de
926 2627 1356 2711 generacione
1398 2649 1518 2713 pro
1561 2650 1706 2711 uno,
1750 2651 1921 2693 nova
1959 2627 2154 2716 loyca
2194 2627 2299 2693 vel
2336 2629 2406 2692 in
2449 2627 2828 2714 zophistria,
2873 2623 2955 2688 de
2997 2619 3230 2710 quibus

360 2720 628 2787 ultimis
675 2723 804 2787 tria
844 2725 1188 2809 capiantur
1253 2725 1604 2792 secundum
1655 2727 1965 2814 placitum
2006 2727 2111 2792 vel
2168 2726 2522 2793 secundum
2579 2726 2956 2792 electionem
3011 2719 3225 2787 volen-

364 2822 555 2886 cium
598 2826 991 2909 promoveri,
1035 2824 1154 2890 sub
1195 2847 1408 2913 poena
1445 2848 1577 2890 non
1621 2827 2036 2892 admissionis
2080 2826 2166 2892 ad
2208 2825 2490 2913 gradum
2534 2825 2908 2912 magisterii.

906 3030 963 3093 6.
1018 3042 1113 3090 DE
1157 3042 1357 3091 nono
1400 3044 1739 3107 Annmum
1778 3044 2148 3093 manemus
2184 3046 2274 3092 ΕΤ
2315 3041 2719 3092 an'nomes.
3248 3025 3317 3083 20

1511 3162 1631 3227 Vgl.
1671 3163 1763 3230 vl,
1797 3163 1845 3215 4.
1892 3164 2039 3225 vm,
2087 3164 2133 3216 3.

546 3272 788 3339 Modus
833 3283 1048 3341 autem
1088 3277 1397 3342 audiendi
1441 3278 1563 3343 erit
1604 3276 1783 3361 talis,
1822 3278 1994 3364 quod
2040 3279 2311 3367 quilibet
2355 3278 2624 3344 audiens
2680 3277 2963 3364 aliquam
3016 3272 3232 3337 lectio-

370 3394 532 3438 nem
597 3396 718 3460 pro
773 3373 985 3459 gradu
1034 3377 1103 3440 in
1159 3376 1410 3442 artibus
1469 3380 1760 3462 exceptis
1814 3377 2477 3460 mathematicalibus,
2532 3378 2724 3464 loyca
2775 3371 3101 3460 Heyssbri
3164 3379 3229 3434 et

373 3471 827 3558 politicorum,
870 3483 1123 3541 tenetur
1174 3498 1317 3541 eam
1373 3475 1601 3541 audire
1652 3478 1721 3540 in
1777 3476 1976 3558 libro,
2023 3479 2134 3564 qui
2186 3476 2456 3563 legitur,
2500 3500 2645 3542 cum
2705 3471 3054 3560 diligencia
3072 3520 3091 3553 ,
3135 3471 3229 3534 ita

371 3571 557 3655 quod
633 3581 881 3639 textum
945 3573 1240 3641 lectionis
1310 3572 1478 3665 [18⁸]
1545 3576 1881 3662 proprium
1937 3575 2042 3641 vel
2104 3574 2592 3642 accomodatum
2654 3595 2871 3640 secum
2937 3581 3228 3657 tempore
3244 3577 3311 3636 25

374 3668 684 3737 lectionis
720 3672 961 3744 habeat
1006 3671 1309 3761 (possunt
1338 3685 1554 3740 tamen
1587 3671 1712 3739 duo
1757 3684 1870 3742 aut
1914 3685 2047 3739 tres
2092 3675 2178 3740 ad
2218 3677 2576 3740 maximum
2617 3673 2845 3739 eodem
2885 3680 3069 3737 textu
3109 3690 3230 3756 pro

372 3778 677 3859 tempore
733 3773 924 3838 simul
965 3772 1110 3861 uti),
1153 3784 1216 3839 et
1257 3774 1433 3863 quod
1488 3775 1625 3839 sine
1675 3774 2051 3839 rationabili
2108 3797 2339 3858 causa,
2396 3773 2707 3860 legittimo
2765 3771 3229 3860 impedimento

379 3879 701 3954 cessante,
741 3871 983 3937 nullam
1013 3869 1371 3957 lectionem,
1415 3896 1608 3962 quam
1634 3873 1860 3939 audire
1894 3873 2135 3957 debuit,
2177 3884 2288 3939 aut
2318 3874 2730 3955 exercicium,
2774 3873 2842 3937 in
2885 3894 3009 3957 quo
3055 3879 3231 3935 stare

379 3967 628 4051 debuit,
662 3971 968 4056 neglexit,
1013 3995 1054 4038 a
1096 3975 1300 4038 te'rcia
1340 3972 1613 4039 lectione
1652 3974 1757 4039 vel
1796 3975 2118 4040 exercicio
2163 3973 2246 4039 ab
2289 3969 2653 4061 inceptione
2694 3971 3010 4038 librorum
3059 3991 3228 4035 com-

378 4069 696 4155 putando,
741 4080 833 4153 et,
883 4081 1450 4159 quantumcunque
1503 4075 1745 4160 potuit,
1792 4075 1930 4137 sine
1987 4073 2135 4140 dolo
2183 4085 2248 4139 et
2289 4073 2517 4139 fraude
2560 4097 2600 4138 a
2641 4073 2963 4160 principio
3022 4090 3226 4156 usque
3244 4076 3313 4133 30

379 4168 466 4233 ad
510 4169 709 4234 finem
753 4168 1047 4238 lectionis
1092 4182 1205 4238 aut
1247 4173 1555 4240 exercicii
1593 4174 1971 4259 permansit,
2014 4197 2133 4240 nec
2178 4175 2297 4241 sub
2340 4197 2471 4239 una
2511 4172 2673 4239 hora
2716 4171 2879 4236 duas
2919 4169 3228 4236 lectiones

382 4278 497 4333 aut
537 4268 669 4335 duo
713 4272 1040 4336 exercicia
1081 4272 1326 4338 habuit.
1429 4272 1757 4353 Quociens
1811 4283 2028 4356 autem
2089 4276 2480 4340 exercicium
2537 4281 2649 4337 aut
2699 4270 3038 4337 lectionem
3092 4269 3230 4334 sive

377 4365 692 4434 lectiones
719 4369 1025 4458 ’neglexit
1063 4371 1171 4436 vel
1213 4395 1254 4437 a
1294 4372 1618 4460 principio
1659 4394 1863 4458 usque
1908 4372 1995 4437 ad
2036 4373 2231 4438 finem
2284 4396 2415 4439 non
2474 4373 2834 4460 permansit
2891 4379 2954 4436 et
3006 4391 3227 4436 omnes

383 4467 550 4535 alios
597 4467 885 4533 defectus
929 4493 1081 4535 suos
1127 4469 1320 4536 debet
1360 4474 1427 4536 in
1469 4469 1703 4536 cedula
1746 4494 2008 4536 suorum
2051 4481 2343 4554 actuum,
2384 4480 2676 4559 tempore
2720 4470 3226 4559 dispensationis

310 4577 317 4582 '
381 4566 892 4654 praesentanda,
938 4591 1080 4634 cum
1125 4592 1323 4636 causa
1338 4620 1357 4652 ,
1400 4573 1455 4635 si
1500 4593 1698 4657 quam
1740 4569 1966 4653 habet,
2011 4570 2419 4636 conscribere
2474 4580 2538 4636 et
2595 4572 2960 4657 exprimere
3013 4579 3077 4634 et
3118 4568 3224 4633 de·
3241 4577 3309 4634 35

383 4689 579 4755 super
646 4667 1198 4755 dispensationem
1260 4679 1480 4757 petere
1496 4720 1515 4752 ,
1582 4679 1654 4735 ut
1709 4668 2066 4736 secundum
2121 4669 2594 4737 multitudinem
2656 4678 2768 4737 aut
2832 4670 3227 4758 paucitatem

382 4767 931 4854 negligenciarum
970 4777 1036 4833 et
1073 4768 1437 4835 defectuum
1480 4790 1559 4833 ac
1598 4791 1967 4853 causarum,
2013 4771 2068 4834 si
2109 4771 2306 4857 quas¹
2352 4769 2578 4853 habet,
2634 4771 2932 4857 magistri
2988 4765 3226 4834 delibe-

384 4890 530 4933 rare
570 4877 635 4932 et
676 4866 898 4933 videre
943 4869 1216 4956 possint,
1260 4892 1343 4935 an
1390 4870 1474 4938 sit
1516 4893 1733 4936 secum
1774 4870 2005 4935 merito
2046 4868 2573 4957 dispensandum.
2637 4870 2964 4956 Reputant
3004 4876 3222 4933 autem
3313 4859 3322 4866 ’

384 4967 700 5054 magistri,
742 4965 1130 5053 legittimum
1171 4965 1701 5056 impedimentum
1741 4969 1882 5034 fore
1921 4968 2362 5034 infirmitatem
2407 4978 2519 5034 aut
2561 4968 2934 5034 absenciam
2973 4968 3099 5035 loci
3141 4991 3225 5034 ex

388 5088 586 5134 causa
620 5064 1012 5150 rationabili,
1055 5066 1161 5133 vel
1203 5067 1451 5157 aliquid
1494 5067 1670 5133 aliud
1711 5092 1831 5156 per
1872 5069 2242 5134 facultatem
2285 5066 2804 5156 approbandum.
3237 5077 3308 5136 40

557 5290 599 5344 ι.
635 5281 1008 5341 senentiam
1043 5283 1118 5340 ist
1150 5303 1300 5355 quos.
