4038 6358
1222 608 1416 664 basiare
1449 611 1545 663 auf
1577 614 1788 678 Herzog
1821 608 2032 679 Georgo
2067 614 2450 668 Reformation.
3183 614 3263 681 35

407 800 655 877 ctores,
694 791 1113 859 Maecenates
1158 816 1237 859 ac
1278 798 1539 882 patroni
1555 846 1572 878 ,
1618 817 1764 860 cum
1806 795 2062 882 geniale
2103 819 2182 861 ac
2222 793 2441 861 natale
2492 816 2713 860 eorum
2757 795 2966 861 solum
3006 796 3266 864 foecun-

411 890 569 955 dum
615 895 910 978 argenti,
955 894 1159 976 aeris,
1203 894 1463 981 frugum
1479 944 1497 977 ,
1542 896 1784 959 cereris
1826 892 2190 983 bacchique
2242 894 2605 960 ubertatem
2659 892 2840 959 velut
2900 916 2985 960 ex
3038 898 3266 984 copiae

406 1012 615 1056 cornu
670 991 1033 1057 effunderet
1093 993 1606 1081 corporibusque
1669 994 1917 1058 victum
1971 994 2221 1059 affatim
2278 992 2763 1106 suppeditaret,
2827 1014 2911 1057 ne
2962 992 3266 1061 liberales

407 1099 621 1174 artes,
666 1092 1033 1163 animorum
1073 1091 1318 1178 pabula
1360 1094 1902 1181 ingeniorumque
1942 1092 2265 1177 culturae,
2326 1094 2396 1157 in
2438 1114 2660 1157 eorum
2700 1092 2894 1157 terris
2941 1092 3258 1177 deessent,

406 1191 697 1275 genuino
735 1188 1054 1257 bonarum
1095 1193 1329 1258 artium
1372 1191 1606 1257 ardore
1646 1196 1824 1279 capti
1869 1201 1933 1258 et
1965 1192 2370 1274 inflammati,
2410 1215 2451 1255 a
2478 1193 2885 1257 sanctissimo
2909 1192 2978 1255 in
3001 1193 3261 1276 Christo
3280 1204 3314 1259 5

408 1297 603 1375 patre
642 1288 1021 1356 Alexandro
1066 1314 1271 1378 papa,
1316 1315 1471 1358 suae
1514 1290 1971 1379 appellationis
2014 1294 2239 1379 quinto
2257 1340 2275 1373 ,
2324 1293 2619 1376 precarie
2660 1289 3095 1376 obtinuerunt,
3140 1316 3265 1380 quo

408 1390 477 1452 in
520 1388 830 1475 Lipsensi
885 1389 1129 1477 oppido
1186 1391 1490 1476 generale
1544 1391 1868 1457 bonarum
1932 1393 2172 1456 artium
2228 1390 2644 1476 gymnasium
2701 1398 2764 1453 et
2818 1389 3074 1476 asylum
3120 1415 3265 1457 con-

407 1487 823 1571 stitueretur,
866 1488 954 1553 ad
997 1489 1173 1578 quod
1216 1513 1365 1556 cum
1408 1491 1520 1556 alii
1563 1502 1701 1555 tum
1741 1491 2113 1576 Pragenses
2127 1539 2145 1572 ,
2203 1487 2408 1553 natali
2458 1488 2765 1553 destituto
2820 1488 3093 1576 oppid0,
3135 1502 3241 1556 tur

408 1587 642 1650 matim
697 1587 1112 1654 advolabant.
1221 1590 1426 1656 Cuius
1489 1589 1684 1655 beata
1747 1592 1814 1655 in
1881 1589 2142 1657 Christo
2205 1589 2563 1675 paternitas
2637 1609 2786 1651 cum
2848 1588 3084 1654 fertilis
3148 1590 3269 1655 soli

411 1684 759 1771 oppidum,
806 1686 1181 1753 salubribus
1221 1689 1599 1772 esculentis,
1660 1689 1935 1755 candido
1979 1687 2383 1774 delicatoque
2427 1688 2766 1774 utriusque
2809 1692 3049 1753 cereris
3092 1711 3263 1776 pane
3289 1701 3351 1755 10

409 1786 809 1872 optimisque
838 1788 859 1828 ¹
903 1789 1186 1874 potagiis
1231 1810 1311 1853 ac
1351 1790 1630 1876 privatis
1677 1788 1912 1875 opibus
1957 1787 2333 1874 opulentum
2390 1793 2455 1850 et
2517 1787 2805 1851 amoenis
2861 1790 3264 1854 circumscri-

408 1892 601 1969 ptum
656 1883 819 1950 locis
833 1935 852 1969 ,
918 1885 1258 1953 Musarum
1303 1887 1535 1953 studiis
1576 1886 2114 1971 accommodatis,
2180 1886 2633 1972 comperisset,
2689 1887 3116 1972 ingenuarum
3160 1912 3262 1954 ar-

408 1983 575 2048 tium
620 1983 979 2070 palestram
1027 1996 1461 2073 opportunam
1501 1987 1641 2052 fore
1691 1987 1922 2052 sensit:

577 2117 878 2182 Primum
922 2118 1097 2206 quod
1134 2119 1270 2185 illic
1311 2142 1424 2185 aer
1469 2126 1640 2185 esset
1677 2128 2112 2206 temperatus,
2156 2140 2284 2205 quo
2302 2168 2321 2202 ‚
2364 2125 2437 2183 ut
2473 2117 2851 2184 Herodotus
2895 2122 2987 2185 ait
3006 2171 3025 2206 ,
3064 2123 3265 2189 robur

407 2216 660 2302 ingenii
691 2226 1034 2303 vegetatur
1075 2220 1420 2307 animaque
1462 2219 1844 2306 prudentior
1886 2217 2201 2283 redditur.
2282 2218 2458 2282 Hinc
2502 2218 2768 2283 solertes
2824 2219 3060 2306 Attici,
3117 2223 3257 2309 pin·
3284 2234 3345 2289 15

413 2336 579 2399 gues
622 2323 687 2379 et
729 2314 949 2382 obtusi
989 2316 1287 2382 Thebani
1332 2317 1453 2383 sub
1499 2341 1721 2384 crasso
1767 2317 1942 2385 coelo
1988 2317 2472 2404 praedicantur.

576 2446 840 2513 Deinde
883 2449 1057 2537 quod
1114 2450 1428 2540 oppidum
1492 2450 1617 2516 hoc
1668 2449 2024 2538 tranquilla
2076 2451 2401 2516 fineretur
2455 2472 2621 2537 pace
2633 2499 2652 2533 ,
2702 2471 2833 2536 qua
2887 2451 3136 2535 studia,
3191 2462 3265 2518 ut
3335 2464 3342 2487 ⁴

409 2556 629 2611 cetera
671 2549 918 2632 omnia,
960 2551 1206 2635 vigent.

577 2662 918 2730 Postremo
998 2666 1172 2754 quod
1240 2666 1591 2752 indigenae
1651 2665 1919 2732 urbanis
1985 2665 2278 2730 moribus
2300 2714 2320 2747 ,
2409 2665 2550 2729 sine
2612 2664 2851 2751 quibus
2925 2664 3265 2734 literarum

415 2762 727 2850 splendor
791 2761 1168 2849 obsolescit,
1240 2776 1305 2830 et
1359 2766 1762 2831 humanitate
1818 2763 2132 2852 praediti,
2210 2765 2580 2851 principum
2641 2786 2904 2829 suorum
2967 2766 3262 2855 exemplo
3282 2776 3352 2833 20

414 2861 642 2929 doctos
685 2884 916 2929 curare
956 2864 1392 2930 crederentur.

578 2977 674 3043 Et
718 2978 802 3044 ob
845 2979 917 3044 id
951 2980 1273 3067 Lipsense
1295 2981 1321 3023 ²
1362 2980 1811 3066 gymnasium,
1857 2979 1978 3044 deo
2022 2980 2305 3065 auspice,
2348 2977 2703 3062 roboravit,
2748 2979 3266 3046 corroboratum-

419 3099 547 3164 que
590 3100 723 3143 non
765 3078 1153 3164 vulgaribus
1196 3080 1591 3167 privilegiis,
1637 3077 2050 3144 libertatibus
2099 3088 2166 3142 et
2205 3076 2722 3151 immunitatibus
2769 3078 3034 3144 dotavit.
3121 3079 3267 3145 Hoc

413 3186 481 3241 et
539 3177 993 3243 sanctissimus
1048 3178 1118 3242 in
1156 3178 1417 3246 Christo
1475 3188 1664 3267 pater
1704 3177 2026 3243 Iohannes
2069 3199 2276 3264 papa,
2333 3200 2490 3242 suae
2532 3175 2989 3265 appellationis
3012 3176 3268 3260 XXIII,

412 3274 637 3341 multis
684 3275 1175 3343 canonicatibus
1220 3279 1500 3344 dotavit:
1565 3278 1740 3366 quod
1795 3286 1859 3342 et
1909 3276 2490 3342 reverendissimus
2542 3278 2611 3340 in
2656 3275 2913 3343 Christo
2958 3286 3145 3363 pater
3189 3299 3268 3342 ac
3285 3287 3352 3342 25

414 3372 747 3455 dominus,
790 3375 1105 3441 Melchior
1141 3377 1344 3465 Megk
1359 3428 1376 3461 ,
1418 3378 1601 3446 Rom.
1656 3373 1969 3442 ecclesiae
2024 3375 2409 3458 cardinalis,
2461 3399 2591 3441 non
2632 3377 2889 3461 exiguis
2928 3376 3269 3462 stipendiis

410 3469 859 3560 locupletavit.
882 3475 908 3517 ³
991 3475 1139 3556 Quo
1180 3477 1478 3542 effectum
1521 3486 1647 3560 est,
1690 3486 1763 3541 ut
1807 3478 1874 3541 in
1915 3497 1989 3540 eo
2031 3477 2318 3540 omnium
2359 3475 2740 3540 facultatum
2781 3473 2998 3541 studia
3037 3476 3267 3542 florue—

412 3572 545 3636 rint
588 3582 658 3636 et
700 3596 786 3638 ex
828 3596 923 3656 eo,
969 3574 1149 3641 velut
1194 3598 1280 3641 ex
1323 3599 1490 3664 equo
1534 3575 1843 3658 Troiano,
1888 3574 2090 3638 animi
2131 3573 2416 3639 facunda
2437 3577 2461 3616 ⁴
2504 3573 2864 3639 eruditione
2905 3585 2968 3640 et
3014 3575 3271 3640 erudita

414 3670 732 3736 facundia
776 3673 1230 3753 memorabiles
1271 3675 1633 3762 prodierint
1675 3675 1932 3762 aliaque
1972 3674 2104 3737 tria
2144 3695 2275 3738 non
2316 3672 2577 3739 obscuri
2618 3675 2897 3740 nominis
2925 3677 3272 3760 gymnasia

348 3759 353 3768 ¹
415 3768 622 3835 veluti
668 3792 752 3835 ex
793 3771 1018 3838 radice
1059 3773 1588 3859 pullulaverint:5
1669 3774 1975 3841 Ceterum
2027 3795 2177 3837 cum
2235 3772 2711 3838 illustrissimus
2751 3783 2816 3838 et
2854 3776 3269 3860 generosissi·
3287 3784 3357 3840 30

420 4101 543 4157 eine
580 4100 879 4158 Absehrift
910 4101 1106 4174 Vogel’
1107 4120 1133 4156 s
1162 4101 1238 4156 im
1272 4108 1401 4159 41811
1449 4102 1645 4159 Bande
1693 4103 1872 4158 8811181·
1924 4101 2458 4157 handschriftlichen
2508 4100 2895 4157 Collectaneen
2943 4101 3161 4159 B1.465
3197 4101 3274 4175 fg.

418 4185 549 4257 vgl.
585 4185 864 4242 Urkundl.
905 4184 1137 4252 Quellen
1172 4187 1227 4243 S.
1270 4192 1362 4242 731
1400 4203 1454 4241 ιι.
1485 4191 1599 4244 871.
1670 4187 1778 4242 Die
1800 4183 2094 4242 Abschrift
2123 4185 2318 4257 Vogel’
2320 4204 2345 4239 8
2373 4186 2445 4239 181
2470 4185 2707 4240 iiberaus
2733 4184 2971 4255 fliichtig
2992 4185 3274 4257 gefertigt.

421 4268 693 4326 Offenbar
746 4270 959 4325 konnte
992 4270 1171 4342 Vogel
1224 4287 1299 4324 an
1347 4271 1526 4326 vielen
1557 4270 1764 4327 Stellen
1800 4271 1901 4325 das
1935 4269 2079 4326 wohl
2111 4270 2213 4325 mit
2245 4256 2662 4341 Abhiirzungen
2706 4268 3093 4341 gcschriebene
3146 4269 3278 4325 oder

420 4352 732 4425 gedruekte
765 4352 1017 4424 Original
1048 4352 1206 4410 nicht
1238 4355 1403 4410 lesen.
1476 4354 1578 4412 Ich
1611 4355 1772 4427 habe,
1804 4373 1888 4411 wo
1921 4355 2055 4411 kein
2082 4352 2305 4410 Zweifel
2329 4353 2674 4409 obzuwalten
2700 4353 2906 4422 88111811,
2938 4352 3274 4408 stillschwei-

419 4437 567 4508 gend
603 4436 906 4508 gebesscrt.
975 4436 1250 4494 Zuweilen
1295 4438 1370 4492 ist
1402 4439 1595 4511 Vogel'
1597 4459 1624 4493 s
1667 4439 1869 4494 11681181
1901 4439 2175 4511 eilfertige
2209 4439 2379 4494 Hand
2411 4455 2556 4510 ganz
2594 4394 2939 4493 unleserlich.

569 4542 593 4593 1
640 4538 994 4607 extremssque
1014 4536 1141 4593 liest
1160 4538 1354 4610 Vogel,
1388 4538 1669 4593 vielleicht
1690 4541 1763 4596 ist
1797 4557 1869 4593 zu
1896 4540 2049 4594 lesen
2082 4540 2450 4610 extentaque,-
2487 4538 2589 4592 das
2611 4537 2804 4592 meiste
2834 4535 2948 4589 und
2970 4535 3126 4591 beste
3147 4535 3277 4590 Bier

423 4619 577 4674 ward
616 4619 917 4692 allerdings
950 4622 1009 4675 in
1042 4621 1282 4693 Leipzig
1316 4639 1424 4676 von
1464 4627 1732 4678 auswiirts
1769 4621 2104 4698 eingefiihrt,
2138 4621 2273 4678 aber
2305 4639 2365 4676 88
2397 4621 2549 4677 ward
2584 4619 2727 4675 doch
2762 4616 2908 4674 auch
2946 4617 3053 4673 viel
3087 4619 3145 4672 in
3177 4619 3277 4675 der

424 4701 591 4758 stadt
625 4702 800 4758 8811181
835 4703 1088 4775 gebrant.

560 4809 594 4860 2
628 4799 813 4874 Vogel
847 4803 1091 4860 schreibt
1125 4810 1263 4860 81818
1296 4806 1633 4877 &paim-vin
1688 4802 1980 4861 sicherlich
2027 4806 2192 4860 stand
2233 4804 2367 4861 aber
2402 4805 2461 4858 in
2498 4803 2678 4859 8811181·
2707 4801 2953 4874 Vorlage
2972 4802 3276 4874 Lipsemis,

423 4889 573 4945 deun
608 4883 701 4942 die
731 4887 903 4942 Form
936 4881 1251 4960 Lipmenm's
1283 4889 1355 4944 ist
1385 4890 1492 4943 mir
1524 4891 1583 4944 in
1617 4888 1716 4944 der
1751 4895 1933 4944 ersten
1972 4875 2166 4944 Halste
2198 4889 2296 4944 des
2321 4894 2413 4945 16.
2449 4886 2646 4942 Jahrb.
2682 4885 2840 4941 nicht
2870 4886 3160 4960 begegnet.

561 4993 593 5045 3
624 4987 710 5042 1111
743 4986 783 5042 J
785 4987 920 5043 ahre
960 4990 1308 5060 1503.Vg1.
1346 4988 1620 5046 Urkundl.
1659 4988 1892 5054 Quellen
1926 4988 1982 5044 S.
2019 4993 2145 5058 908,
2183 5006 2267 5044 wo
2300 4987 2488 5044 weiter
2524 4987 2820 5043 verwiesen
2855 4986 2942 5042 181.

557 5093 593 5142 4
610 5089 906 5159 facundia
937 5089 1134 5161 Vogel.

564 5193 596 5244 ὃ
634 5186 822 5244 Ueber
855 5188 990 5243 zwei
1029 5188 1181 5244 kann
1218 5189 1348 5243 kein
1400 5186 1622 5243 Zweifel
1676 5188 1819 5255 sein,
1864 5205 1925 5243 88
1972 5186 2096 5242 sind
2133 5186 2380 5244 Rostock
2412 5187 2590 5259 (1419)
2617 5185 2731 5239 und
2753 5183 3065 5240 Frankfurt
3092 5187 3282 5242 ander

430 5268 579 5325 Oder
613 5271 831 5343 (15⁰6);
872 5271 966 5327 die
996 5272 1164 5327 dritte
1195 5272 1269 5326 181
1304 5270 1760 5327 wahrscheinlich
1780 5271 2136 5343 Wittenberg
2158 5271 2352 5343 (1502),
2386 5268 2706 5327 schwerlich
2738 5269 3066 5327 Greifswald
3087 5270 3279 5342 (1456).

2864 5366 2899 5423 3
2917 5361 2941 5390 Φ
