4038 6358
824 565 943 627 576
1833 560 1934 608 Die
1982 559 2348 623 theologische
2384 559 2639 611 Facultfit.

986 740 1170 807 Haec
1212 741 1429 806 omnia
1479 742 1536 805 si
1588 742 2003 828 contemptim
2059 743 2411 828 praeterita
2463 743 2719 823 fuerint,
2761 741 3052 826 graviter
3094 737 3655 804 animadvertendi

821 844 891 906 in
928 840 1327 928 negligentes
1366 838 1661 905 facultati
1701 850 1797 923 et,
1839 842 1898 904 si
1941 863 2103 928 opus
2146 842 2369 924 fuerit,
2425 843 2619 906 etiam
2662 840 2899 905 rectori
2958 849 3024 903 et
3076 837 3335 926 publico
3392 837 3656 903 consilio

820 942 921 1005 ius
973 949 1037 1004 et
1089 948 1372 1027 potestas
1436 947 1593 1003 esto.
1698 939 1921 1025 Neque
1980 940 2150 1003 enim
2214 942 2404 1005 unius
2464 950 2577 1004 aut
2636 960 2988 1026 paucorum
3054 936 3456 1024 negligentia
3513 959 3657 1001 con·

822 1061 1078 1104 munem
1120 1060 1335 1103 rerum
1376 1039 1727 1124 perniciem
1770 1040 1910 1102 sine
1951 1040 2128 1103 noxa
2168 1038 2431 1104 tolerari
2470 1038 2700 1126 placet.

735 1299 769 1354 5
1699 1285 1820 1374 [Bl.
1850 1284 1952 1375 6⁸]
2008 1304 2317 1354 cassum
2358 1305 2790 1354 Anm'romm.

2028 1424 2071 1473 C
2083 1439 2159 1488 ap
2175 1434 2239 1475 ut
2277 1424 2449 1474 XVII.

990 1538 1378 1620 Quottannis
1436 1537 1629 1603 semel
1678 1548 1791 1603 aut
1831 1536 1932 1602 bis
1974 1537 2258 1605 decanus
2302 1548 2610 1605 convocet
2651 1536 2997 1621 auditores,
3040 1540 3151 1626 qui
3192 1559 3263 1603 se
3306 1537 3657 1624 praecipue

824 1639 1210 1705 dediderunt
1250 1637 1463 1703 studio
1508 1636 1873 1723 theologiae
1926 1648 1989 1702 et
2043 1637 2401 1722 aliquorum
2457 1638 2842 1703 industriam
2896 1637 3221 1726 exploret,
3280 1647 3345 1701 et
3395 1637 3659 1700 nomina

821 1762 1045 1805 eorum
1087 1738 1386 1804 adnotari
1431 1747 1640 1819 curet,
1683 1748 1787 1818 ut,
1833 1739 1887 1801 si
1932 1737 2191 1824 quando
2239 1738 2489 1802 vicinae
2534 1737 2846 1803 ecclesiae
2887 1748 3181 1825 pastores
3223 1758 3304 1801 ac
3348 1734 3655 1801 diaconos

743 1850 804 1905 10
821 1840 1135 1927 flagitent,
1180 1860 1264 1904 ex
1305 1859 1381 1902 eo
1424 1835 1761 1920 cathalogo
1806 1835 2057 1924 aliquos
2106 1836 2395 1902 indicare
2438 1840 2657 1923 possit.
2722 1838 3002 1902 Necesse
3037 1846 3136 1902 est
3167 1837 3361 1919 enim,
3403 1832 3654 1900 scholas

819 1941 1170 2005 seminaria
1212 1959 1353 2002 esse
1396 1936 1832 2001 ecclesiarum.
1933 1934 2022 2000 Et
2064 1935 2226 2001 haec
2265 1937 2411 2023 ipsa
2455 1935 2684 2001 decani
2728 1936 3066 2022 diligentia
3105 1936 3175 2001 in
3214 1932 3652 2001 convocandis

819 2037 1221 2104 scholasticis
1264 2046 1329 2101 et
1372 2030 1792 2123 explorandis
1839 2035 2068 2100 studiis
2112 2058 2337 2100 curam
2381 2036 2672 2101 discendi
2714 2037 2782 2100 in
2837 2036 3054 2101 multis
3106 2046 3315 2101 acuet.

990 2155 1218 2220 Visum
1272 2163 1370 2218 est
1425 2153 1546 2219 hoc
1603 2172 1888 2239 quoque,
1931 2154 2023 2234 ei,
2065 2174 2254 2238 quem
2300 2154 2617 2218 seniorem
2659 2165 2929 2237 vocant,
2986 2163 3049 2218 et
3102 2152 3368 2217 honoris
3425 2173 3652 2215 caussa

816 2268 882 2320 et
923 2256 1077 2342 quia
1130 2252 1300 2318 illius
1355 2274 1622 2340 operam
1676 2250 1904 2316 crebro
1963 2274 2118 2317 usus
2177 2252 2498 2339 postulat,
2552 2252 2822 2338 singulis
2878 2253 3067 2317 annis
3124 2250 3322 2316 tribui
3375 2250 3652 2316 florenos

736 2364 796 2420 ιε»
814 2355 1066 2441 viginti.

1935 2567 2174 2616 summ
2228 2567 2531 2617 NEGOCII.

2010 2687 2054 2736 C
2066 2702 2098 2736 a
2110 2702 2142 2750 p
2157 2703 2189 2736 n
2204 2696 2223 2736 t
2256 2687 2453 2737 XVIII.

978 2800 1281 2867 Omnium
1322 2799 1859 2887 gubernationum
1919 2802 1984 2864 in
2040 2803 2174 2865 vita
2229 2799 2584 2865 difficilima
2639 2808 2735 2864 est
2788 2799 3260 2882 ecclesiastica,
3315 2809 3381 2865 et
3444 2802 3646 2886 magis

816 2902 1041 2967 divina
1095 2923 1287 2986 quam
1342 2900 1638 2964 humana.
1743 2899 1897 2964 Ideo
1953 2922 2071 2964 nos
2125 2901 2339 2964 omnia
2396 2898 2648 2985 legibus
2705 2896 3045 2986 complecti
3101 2922 3229 2964 non
3292 2922 3644 2987 possumne.

732 3001 953 3067 zoSed
992 3001 1061 3065 hi
1108 3000 1422 3082 doctores,
1468 3022 1611 3063 cum
1653 2998 2076 3086 profiteantur
2117 2997 2295 3085 leges
2338 2999 2613 3063 traditas
2658 3020 2698 3061 a
2738 2999 3074 3085 prophetis
3118 3009 3181 3064 et
3222 2999 3539 3086 apostolis
3589 3008 3649 3063 et

813 3101 1081 3165 videant
1124 3100 1397 3163 formam
1439 3097 1929 3184 gubernationis
1976 3099 2045 3161 in
2102 3099 2426 3185 scriptura
2479 3097 2822 3178 traditam,
2880 3096 3047 3162 hanc
3101 3097 3444 3185 diligenter
3504 3121 3645 3163 con·

815 3199 1203 3287 templentur
1242 3209 1308 3263 et
1349 3201 1413 3262 in
1459 3199 1593 3262 suis
1632 3198 1920 3283 negociis
1961 3198 2310 3262 imitentur.
2373 3198 2450 3262 In
2489 3200 2713 3286 primis
2757 3207 2974 3263 autem
3018 3220 3403 3263 consensum
3448 3221 3647 3286 purae

814 3300 1148 3365 doctrinae
1190 3299 1357 3362 tueri
1402 3296 1703 3361 studeant
1746 3306 1807 3360 et
1850 3298 2056 3361 vitent
2097 3296 2444 3362 ambitiosa
2484 3301 2652 3361 inter
2693 3320 2763 3361 se
2807 3298 3190 3381 certamina3
3236 3320 3436 3386 saepe
3480 3300 3644 3362 enim

814 3398 1152 3463 ecclesiam
1193 3408 1257 3461 et
1295 3398 1569 3484 imperia
1611 3396 1993 3462 ambitiones
2039 3419 2284 3483 pravae
2301 3446 2319 3478 ,
2363 3396 2822 3463 aemulationes
2863 3409 2928 3462 et
2967 3398 3282 3463 factiones
3327 3409 3646 3466 eruerunt.

730 3523 796 3580 25
989 3513 1077 3577 Et
1141 3514 1318 3578 venit
1380 3512 1487 3577 hic
1547 3514 1616 3576 in
1677 3521 1955 3577 mentem
2017 3514 2193 3596 eius,
2261 3513 2436 3599 quod
2509 3515 2924 3578 sanciverunt
2987 3512 3359 3600 ingentibus
3424 3513 3647 3599 poenis

814 3616 1094 3679 maiores
1136 3614 1377 3695 nostri,
1418 3634 1502 3676 ne
1518 3660 1536 3695 ,
1581 3624 1652 3677 ut
1691 3634 1918 3698 saepe,
1960 3611 2358 3677 baccalaurii
2411 3612 2706 3677 doctores
2763 3615 2977 3678 saevis
3032 3611 3384 3678 adficerent
3429 3623 3644 3679 contu-

815 3712 1060 3795 meliis,
1125 3710 1239 3776 sed
1301 3711 1651 3777 secundum
1702 3711 2126 3776 iurisiurandi
2167 3710 2511 3777 formulam
2552 3722 2925 3777 reverenter
2966 3710 3296 3777 haberent.
3380 3713 3475 3776 At
3513 3734 3647 3793 nos,

817 3812 1227 3883 conscientiis
1261 3812 1564 3898 proprius
1600 3809 1958 3877 consultum
1990 3812 2322 3898 cupientes
2368 3834 2506 3895 nec,
2549 3811 2706 3898 quid
2752 3823 2816 3876 et
2853 3822 2990 3877 tum
3033 3814 3337 3895 evenerit,
3380 3833 3646 3899 prorsus

818 3912 1052 3996 ignari,
1091 3921 1396 3998 utrosque
1438 3908 1597 3974 illud
1630 3909 1820 3974 Pauli
1861 3908 2156 3975 iubemus
2199 3921 2272 3974 ut
2315 3933 2570 3997 semper
2615 3910 2901 3976 habeant
2935 3913 3002 3975 in
3047 3910 3249 3977 oculis
3297 3921 3361 3976 et
3403 3913 3646 3975 animo:

730 4020 799 4076 30
816 4009 1049 4094 „Filii,
1111 4009 1368 4075 obedite
1411 4008 1789 4096 parentibus
1831 4011 2064 4074 vestris
2107 4011 2174 4073 in
2214 4010 2512 4093 domino,
2576 4023 2639 4076 et
2692 4021 2944 4098 patrea,
2999 4010 3197 4076 nolite
3248 4009 3334 4075 ad
3397 4013 3646 4075 iracun-

818 4109 992 4173 diam
1036 4131 1394 4195 provocare
1436 4108 1602 4174 filios
1645 4119 1928 4191 vestros,
1970 4108 2086 4174 sed
2130 4108 2401 4175 educate
2442 4110 2590 4176 illos
2632 4112 2702 4174 in
2754 4110 3100 4197 disciplina
3143 4121 3207 4174 et
3249 4112 3647 4175 correctione

812 4208 1118 4274 domini.“

979 4307 1415 4395 Volumusque
1458 4306 1624 4390 ideo,
1666 4316 1755 4388 ut,
1801 4328 1944 4371 cum
1988 4308 2285 4373 doctrina
2325 4317 2519 4396 atque
2559 4310 2697 4373 vita
2738 4310 2871 4373 suis
2916 4319 3246 4395 praeeant,
3289 4308 3533 4374 nullum
3567 4308 3646 4374 de

816 4430 885 4474 se
923 4408 1319 4473 morositatis
1363 4416 1477 4473 aut
1515 4406 1880 4493 tyrannidis
1924 4407 2292 4496 exemplum
2335 4412 2613 4473 maiores
2656 4407 3046 4494 praebeant,
3094 4407 3208 4473 sed
3258 4411 3645 4495 gravitatem

735 4519 804 4575 35
823 4531 1004 4574 suam
1035 4509 1235 4572 animi
1269 4507 1653 4573 dexteritate
1683 4506 2073 4593 lenitateque
2112 4529 2364 4572 morum
2408 4519 2787 4595 exaequent,
2831 4507 3067 4594 quibus
3111 4509 3265 4574 solis
3307 4508 3644 4596 parabitur

822 4610 903 4674 iis
949 4606 1127 4694 apud
1171 4629 1322 4673 suos
1378 4606 1750 4672 authoritas.
1873 4605 2067 4686 Quod
2133 4608 2188 4671 si
2250 4609 2393 4694 quis
2463 4630 2619 4672 vero
2684 4630 2720 4672 e
2783 4608 3213 4674 studiosorum
3275 4630 3477 4695 grege
3537 4619 3645 4673 aut

820 4706 1398 4776 baccalaureorum
1460 4707 1824 4793 quempiam
1880 4727 1916 4770 e
1969 4704 2325 4773 maioribus
2367 4706 2732 4794 petulanter
2775 4703 3144 4790 offenderit,
3202 4706 3546 4795 collegium
3583 4719 3646 4773 et

821 4817 1053 4890 rector,
1099 4809 1154 4871 si
1193 4827 1357 4891 opus
1398 4806 1610 4888 fuerit,
1648 4804 1730 4870 de
1771 4804 1882 4870 illo
1926 4807 2023 4871 sic
2065 4827 2311 4892 poenas
2353 4815 2640 4890 sumant,
2696 4816 2767 4871 ut
2809 4829 2851 4871 a
2893 4808 3168 4872 caeteris
3207 4806 3514 4895 deinceps
3552 4809 3642 4872 in-

819 4906 1063 4973 violata
1104 4915 1400 4970 teneatur
1443 4906 1692 4970 aetatis.
1718 4915 1783 4969 et
1826 4926 2144 4991 personae
2196 4908 2560 4972 reverentia
2613 4916 2677 4971 et
2730 4905 3109 4971 authoritas.

734 5033 803 5089 40
986 5021 1370 5088 Auditorum
1428 5022 1620 5086 etiam
1678 5022 1940 5107 ingenia
1994 5020 2340 5087 observent
2392 5021 2721 5106 doctores,
2780 5033 2861 5105 et,
2907 5024 2962 5088 si
3007 5024 3148 5110 quis
3202 5024 3501 5111 petulans
3538 5024 3640 5090 de-

826 5120 1168 5187 lectabitur
1211 5122 1436 5208 pravis
1477 5120 1922 5207 opinionibus,
1975 5120 2146 5186 hunc
2184 5133 2485 5187 vocatum
2529 5121 2615 5186 ad
2656 5121 2998 5208 collegium
3044 5122 3435 5190 admoneant
3474 5134 3539 5190 et
3576 5126 3642 5188 in

826 5221 1000 5287 viam
1040 5230 1360 5303 revocent,
1406 5229 1813 5287 contumaces
1855 5242 2010 5286 vero
2056 5242 2279 5286 severe
2321 5222 2722 5289 coherceant.
2782 5221 2999 5288 Mores
3044 5226 3237 5290 etiam
3280 5223 3641 5292 auditorum
