4038 6358
846 576 967 641 392
1833 577 1933 629 Die
1969 576 2411 642 philosophische
2447 577 2705 630 Facultat-

841 758 1079 823 seniori
1137 756 1218 824 de
1275 759 1541 826 consilio
1601 757 1933 826 facultatis
1991 782 2117 847 quo
2171 760 2258 827 ad
2314 761 2708 827 exercicium
2768 761 3009 826 veteris
3074 761 3238 827 artis
3293 770 3358 827 et
3419 784 3533 850 quo
3581 764 3678 832 ad

840 881 1024 922 suam
1085 855 1455 942 lectionem,
1513 860 1570 924 si
1627 881 1822 948 quam
1882 859 2114 946 habet3
2185 869 2249 927 et
2304 861 2631 927 exercicia
2687 860 3002 944 serotina,
3060 869 3222 949 puta
3277 860 3676 949 phisicam-um,

840 957 1200 1023 ethicorum
1244 968 1310 1024 et
1346 959 1834 1047 metaphisicae,
1876 962 2331 1041 continuentur
2372 961 2460 1026 ad
2502 960 2773 1026 alteram
2828 958 3166 1028 dimidiam
3219 960 3463 1046 horam,
3507 964 3676 1032 vide·

844 1056 997 1123 lioet
1036 1080 1241 1146 usque
1284 1059 1371 1124 ad
1409 1058 1693 1126 medium
1737 1071 2008 1150 quartae
2048 1071 2113 1127 et
2152 1062 2416 1150 quintae
2457 1060 2779 1127 horarum.

755 1252 788 1307 5
1859 1252 1950 1313 12.
1993 1265 2067 1313 m
2111 1262 2674 1313 cmanARmUS.

1010 1394 1173 1460 Item
1217 1392 1495 1480 placuit,
1552 1402 1626 1458 ut
1677 1394 1891 1460 nullus
1947 1398 2408 1482 magistrorum
2461 1397 2528 1461 in
2571 1395 2799 1460 diebus
2849 1395 3330 1461 canicularibus
3378 1398 3678 1465 continuet

843 1515 1027 1558 suam
1070 1493 1416 1558 lectionem
1462 1493 1579 1558 sed
1633 1516 1777 1559 eam
1819 1517 2023 1580 usque
2065 1495 2152 1561 ad
2193 1495 2385 1560 finem
2427 1494 2798 1561 huiusmodi
2840 1493 3090 1561 dierum
3145 1495 3524 1582 suspendat,
3577 1520 3671 1563 ex-

844 1593 1051 1678 ceptis
1115 1591 1501 1659 lectionibus
1559 1592 1986 1680 phisicorum,
2048 1595 2613 1682 methaphysicae,
2674 1593 3085 1681 ethycorum,
3146 1594 3573 1682 polliticorum
3617 1609 3676 1664 et

843 1690 1157 1775 Euclidis,
1200 1715 1365 1779 quae
1409 1702 1680 1780 possunt
1722 1693 1808 1758 ad
1852 1694 2243 1782 quindenam
2288 1702 2352 1759 et
2391 1717 2522 1761 non
2554 1694 2724 1760 ultra
2763 1696 2831 1759 in
2873 1693 3227 1782 praedictis
3274 1693 3501 1760 diebus
3545 1719 3671 1762 con-

764 1800 829 1856 10
847 1792 1107 1874 tinuari,
1152 1792 1587 1879 computando
1628 1802 1843 1858 tamen
1889 1803 2143 1881 tempus
2183 1793 2438 1859 illarum
2482 1792 2826 1859 lectionum
2868 1793 2954 1857 ad
2995 1803 3253 1882 tempus
3291 1794 3357 1859 et
3394 1797 3672 1863 terminos

845 1891 1223 1976 earundem3
1291 1893 1617 1957 exercicia
1674 1901 1884 1958 autem
1948 1896 2086 1959 sine
2149 1894 2574 1981 suspensione
2627 1915 2745 1980 per
2801 1891 2947 1957 illos
3003 1892 3143 1958 dies
3202 1892 3444 1960 debent
3498 1896 3670 1961 conti-

842 2011 1052 2055 nuam.
1092 2026 1097 2033 -

1009 2091 1172 2156 Item
1238 2090 1509 2179 quilibet
1571 2092 2036 2177 magistrorum
2092 2094 2414 2180 recipiens
2478 2091 2876 2158 ordinarium
2935 2092 3261 2158 tenebitur
3313 2094 3526 2181 ipsum
3575 2118 3674 2183 per

848 2211 917 2253 se
961 2193 1337 2256 continuare
1390 2188 1495 2254 vel
1554 2191 1846 2256 facultati
1900 2201 2051 2257 ante
2110 2192 2341 2257 festum
2402 2190 2578 2257 Galli
2628 2191 2733 2256 vel
2797 2190 3069 2279 Georgii
3128 2194 3485 2280 resignare,
3540 2205 3596 2260 et
3631 2197 3676 2260 si

770 2297 833 2353 15
858 2288 1072 2376 aliquo
1102 2313 1258 2355 casu
1278 2286 1403 2376 [Sb]
1423 2289 1654 2374 aliquis
1683 2293 2145 2377 magistrorum
2175 2300 2325 2379 post
2350 2292 2779 2379 inceptionem
2810 2314 3125 2358 novarum
3156 2293 3501 2360 lectionum
3529 2297 3677 2361 simi-

842 2387 989 2453 liter
1041 2388 1257 2475 legere
1316 2389 1631 2476 inciperet
1685 2390 2087 2459 ordinarium
2140 2400 2204 2455 et
2257 2413 2386 2456 non
2442 2392 2847 2457 continuaret
2901 2416 3107 2482 usque
3162 2391 3247 2458 ad
3309 2392 3518 2478 finem,
3567 2419 3677 2462 non

845 2495 1059 2574 potest
1116 2487 1303 2554 alteri
1358 2491 1695 2575 resignare
1755 2490 1840 2555 ad
1897 2486 2432 2574 continuandum,
2493 2490 2606 2555 sed
2667 2499 2797 2556 stat
2851 2493 2919 2557 in
2975 2491 3326 2558 dictamine
3380 2495 3679 2561 facultatis

852 2587 1180 2653 residuum
1227 2589 1784 2654 continuandum.¹
1862 2589 1950 2654 Et
1994 2590 2262 2678 quilibet
2316 2591 2639 2677 recipiens
2682 2590 3083 2657 ordinarium
3122 2592 3448 2658 tenebitur
3488 2596 3682 2682 ipsum

851 2710 995 2752 cum
1040 2687 1251 2753 tribus
1295 2686 1707 2754 audientibus
1749 2688 1835 2754 ad
1873 2691 2087 2756 minus
2130 2692 2524 2757 continuare.

758 2880 827 2937 20
1731 2879 1827 2942 13.
1869 2892 1964 2939 DE
2006 2890 2802 2942 Paommc‘rm‘rmmns.

1014 3021 1176 3085 Item
1218 3020 1359 3085 fieri
1402 3044 1530 3086 non
1573 3021 1808 3088 debent
1849 3026 2324 3111 resumptiones
2367 3047 2487 3090 nec
2528 3026 3135 3111 pronuncciationes
3178 3025 3482 3113 publicae
3521 3027 3681 3094 horis

845 3144 965 3210 pro
1004 3117 1385 3185 lectionibus
1426 3130 1538 3186 aut
1585 3124 1925 3189 exerciciis
1973 3123 2320 3211 deputatis,
2365 3146 2484 3189 nec
2533 3124 2649 3190 sub
2696 3122 3133 3212 disputatione
3177 3129 3478 3195 serotina.

1006 3221 1170 3285 Item
1213 3219 1520 3309 deinceps
1561 3224 1873 3288 materiae
1918 3226 2289 3289 autenticae
2334 3227 2794 3312 magistrorum
2843 3225 3352 3313 approbatorum
3402 3237 3465 3293 et
3503 3228 3684 3294 famo-

850 3342 1067 3386 sorum
1120 3324 1578 3406 pronuncciari
1623 3322 1879 3406 debent,
1936 3345 2104 3409 quae
2159 3324 2340 3409 prius
2395 3347 2513 3410 per
2553 3323 2871 3391 decanum
2914 3334 2979 3391 et
3021 3328 3310 3392 seniores
3355 3327 3683 3409 facultatis,

765 3430 829 3485 25
850 3428 1197 3505 antequam
1239 3418 1502 3506 publice
1544 3425 2070 3509 pronuncientur,
2116 3423 2404 3509 conspici
2445 3422 2700 3490 debent.

1833 3612 1929 3673 14.
1989 3624 2084 3670 nn
2127 3623 2313 3671 AOTU
2355 3624 2723 3674 mennon.

1011 3754 1176 3818 Item
1220 3751 1493 3839 quilibet
1533 3756 2008 3841 magistrorum,
2041 3756 2267 3822 volens
2311 3780 2452 3822 esse
2496 3766 2645 3822 actu
2679 3780 2933 3844 regens,
2979 3757 3170 3824 debet
3209 3758 3502 3847 incipere
3533 3760 3686 3826 ordi-

847 3854 1103 3920 narium
1150 3873 1335 3917 suum
1380 3851 1739 3940 hyemalem
1785 3866 1935 3920 ante
1975 3857 2214 3922 festum
2259 3858 2544 3922 omnium
2588 3868 2990 3940 sanctorum,
3059 3867 3173 3922 aut
3216 3860 3429 3924 sancti
3469 3859 3686 3925 Iohan-

849 3954 952 4019 nis
995 3960 1145 4018 ante
1190 3962 1445 4037 portam
1487 3952 1757 4018 latinam
1801 3955 1885 4036 (6.
1908 3958 2073 4037 Mai)
2120 3978 2246 4041 quo
2273 3956 2358 4021 ad
2403 3958 2820 4022 mutationem
2849 3956 3246 4041 aestivalem,
3293 3960 3351 4024 si
3389 3982 3688 4047 praesens

768 4054 1080 4134 30fi1erit3
1129 4052 1185 4116 si
1232 4060 1445 4116 autem
1487 4052 1720 4118 absens
1764 4054 1976 4136 fuerit,
2018 4066 2171 4120 tunc
2215 4056 2372 4120 erit²
2413 4056 2538 4121 sibi
2570 4066 2826 4144 tempus
2856 4057 3213 4145 incipiendi
3241 4067 3305 4122 et
3337 4059 3688 4147 recipiendi

853 4160 1002 4217 ante
1029 4151 1269 4216 festum
1294 4153 1656 4218 nativitatis
1678 4152 1921 4220 Christi
1964 4156 2032 4219 in
2073 4155 2325 4242 hyeme,
2372 4165 2435 4220 et
2477 4165 2626 4220 ante
2667 4156 2902 4222 festum
2949 4158 3156 4222 sancti
3184 4156 3496 4223 Iohannis
3538 4158 3687 4247 bap-

848 4253 1042 4317 tistae
1084 4252 1152 4315 in
1195 4260 1457 4316 aestate.
1539 4252 1631 4317 Et
1670 4253 1991 4318 tenebitur
2052 4253 2322 4339 quilibet
2371 4254 2770 4320 ordinarium
2814 4279 3000 4322 suum
3055 4255 3273 4343 legere
3330 4256 3592 4344 publice
3629 4260 3691 4325 in

850 4349 1060 4432 scolis,
1096 4351 1225 4415 nisi
1258 4350 1503 4416 decano
1529 4353 1903 4436 constiterit,
1949 4353 2124 4441 quod
2166 4352 2504 4419 lectorium
2548 4353 2790 4421 habere
2829 4378 2958 4421 non
3000 4358 3272 4444 poterit3
3314 4357 3442 4423 isto
3487 4368 3690 4423 tamen

851 4473 1126 4533 annexo,
1186 4448 1358 4536 quod
1416 4453 1713 4537 magistri
1766 4474 1898 4517 non
1960 4454 2090 4517 sint
2140 4455 2423 4520 asstricti
2475 4463 2763 4542 tempore
2803 4457 3069 4522 aestatis
3124 4456 3210 4521 ad
3259 4457 3692 4545 recipiendum

763 4552 1153 4619 351ectiones
1212 4571 1332 4635 pro
1392 4549 1631 4634 gradu,
1686 4552 1848 4639 ipsis
1907 4553 1993 4618 ad
2048 4553 2308 4640 plenum
2363 4577 2493 4619 non
2551 4554 2946 4639 distributis,
3005 4557 3171 4621 sicut
3212 4558 3280 4621 in
3334 4555 3568 4643 hyeme
3608 4557 3689 4640 fit,

848 4648 1195 4815 dulmmodo
1256 4648 1481 4713 saltem
1545 4649 1746 4738 aliqui
1801 4654 2102 4738 magistri
2160 4654 2429 4738 fuerint,
2490 4656 2602 4743 qui
2663 4654 2971 4721 lectiones
3030 4678 3149 4742 pro
3204 4656 3421 4742 gradu
3484 4658 3689 4745 legere

844 4773 927 4816 vo
954 4751 1183 4816 uerint.

1006 5005 1026 5054 1
1072 4998 1445 5058 Geschrieben
1478 4996 1625 5053 steht
1658 4999 2045 5055 continuando.

1004 5089 1036 5140 2
1075 5083 1149 5140 So
1173 5086 1248 5139 ist
1279 5081 1668 5155 gescbrieben3
1702 5101 1833 5139 man
1870 5083 2086 5140 scheint
2121 5085 2300 5141 selber
2330 5085 2420 5141 die
2449 5085 2620 5144 altere
2641 5087 2992 5210 Abkiirzung
3026 5085 3119 5143 fur
3151 5090 3329 5144 eur-rit
3361 5089 3521 5146 nicht
3542 5089 3685 5147 mehr

851 5166 1090 5222 erkannt
1122 5186 1193 5224 zu
1227 5167 1425 5224 haben.
1478 5167 1606 5239 VgL
1644 5167 1785 5224 oben
1822 5167 1877 5225 S
1915 5174 2030 5240 313,
2066 5174 2147 5226 33.
