4038 6358
828 652 907 716 88
1782 653 1885 704 Die
1921 651 2161 703 Stamten
2197 666 2321 702 vom
2354 652 2519 703 Jahre
2560 658 2704 714 15⁴3,

825 834 1050 915 crevit,
1091 834 1432 916 neminem,
1472 855 1849 922 quocunque
1890 834 1957 896 in
2001 832 2144 899 loco
2184 844 2296 900 aut
2338 834 2675 921 dignitatis
2718 834 3159 923 honorumque
3196 832 3408 921 gradu
3449 833 3664 915 fuerit,

823 931 1013 997 huius
1059 930 1277 997 delicti
1339 935 1678 1016 convictus
1698 935 1747 1016 ¹,
1789 955 2134 1020 passuram
2189 957 2258 1000 se
2295 935 2679 1022 impunitum
2734 956 2892 999 esse.
2978 934 3181 999 Nemo
3223 935 3422 1020 igitur
3464 932 3671 998 ullum

824 1032 1166 1119 scriptum,
1211 1053 1337 1116 quo
1383 1030 1649 1098 alterius
1690 1034 1865 1098 fama
1905 1056 2025 1121 per
2063 1035 2366 1099 iniuriam
2402 1034 2582 1101 'laedi
2623 1034 3084 1122 proscindique
3128 1034 3366 1121 possit,
3410 1056 3668 1121 compo·

820 1139 952 1213 nat,
997 1130 1149 1196 edat
1191 1130 1358 1195 clam
1396 1131 1716 1218 palamve,
1759 1156 1966 1219 neque
2009 1136 2415 1221 componenti
2459 1145 2573 1200 aut
2614 1134 2833 1200 edenti
2854 1135 2881 1177 ²
2922 1134 3297 1223 praesentia
3335 1132 3671 1199 auxiliove

766 1240 798 1295 5
815 1253 929 1296 suo
973 1233 1154 1296 assit.
1242 1231 1417 1313 Quin
1475 1234 1668 1297 etiam
1730 1234 2021 1321 quisque,
2073 1256 2217 1298 cum
2271 1233 2643 1299 huiusmodi
2695 1235 2941 1322 scripta
2990 1234 3230 1299 viderit
3248 1283 3264 1314 ,
3329 1234 3386 1299 si
3437 1235 3665 1323 possit,

821 1329 1104 1396 tollendo
1149 1331 1582 1397 auferendove
1627 1335 1990 1420 supprimat
2032 1342 2144 1397 aut
2198 1346 2514 1399 rectorem
2576 1332 2657 1398 de
2711 1333 2835 1399 hac
2888 1357 2961 1400 re
3023 1335 3361 1400 certiorem
3414 1333 3665 1400 reddat,

821 1429 953 1511 Qui
994 1454 1122 1497 non
1160 1431 1388 1497 fecerit
1427 1433 1619 1520 quive
1659 1432 1873 1497 facere
1916 1431 2204 1497 volentes
2245 1432 2652 1519 prohibuerit
2696 1432 2843 1499 dolo
2886 1432 3081 1518 malo,
3125 1436 3182 1500 is
3223 1457 3499 1522 poenam
3536 1434 3664 1501 sibi

817 1530 1277 1616 gravissimam
1320 1531 1592 1597 arbitrio
1647 1531 1899 1597 consilii
1952 1531 2207 1619 publici
2257 1532 2700 1597 sustinendam
2740 1534 2937 1617 sciat,
2998 1533 3172 1620 quod
3213 1535 3431 1622 ipsum
3475 1544 3540 1599 et
3582 1533 3663 1599 de

814 1629 1166 1716 relegando
1221 1640 1285 1697 et
1338 1631 1419 1696 de
1480 1630 1883 1697 excludendo
1945 1653 2029 1696 ex
2079 1633 2499 1698 universitate
2561 1655 2680 1698 sua
2732 1632 2900 1700 tales
2956 1656 3076 1720 pro
3128 1656 3202 1699 re
3256 1642 3320 1698 et
3379 1656 3663 1721 persona

740 1738 804 1793 10
825 1728 1227 1796 deliberabit.

680 1839 703 1909 ι
1971 1899 2315 1952 statutum
2354 1900 2495 1951 XIV.

1644 2064 1738 2113 DE
1782 2064 2172 2114 BELEGATIS
2216 2066 2828 2117 INOBEDIENTIBUS.

988 2180 1368 2268 Quicunque
1417 2181 1740 2268 relegatus
1784 2180 1870 2246 ad
1915 2190 2128 2247 certos
2174 2204 2376 2248 annos
2418 2184 2593 2248 intra
2635 2183 2950 2272 oppidum
2992 2185 3164 2251 ultra
3205 2184 3376 2252 diem
3419 2185 3661 2252 disces-

821 2281 989 2347 sioni
1042 2280 1455 2369 praefinitum
1506 2283 1922 2364 remanserit,
1982 2282 2176 2369 quive
2231 2280 2571 2349 discedens
2620 2284 3010 2350 tumultuose
3053 2295 3168 2350 aut
3206 2286 3513 2353 inusitate
3552 2285 3658 2351 de-

737 2390 797 2445 15
818 2379 967 2445 duci
1012 2402 1155 2445 sese
1196 2382 1595 2468 permiserit,
1640 2382 1832 2469 quive
1877 2389 2030 2446 ante
2070 2379 2325 2447 finitum
2368 2405 2617 2471 poenae
2660 2393 2916 2472 tempus
2959 2387 3025 2450 in
3069 2385 3379 2473 oppidum
3420 2386 3661 2451 reverti

809 2503 1006 2547 ausus
1045 2481 1268 2563 fuerit,
1309 2481 1366 2545 is
1410 2479 1493 2545 ab
1532 2482 1677 2569 ipso
1721 2490 1993 2562 rectore,
2035 2481 2396 2549 inconsulto
2440 2482 2702 2569 publico
2764 2482 3053 2569 consilio,
3099 2485 3183 2550 ab
3228 2486 3658 2551 universitate

812 2591 1038 2647 nostra
1074 2588 1149 2645 ut
1188 2578 1548 2647 membrum
1583 2580 1927 2669 „putridum
1969 2581 2343 2649 exclusione
2385 2583 2809 2649 rescindatur.

1993 2838 2335 2903 statutum
2374 2839 2486 2890 XV.

1753 3005 1849 3052 DE
1890 3004 2126 3054 CAUSIS
2170 3003 2675 3054 CRIMINALIBUS.

726 3124 795 3182 20
980 3116 1085 3183 De
1129 3118 1341 3184 causis
1386 3117 1824 3185 criminalibus
1878 3119 2001 3187 hoc
2059 3121 2452 3187 constituere
2503 3122 2715 3186 visum
2773 3131 2908 3206 est,
2964 3131 3036 3188 ut
3095 3121 3533 3210 deprehensus
3589 3125 3658 3190 in

808 3216 1157 3283 homicidio
1200 3217 1285 3283 ad
1326 3220 1701 3307 episcopum
1762 3220 2088 3303 mittatur,
2141 3221 2427 3286 carceris
2476 3223 2771 3308 perpetui
2831 3244 3106 3310 poenam
3164 3222 3531 3308 habituruS,
3587 3225 3657 3289 in

808 3317 979 3383 furto
1026 3327 1241 3384 autem
1283 3318 1724 3406 deprehensus
1769 3319 1852 3384 ab
1896 3321 2318 3386 universitate
2354 3330 2584 3386 nostra
2610 3320 3011 3387 excludatur.
3076 3320 3144 3387 Si
3174 3322 3417 3390 fiirtmn
3440 3334 3657 3391 tamen

810 3417 1138 3505 singulare
1178 3429 1242 3484 et
1283 3420 1513 3505 ingens
1555 3419 1768 3503 fuerit,
1814 3422 2011 3486 etiam
2054 3418 2205 3486 talis
2248 3420 2354 3485 fur
2395 3419 2481 3485 ad
2524 3422 2901 3509 episcopum
2944 3422 3261 3487 mittatur.

1977 3654 2177 3705 Statu
2193 3662 2323 3706 tum
2367 3657 2510 3709 xvl.

720 3809 786 3866 25
1793 3822 1885 3869 DE
1935 3820 2415 3872 GESTANTLBUS
2458 3824 2661 3873 ARMA.

968 3949 1115 4016 Non
1157 3951 1493 4016 mittuntur
1536 3952 1663 4018 huc
1703 3951 1817 4018 ulli
1873 3952 1960 4018 ad
2014 3952 2358 4019 latrocinia
2401 3966 2516 4022 aut
2554 3978 2809 4043 pugnas
2855 3957 2970 4023 sed
3014 3958 3100 4023 ad
3144 3960 3348 4024 vitam
3395 3957 3654 4045 placide

804 4051 868 4114 in
926 4048 1155 4115 studiis
1209 4054 1600 4138 optimarum
1655 4054 1888 4118 artium
1952 4063 2016 4117 et
2069 4052 2485 4138 humanitatis
2542 4055 2923 4142 degendam.
3034 4057 3197 4139 Quis
3256 4060 3455 4145 igitur
3515 4079 3653 4123 esse

693 4195 698 4198 -
807 4150 1047 4237 poterit
1089 4173 1245 4214 usus
1289 4174 1615 4218 armorum
1631 4153 1665 4216 ⁶?
1749 4152 1973 4234 Quare
2015 4155 2258 4218 nemini
2302 4156 2585 4220 omnium
2635 4155 2722 4220 ad
2764 4158 3122 4243 perniciem
3164 4157 3429 4223 alterius
3470 4180 3653 4222 arma

799 4251 1234 4337 cuiuscunque
1274 4253 1530 4336 generis
1573 4262 1832 4338 gestare
1884 4259 2266 4318 concessum·
2319 4277 2461 4319 esse
2515 4253 2809 4321 volumus
2828 4305 2846 4339 ,
2899 4259 3222 4345 imprimis
3273 4256 3415 4340 illa,
3490 4279 3656 4345 quae

713 4359 783 4416 30
801 4347 1095 4416 celeriter
1119 4352 1367 4415 exitum
1389 4362 1502 4415 aut
1527 4350 1904 4417 horribilem
1939 4350 2287 4420 laesionem
2321 4355 2553 4420 afferre
2585 4353 2806 4439 solent,
2852 4365 2922 4420 ut
2955 4367 3107 4422 sunt
3142 4381 3356 4440 arcuS,
3399 4356 3649 4438 lancea,

799 4450 972 4515 ensis
1016 4460 1080 4513 et
1127 4472 1294 4538 quae
1338 4449 1736 4517 bombardae
1779 4460 1844 4514 et
1886 4473 2111 4518 cruces
2155 4475 2234 4518 ac
2278 4453 2649 4540 plumbatae
2674 4465 3006 4539 vocantur,
3052 4479 3176 4544 quo
3199 4456 3359 4521 nihil
3384 4456 3652 4523 honesto

797 4549 1206 4616 adolescente
1230 4550 1254 4591 ³
1296 4572 1379 4615 ex
1423 4572 1648 4616 eorum
1695 4554 2085 4638 praesertim
2133 4574 2431 4637 numero,
2489 4556 2599 4643 qui
2646 4578 2790 4619 cum
2832 4554 3070 4639 Musis,
3107 4555 3179 4621 id
3219 4567 3317 4622 est
3359 4557 3652 4623 humani·

797 4661 931 4716 tate
975 4660 1040 4715 et
1082 4648 1396 4730 doctrina,
1447 4651 1907 4716 commercium
1949 4650 2076 4716 sibi
2120 4674 2263 4718 esse
2304 4653 2535 4737 velint,
2575 4654 2907 4741 indignius
2950 4657 3099 4720 fieri
3142 4658 3369 4743 possit.
3453 4656 3653 4721 Veta-

797 4773 938 4816 mus
982 4751 1178 4814 etiam
1225 4771 1373 4814 cum
1413 4752 1611 4817 armis
1652 4748 2203 4839 qualibuscunque
2246 4754 2470 4820 accedi
2524 4753 2610 4819 ad
2665 4766 2983 4821 rectorem
3028 4765 3092 4822 et
3134 4755 3486 4822 consilium
3534 4779 3651 4845 pu-

719 4860 785 4917 35
805 4849 1047 4916 blicum
1093 4859 1158 4914 et
1194 4849 1264 4913 in
1301 4847 1447 4914 loca
1489 4848 1824 4918 doctrinae
1867 4852 2188 4939 publicae.

936 5156 960 5206 1
998 5150 1288 5222 Richtiger
1320 5155 1461 5206 ware
1497 5151 1811 5206 convictum.

931 5240 961 5290 2
989 5234 1168 5305 Vogel
1204 5235 1443 5290 schreibt
1478 5237 1840 5307 componendi
1874 5244 1973 5290 aut
2008 5238 2218 5292 edemii.

933 5324 964 5374 3
998 5318 1376 5376 Geschrieben
1417 5320 1567 5375 steht
1596 5321 1941 5377 adolescenti.
