<?xml version="1.0" encoding="UTF-8"?>
<!DOCTYPE html PUBLIC "-//W3C//DTD XHTML 1.0 Transitional//EN"
    "http://www.w3.org/TR/xhtml1/DTD/xhtml1-transitional.dtd">
<html xmlns="http://www.w3.org/1999/xhtml" xml:lang="en" lang="en">
 <head>
  <title>
</title>
<meta http-equiv="Content-Type" content="text/html;charset=utf-8" />
  <meta name='ocr-system' content='tesseract 3.04.00' />
  <meta name='ocr-capabilities' content='ocr_page ocr_carea ocr_par ocr_line ocrx_word'/>
</head>
<body>
  <div class='ocr_page' id='page_1' title='image "./diestatutenbche02leipgoog_0440.png"; bbox 0 0 4038 6358; ppageno 0'>
   <div class='ocr_carea' id='block_1_1' title="bbox 790 564 2643 634">
    <p class='ocr_par' dir='ltr' id='par_1_1' title="bbox 790 564 2643 634">
     <span class='ocr_line' id='line_1_1' title="bbox 790 564 2643 634; baseline -0.008 -3"><span class='ocrx_word' id='word_1_1' title='bbox 790 568 910 634; x_wconf 82' lang='grc'><strong>424</strong></span> <span class='ocrx_word' id='word_1_2' title='bbox 1768 564 1868 616; x_wconf 84' lang='lat' dir='ltr'><strong>Die</strong></span> <span class='ocrx_word' id='word_1_3' title='bbox 1903 564 2349 630; x_wconf 81' lang='lat' dir='ltr'><strong>philosophische</strong></span> <span class='ocrx_word' id='word_1_4' title='bbox 2387 565 2643 617; x_wconf 65' lang='lat' dir='ltr'><strong>Facultat.</strong></span> 
     </span>
    </p>
   </div>
   <div class='ocr_carea' id='block_1_2' title="bbox 709 745 3671 1833">
    <p class='ocr_par' dir='ltr' id='par_1_2' title="bbox 709 745 3671 1833">
     <span class='ocr_line' id='line_1_2' title="bbox 792 745 3669 837; baseline -0.001 -24"><span class='ocrx_word' id='word_1_5' title='bbox 792 748 943 814; x_wconf 88' lang='lat' dir='ltr'><strong>stris</strong></span> <span class='ocrx_word' id='word_1_6' title='bbox 997 745 1077 812; x_wconf 90' lang='lat' dir='ltr'><strong>de</strong></span> <span class='ocrx_word' id='word_1_7' title='bbox 1126 746 1340 833; x_wconf 86' lang='lat' dir='ltr'><strong>longis</strong></span> <span class='ocrx_word' id='word_1_8' title='bbox 1394 745 1798 832; x_wconf 88' lang='lat' dir='ltr'><strong>lectionibus,</strong></span> <span class='ocrx_word' id='word_1_9' title='bbox 1851 757 1922 813; x_wconf 92' lang='lat' dir='ltr'><strong>ut</strong></span> <span class='ocrx_word' id='word_1_10' title='bbox 1966 747 2382 837; x_wconf 88' lang='lat' dir='ltr'><strong>phisicorum,</strong></span> <span class='ocrx_word' id='word_1_11' title='bbox 2437 747 2811 830; x_wconf 82' lang='lat' dir='ltr'><strong>ethicorum,</strong></span> <span class='ocrx_word' id='word_1_12' title='bbox 2858 745 3152 814; x_wconf 87' lang='lat' dir='ltr'><strong>Euclidis</strong></span> <span class='ocrx_word' id='word_1_13' title='bbox 3168 797 3187 831; x_wconf 95' lang='lat'><strong>,</strong></span> <span class='ocrx_word' id='word_1_14' title='bbox 3247 757 3310 813; x_wconf 93' lang='lat' dir='ltr'><strong>et</strong></span> <span class='ocrx_word' id='word_1_15' title='bbox 3353 745 3454 813; x_wconf 82' lang='lat' dir='ltr'><strong>de</strong></span> <span class='ocrx_word' id='word_1_16' title='bbox 3507 766 3669 811; x_wconf 87' lang='lat' dir='ltr'><strong>con-</strong></span> 
     </span>
     <span class='ocr_line' id='line_1_3' title="bbox 791 845 3671 936; baseline -0.002 -23"><span class='ocrx_word' id='word_1_17' title='bbox 791 845 1193 913; x_wconf 87' lang='lat' dir='ltr'><strong>currentibus</strong></span> <span class='ocrx_word' id='word_1_18' title='bbox 1256 856 1320 912; x_wconf 87' lang='lat' dir='ltr'><strong>et</strong></span> <span class='ocrx_word' id='word_1_19' title='bbox 1384 847 1722 913; x_wconf 82' lang='lat' dir='ltr'><strong>exerciciis</strong></span> <span class='ocrx_word' id='word_1_20' title='bbox 1783 848 2231 935; x_wconf 87' lang='lat' dir='ltr'><strong>praecedentis</strong></span> <span class='ocrx_word' id='word_1_21' title='bbox 2291 850 2661 914; x_wconf 81' lang='lat' dir='ltr'><strong>mutationis</strong></span> <span class='ocrx_word' id='word_1_22' title='bbox 2721 846 2947 927; x_wconf 86' lang='lat' dir='ltr'><strong>sabato</strong></span> <span class='ocrx_word' id='word_1_23' title='bbox 3014 857 3163 936; x_wconf 89' lang='lat' dir='ltr'><strong>post</strong></span> <span class='ocrx_word' id='word_1_24' title='bbox 3217 845 3540 935; x_wconf 86' lang='lat' dir='ltr'><strong>Philippi</strong></span> <span class='ocrx_word' id='word_1_25' title='bbox 3604 853 3671 909; x_wconf 85' lang='lat' dir='ltr'><strong>et</strong></span> 
     </span>
     <span class='ocr_line' id='line_1_4' title="bbox 787 942 3671 1037; baseline -0.001 -24"><span class='ocrx_word' id='word_1_26' title='bbox 787 946 1061 1031; x_wconf 89' lang='lat' dir='ltr'><strong>Iacobi,¹</strong></span> <span class='ocrx_word' id='word_1_27' title='bbox 1106 945 1219 1012; x_wconf 86' lang='lat' dir='ltr'><strong>sed</strong></span> <span class='ocrx_word' id='word_1_28' title='bbox 1262 970 1383 1034; x_wconf 89' lang='lat' dir='ltr'><strong>pro</strong></span> <span class='ocrx_word' id='word_1_29' title='bbox 1426 946 1873 1013; x_wconf 88' lang='lat' dir='ltr'><strong>distribuenda</strong></span> <span class='ocrx_word' id='word_1_30' title='bbox 1915 949 2191 1037; x_wconf 88' lang='lat' dir='ltr'><strong>pecunia</strong></span> <span class='ocrx_word' id='word_1_31' title='bbox 2232 947 2454 1015; x_wconf 89' lang='lat' dir='ltr'><strong>debita</strong></span> <span class='ocrx_word' id='word_1_32' title='bbox 2495 948 2824 1033; x_wconf 81' lang='lat' dir='ltr'><strong>magistris</strong></span> <span class='ocrx_word' id='word_1_33' title='bbox 2868 970 2988 1035; x_wconf 91' lang='lat' dir='ltr'><strong>pro</strong></span> <span class='ocrx_word' id='word_1_34' title='bbox 3029 947 3425 1013; x_wconf 85' lang='lat' dir='ltr'><strong>lectionibus</strong></span> <span class='ocrx_word' id='word_1_35' title='bbox 3480 942 3671 1012; x_wconf 88' lang='lat' dir='ltr'><strong>ordi-</strong></span> 
     </span>
     <span class='ocr_line' id='line_1_5' title="bbox 789 1045 3666 1136; baseline -0 -25"><span class='ocrx_word' id='word_1_36' title='bbox 789 1047 992 1112; x_wconf 88' lang='lat' dir='ltr'><strong>nariis</strong></span> <span class='ocrx_word' id='word_1_37' title='bbox 1034 1045 1445 1112; x_wconf 87' lang='lat' dir='ltr'><strong>brevioribus</strong></span> <span class='ocrx_word' id='word_1_38' title='bbox 1491 1046 1717 1112; x_wconf 88' lang='lat' dir='ltr'><strong>sabato</strong></span> <span class='ocrx_word' id='word_1_39' title='bbox 1768 1057 1916 1134; x_wconf 87' lang='lat' dir='ltr'><strong>post</strong></span> <span class='ocrx_word' id='word_1_40' title='bbox 1952 1048 2411 1136; x_wconf 88' lang='lat' dir='ltr'><strong>Margarethae</strong></span> <span class='ocrx_word' id='word_1_41' title='bbox 2429 1062 2452 1132; x_wconf 85' lang='lat'><strong>3¹</strong></span> <span class='ocrx_word' id='word_1_42' title='bbox 2506 1050 2574 1113; x_wconf 92' lang='lat' dir='ltr'><strong>in</strong></span> <span class='ocrx_word' id='word_1_43' title='bbox 2626 1048 2835 1113; x_wconf 88' lang='lat' dir='ltr'><strong>hieme</strong></span> <span class='ocrx_word' id='word_1_44' title='bbox 2881 1056 3097 1114; x_wconf 88' lang='lat' dir='ltr'><strong>autem</strong></span> <span class='ocrx_word' id='word_1_45' title='bbox 3150 1070 3271 1134; x_wconf 89' lang='lat' dir='ltr'><strong>pro</strong></span> <span class='ocrx_word' id='word_1_46' title='bbox 3322 1045 3666 1133; x_wconf 85' lang='lat' dir='ltr'><strong>longiori-</strong></span> 
     </span>
     <span class='ocr_line' id='line_1_6' title="bbox 709 1145 3667 1236; baseline -0 -24"><span class='ocrx_word' id='word_1_47' title='bbox 709 1158 741 1212; x_wconf 87' lang='lat'>5</span> <span class='ocrx_word' id='word_1_48' title='bbox 792 1145 913 1212; x_wconf 78' lang='lat' dir='ltr'><strong>bus</strong></span> <span class='ocrx_word' id='word_1_49' title='bbox 956 1145 1336 1212; x_wconf 90' lang='lat' dir='ltr'><strong>lectionibus</strong></span> <span class='ocrx_word' id='word_1_50' title='bbox 1397 1156 1460 1211; x_wconf 91' lang='lat' dir='ltr'><strong>et</strong></span> <span class='ocrx_word' id='word_1_51' title='bbox 1514 1149 1850 1212; x_wconf 83' lang='lat' dir='ltr'><strong>exerciciis</strong></span> <span class='ocrx_word' id='word_1_52' title='bbox 1899 1157 1962 1213; x_wconf 88' lang='lat' dir='ltr'><strong>et</strong></span> <span class='ocrx_word' id='word_1_53' title='bbox 2015 1147 2541 1214; x_wconf 78' lang='lat' dir='ltr'><strong>concurrentibus</strong></span> <span class='ocrx_word' id='word_1_54' title='bbox 2585 1145 2813 1213; x_wconf 88' lang='lat' dir='ltr'><strong>sabato</strong></span> <span class='ocrx_word' id='word_1_55' title='bbox 2858 1157 3006 1236; x_wconf 90' lang='lat' dir='ltr'><strong>post</strong></span> <span class='ocrx_word' id='word_1_56' title='bbox 3048 1148 3332 1213; x_wconf 89' lang='lat' dir='ltr'><strong>omnium</strong></span> <span class='ocrx_word' id='word_1_57' title='bbox 3379 1154 3667 1212; x_wconf 84' lang='lat' dir='ltr'><strong>sancto-</strong></span> 
     </span>
     <span class='ocr_line' id='line_1_7' title="bbox 789 1244 3668 1334; baseline -0.001 -23"><span class='ocrx_word' id='word_1_58' title='bbox 789 1269 952 1329; x_wconf 87' lang='lat' dir='ltr'><strong>rum,</strong></span> <span class='ocrx_word' id='word_1_59' title='bbox 996 1268 1115 1334; x_wconf 90' lang='lat' dir='ltr'><strong>pro</strong></span> <span class='ocrx_word' id='word_1_60' title='bbox 1158 1244 1565 1312; x_wconf 89' lang='lat' dir='ltr'><strong>brevioribus</strong></span> <span class='ocrx_word' id='word_1_61' title='bbox 1612 1255 1825 1312; x_wconf 89' lang='lat' dir='ltr'><strong>autem</strong></span> <span class='ocrx_word' id='word_1_62' title='bbox 1867 1247 2249 1317; x_wconf 89' lang='lat' dir='ltr'><strong>lectionibus</strong></span> <span class='ocrx_word' id='word_1_63' title='bbox 2297 1248 2641 1314; x_wconf 88' lang='lat' dir='ltr'><strong>ordinariis</strong></span> <span class='ocrx_word' id='word_1_64' title='bbox 2685 1246 2909 1313; x_wconf 89' lang='lat' dir='ltr'><strong>sabato</strong></span> <span class='ocrx_word' id='word_1_65' title='bbox 2954 1256 3101 1334; x_wconf 89' lang='lat' dir='ltr'><strong>post</strong></span> <span class='ocrx_word' id='word_1_66' title='bbox 3143 1246 3668 1312; x_wconf 80' lang='lat' dir='ltr'><strong>conversionem</strong></span> 
     </span>
     <span class='ocr_line' id='line_1_8' title="bbox 791 1342 3665 1436; baseline -0 -26"><span class='ocrx_word' id='word_1_67' title='bbox 791 1344 996 1411; x_wconf 89' lang='lat' dir='ltr'><strong>Pauli.</strong></span> <span class='ocrx_word' id='word_1_68' title='bbox 1074 1345 1179 1410; x_wconf 93' lang='lat' dir='ltr'><strong>De</strong></span> <span class='ocrx_word' id='word_1_69' title='bbox 1225 1368 1354 1433; x_wconf 91' lang='lat' dir='ltr'><strong>qua</strong></span> <span class='ocrx_word' id='word_1_70' title='bbox 1393 1348 1854 1411; x_wconf 83' lang='lat' dir='ltr'><strong>convocatione</strong></span> <span class='ocrx_word' id='word_1_71' title='bbox 1901 1347 2094 1414; x_wconf 88' lang='lat' dir='ltr'><strong>debet</strong></span> <span class='ocrx_word' id='word_1_72' title='bbox 2148 1348 2419 1436; x_wconf 86' lang='lat' dir='ltr'><strong>quilibet</strong></span> <span class='ocrx_word' id='word_1_73' title='bbox 2468 1349 2926 1435; x_wconf 86' lang='lat' dir='ltr'><strong>magistrorum</strong></span> <span class='ocrx_word' id='word_1_74' title='bbox 2983 1345 3064 1411; x_wconf 90' lang='lat' dir='ltr'><strong>de</strong></span> <span class='ocrx_word' id='word_1_75' title='bbox 3118 1345 3390 1412; x_wconf 89' lang='lat' dir='ltr'><strong>consilio</strong></span> <span class='ocrx_word' id='word_1_76' title='bbox 3438 1342 3665 1410; x_wconf 83' lang='lat' dir='ltr'><strong>facul-</strong></span> 
     </span>
     <span class='ocr_line' id='line_1_9' title="bbox 792 1444 3664 1531; baseline -0 -22"><span class='ocrx_word' id='word_1_77' title='bbox 792 1446 944 1510; x_wconf 80' lang='lat' dir='ltr'><strong>tatis</strong></span> <span class='ocrx_word' id='word_1_78' title='bbox 988 1444 1228 1510; x_wconf 89' lang='lat' dir='ltr'><strong>habere</strong></span> <span class='ocrx_word' id='word_1_79' title='bbox 1258 1467 1456 1510; x_wconf 91' lang='lat' dir='ltr'><strong>unum</strong></span> <span class='ocrx_word' id='word_1_80' title='bbox 1497 1459 1575 1531; x_wconf 67' lang='lat' dir='ltr'><strong>qq.</strong></span> <span class='ocrx_word' id='word_1_81' title='bbox 1615 1469 1856 1511; x_wconf 90' lang='lat' dir='ltr'><strong>novum</strong></span> <span class='ocrx_word' id='word_1_82' title='bbox 1897 1446 1979 1512; x_wconf 91' lang='lat' dir='ltr'><strong>de</strong></span> <span class='ocrx_word' id='word_1_83' title='bbox 2021 1447 2343 1513; x_wconf 81' lang='lat' dir='ltr'><strong>facultate.</strong></span> <span class='ocrx_word' id='word_1_84' title='bbox 2422 1446 2614 1529; x_wconf 78' lang='lat' dir='ltr'><strong>Quod</strong></span> <span class='ocrx_word' id='word_1_85' title='bbox 2657 1448 2712 1512; x_wconf 95' lang='lat' dir='ltr'><strong>si</strong></span> <span class='ocrx_word' id='word_1_86' title='bbox 2757 1445 3059 1527; x_wconf 87' lang='lat' dir='ltr'><strong>decanus,</strong></span> <span class='ocrx_word' id='word_1_87' title='bbox 3098 1444 3274 1510; x_wconf 88' lang='lat' dir='ltr'><strong>nullo</strong></span> <span class='ocrx_word' id='word_1_88' title='bbox 3316 1444 3664 1531; x_wconf 85' lang='lat' dir='ltr'><strong>legittimo</strong></span> 
     </span>
     <span class='ocr_line' id='line_1_10' title="bbox 792 1543 3658 1633; baseline -0.001 -24"><span class='ocrx_word' id='word_1_89' title='bbox 792 1543 1252 1631; x_wconf 88' lang='lat' dir='ltr'><strong>impedimento</strong></span> <span class='ocrx_word' id='word_1_90' title='bbox 1295 1544 1664 1630; x_wconf 88' lang='lat' dir='ltr'><strong>impeditus,</strong></span> <span class='ocrx_word' id='word_1_91' title='bbox 1718 1546 1819 1611; x_wconf 89' lang='lat' dir='ltr'><strong>his</strong></span> <span class='ocrx_word' id='word_1_92' title='bbox 1866 1549 2123 1612; x_wconf 91' lang='lat' dir='ltr'><strong>statutis</strong></span> <span class='ocrx_word' id='word_1_93' title='bbox 2167 1545 2393 1613; x_wconf 89' lang='lat' dir='ltr'><strong>diebus</strong></span> <span class='ocrx_word' id='word_1_94' title='bbox 2435 1570 2565 1613; x_wconf 93' lang='lat' dir='ltr'><strong>non</strong></span> <span class='ocrx_word' id='word_1_95' title='bbox 2616 1546 2867 1627; x_wconf 89' lang='lat' dir='ltr'><strong>fecerit,</strong></span> <span class='ocrx_word' id='word_1_96' title='bbox 2925 1543 3005 1611; x_wconf 91' lang='lat' dir='ltr'><strong>de</strong></span> <span class='ocrx_word' id='word_1_97' title='bbox 3058 1544 3347 1633; x_wconf 89' lang='lat' dir='ltr'><strong>qualibet</strong></span> <span class='ocrx_word' id='word_1_98' title='bbox 3397 1565 3658 1609; x_wconf 87' lang='lat' dir='ltr'><strong>convo-</strong></span> 
     </span>
     <span class='ocr_line' id='line_1_11' title="bbox 716 1643 3661 1734; baseline -0.002 -23"><span class='ocrx_word' id='word_1_99' title='bbox 716 1654 778 1711; x_wconf 89' lang='grc'><strong>10</strong></span> <span class='ocrx_word' id='word_1_100' title='bbox 799 1645 1060 1709; x_wconf 90' lang='lat' dir='ltr'><strong>cacione</strong></span> <span class='ocrx_word' id='word_1_101' title='bbox 1099 1644 1561 1731; x_wconf 89' lang='lat' dir='ltr'><strong>praetermissa</strong></span> <span class='ocrx_word' id='word_1_102' title='bbox 1601 1644 1812 1710; x_wconf 89' lang='lat' dir='ltr'><strong>solvat</strong></span> <span class='ocrx_word' id='word_1_103' title='bbox 1854 1670 1972 1733; x_wconf 89' lang='lat' dir='ltr'><strong>pro</strong></span> <span class='ocrx_word' id='word_1_104' title='bbox 2016 1669 2229 1734; x_wconf 87' lang='lat' dir='ltr'><strong>poena</strong></span> <span class='ocrx_word' id='word_1_105' title='bbox 2272 1645 2607 1712; x_wconf 88' lang='lat' dir='ltr'><strong>dimidium</strong></span> <span class='ocrx_word' id='word_1_106' title='bbox 2649 1644 2964 1710; x_wconf 89' lang='lat' dir='ltr'><strong>florenum</strong></span> <span class='ocrx_word' id='word_1_107' title='bbox 3004 1644 3109 1709; x_wconf 89' lang='lat' dir='ltr'><strong>vel</strong></span> <span class='ocrx_word' id='word_1_108' title='bbox 3163 1644 3248 1709; x_wconf 90' lang='lat' dir='ltr'><strong>sit</strong></span> <span class='ocrx_word' id='word_1_109' title='bbox 3300 1651 3456 1731; x_wconf 89' lang='lat' dir='ltr'><strong>post</strong></span> <span class='ocrx_word' id='word_1_110' title='bbox 3501 1643 3661 1706; x_wconf 85' lang='lat' dir='ltr'><strong>fun-</strong></span> 
     </span>
     <span class='ocr_line' id='line_1_12' title="bbox 796 1742 3500 1833; baseline -0 -24"><span class='ocrx_word' id='word_1_111' title='bbox 796 1753 968 1809; x_wconf 88' lang='lat' dir='ltr'><strong>ctum</strong></span> <span class='ocrx_word' id='word_1_112' title='bbox 1008 1766 1191 1808; x_wconf 89' lang='lat' dir='ltr'><strong>suum</strong></span> <span class='ocrx_word' id='word_1_113' title='bbox 1235 1742 1516 1809; x_wconf 89' lang='lat' dir='ltr'><strong>officium</strong></span> <span class='ocrx_word' id='word_1_114' title='bbox 1558 1745 1700 1832; x_wconf 89' lang='lat' dir='ltr'><strong>ipso</strong></span> <span class='ocrx_word' id='word_1_115' title='bbox 1739 1744 1909 1810; x_wconf 86' lang='lat' dir='ltr'><strong>facto</strong></span> <span class='ocrx_word' id='word_1_116' title='bbox 1955 1768 2326 1833; x_wconf 89' lang='lat' dir='ltr'><strong>suspensus,</strong></span> <span class='ocrx_word' id='word_1_117' title='bbox 2366 1767 2694 1832; x_wconf 86' lang='lat' dir='ltr'><strong>quousque</strong></span> <span class='ocrx_word' id='word_1_118' title='bbox 2742 1742 3004 1808; x_wconf 91' lang='lat' dir='ltr'><strong>solverit</strong></span> <span class='ocrx_word' id='word_1_119' title='bbox 3047 1766 3193 1808; x_wconf 92' lang='lat' dir='ltr'><strong>cum</strong></span> <span class='ocrx_word' id='word_1_120' title='bbox 3236 1743 3500 1809; x_wconf 88' lang='lat' dir='ltr'><strong>effectu.</strong></span> 
     </span>
    </p>
   </div>
   <div class='ocr_carea' id='block_1_3' title="bbox 1504 1910 2924 1979">
    <p class='ocr_par' dir='ltr' id='par_1_3' title="bbox 1504 1910 2924 1979">
     <span class='ocr_line' id='line_1_13' title="bbox 1504 1910 2924 1979; baseline 0 -2"><span class='ocrx_word' id='word_1_121' title='bbox 1504 1918 1598 1977; x_wconf 84' lang='lat'><strong>17.</strong></span> <span class='ocrx_word' id='word_1_122' title='bbox 1640 1929 1735 1976; x_wconf 83' lang='lat' dir='ltr'><strong>DE</strong></span> <span class='ocrx_word' id='word_1_123' title='bbox 1778 1929 1977 1978; x_wconf 77' lang='lat' dir='ltr'><strong>MODO</strong></span> <span class='ocrx_word' id='word_1_124' title='bbox 2021 1929 2520 1979; x_wconf 76' lang='lat' dir='ltr'>DISTRIBUENDI</span> <span class='ocrx_word' id='word_1_125' title='bbox 2557 1910 2924 1977; x_wconf 71' lang='lat' dir='ltr'><strong>PE‘CUNIAM.</strong></span> 
     </span>
    </p>
   </div>
   <div class='ocr_carea' id='block_1_4' title="bbox 710 2041 3651 2828">
    <p class='ocr_par' dir='ltr' id='par_1_4' title="bbox 710 2041 3651 2828">
     <span class='ocr_line' id='line_1_14' title="bbox 953 2041 3651 2131; baseline 0 -24"><span class='ocrx_word' id='word_1_126' title='bbox 953 2042 1269 2128; x_wconf 81' lang='lat' dir='ltr'><strong>Magister</strong></span> <span class='ocrx_word' id='word_1_127' title='bbox 1313 2053 1537 2131; x_wconf 91' lang='lat' dir='ltr'><strong>petens</strong></span> <span class='ocrx_word' id='word_1_128' title='bbox 1584 2045 1927 2131; x_wconf 90' lang='lat' dir='ltr'><strong>pecuniam</strong></span> <span class='ocrx_word' id='word_1_129' title='bbox 1986 2043 2179 2110; x_wconf 90' lang='lat' dir='ltr'><strong>debet</strong></span> <span class='ocrx_word' id='word_1_130' title='bbox 2227 2044 2520 2111; x_wconf 83' lang='lat' dir='ltr'><strong>facultati</strong></span> <span class='ocrx_word' id='word_1_131' title='bbox 2579 2052 2997 2131; x_wconf 89' lang='lat' dir='ltr'><strong>praesentare</strong></span> <span class='ocrx_word' id='word_1_132' title='bbox 3055 2066 3241 2108; x_wconf 87' lang='lat' dir='ltr'><strong>suam</strong></span> <span class='ocrx_word' id='word_1_133' title='bbox 3301 2041 3651 2109; x_wconf 79' lang='lat' dir='ltr'><strong>scedulam</strong></span> 
     </span>
     <span class='ocr_line' id='line_1_15' title="bbox 792 2142 3646 2232; baseline -0.001 -23"><span class='ocrx_word' id='word_1_134' title='bbox 792 2142 1153 2209; x_wconf 87' lang='lat' dir='ltr'><strong>auditorum</strong></span> <span class='ocrx_word' id='word_1_135' title='bbox 1195 2165 1474 2227; x_wconf 89' lang='lat' dir='ltr'><strong>suorum,</strong></span> <span class='ocrx_word' id='word_1_136' title='bbox 1519 2142 1867 2209; x_wconf 87' lang='lat' dir='ltr'><strong>secundum</strong></span> <span class='ocrx_word' id='word_1_137' title='bbox 1911 2143 2200 2209; x_wconf 88' lang='lat' dir='ltr'><strong>ordinem</strong></span> <span class='ocrx_word' id='word_1_138' title='bbox 2240 2143 2574 2232; x_wconf 83' lang='lat' dir='ltr'><strong>alphabeti</strong></span> <span class='ocrx_word' id='word_1_139' title='bbox 2617 2142 3080 2227; x_wconf 88' lang='lat' dir='ltr'><strong>ordinatorum,</strong></span> <span class='ocrx_word' id='word_1_140' title='bbox 3121 2146 3189 2209; x_wconf 89' lang='lat' dir='ltr'><strong>in</strong></span> <span class='ocrx_word' id='word_1_141' title='bbox 3214 2166 3362 2231; x_wconf 88' lang='lat' dir='ltr'><strong>qua,</strong></span> <span class='ocrx_word' id='word_1_142' title='bbox 3408 2164 3646 2208; x_wconf 87' lang='lat' dir='ltr'><strong>secun-</strong></span> 
     </span>
     <span class='ocr_line' id='line_1_16' title="bbox 714 2240 3646 2331; baseline -0 -24"><span class='ocrx_word' id='word_1_143' title='bbox 714 2252 774 2308; x_wconf 84' lang='lat'><strong>15</strong></span> <span class='ocrx_word' id='word_1_144' title='bbox 794 2241 945 2307; x_wconf 89' lang='lat' dir='ltr'><strong>dum</strong></span> <span class='ocrx_word' id='word_1_145' title='bbox 988 2240 1160 2331; x_wconf 89' lang='lat' dir='ltr'><strong>quod</strong></span> <span class='ocrx_word' id='word_1_146' title='bbox 1199 2243 1467 2308; x_wconf 85' lang='lat' dir='ltr'><strong>inferius</strong></span> <span class='ocrx_word' id='word_1_147' title='bbox 1511 2244 1827 2319; x_wconf 81' lang='lat' dir='ltr'><strong>statuitur,</strong></span> <span class='ocrx_word' id='word_1_148' title='bbox 1879 2242 2319 2329; x_wconf 88' lang='lat' dir='ltr'><strong>negligencias</strong></span> <span class='ocrx_word' id='word_1_149' title='bbox 2361 2254 2426 2309; x_wconf 90' lang='lat' dir='ltr'><strong>et</strong></span> <span class='ocrx_word' id='word_1_150' title='bbox 2475 2242 2761 2308; x_wconf 86' lang='lat' dir='ltr'><strong>defectus</strong></span> <span class='ocrx_word' id='word_1_151' title='bbox 2813 2252 2879 2308; x_wconf 89' lang='lat' dir='ltr'><strong>et</strong></span> <span class='ocrx_word' id='word_1_152' title='bbox 2930 2252 3185 2330; x_wconf 87' lang='lat' dir='ltr'><strong>tempus</strong></span> <span class='ocrx_word' id='word_1_153' title='bbox 3225 2241 3646 2307; x_wconf 76' lang='lat' dir='ltr'><strong>visitacionis</strong></span> 
     </span>
     <span class='ocr_line' id='line_1_17' title="bbox 794 2340 3643 2428; baseline -0.001 -21"><span class='ocrx_word' id='word_1_154' title='bbox 794 2342 1219 2427; x_wconf 87' lang='lat' dir='ltr'><strong>consignavit,</strong></span> <span class='ocrx_word' id='word_1_155' title='bbox 1263 2351 1325 2407; x_wconf 89' lang='lat' dir='ltr'><strong>et</strong></span> <span class='ocrx_word' id='word_1_156' title='bbox 1364 2341 1658 2407; x_wconf 88' lang='lat' dir='ltr'><strong>similiter</strong></span> <span class='ocrx_word' id='word_1_157' title='bbox 1700 2343 1997 2408; x_wconf 89' lang='lat' dir='ltr'><strong>visitator</strong></span> <span class='ocrx_word' id='word_1_158' title='bbox 2041 2366 2258 2426; x_wconf 82' lang='lat' dir='ltr'><strong>suam3</strong></span> <span class='ocrx_word' id='word_1_159' title='bbox 2317 2353 2381 2408; x_wconf 92' lang='lat' dir='ltr'><strong>et</strong></span> <span class='ocrx_word' id='word_1_160' title='bbox 2436 2342 2667 2409; x_wconf 85' lang='lat' dir='ltr'><strong>ambae</strong></span> <span class='ocrx_word' id='word_1_161' title='bbox 2722 2340 2961 2407; x_wconf 90' lang='lat' dir='ltr'><strong>debent</strong></span> <span class='ocrx_word' id='word_1_162' title='bbox 3012 2341 3170 2428; x_wconf 87' lang='lat' dir='ltr'><strong>legi,</strong></span> <span class='ocrx_word' id='word_1_163' title='bbox 3227 2352 3302 2406; x_wconf 89' lang='lat' dir='ltr'><strong>ut</strong></span> <span class='ocrx_word' id='word_1_164' title='bbox 3352 2340 3643 2406; x_wconf 77' lang='lat' dir='ltr'><strong>facultas</strong></span> 
     </span>
     <span class='ocr_line' id='line_1_18' title="bbox 793 2438 3648 2530; baseline -0.002 -22"><span class='ocrx_word' id='word_1_165' title='bbox 793 2440 1114 2528; x_wconf 88' lang='lat' dir='ltr'><strong>intelligat</strong></span> <span class='ocrx_word' id='word_1_166' title='bbox 1157 2441 1568 2527; x_wconf 86' lang='lat' dir='ltr'><strong>diligenciam</strong></span> <span class='ocrx_word' id='word_1_167' title='bbox 1599 2452 2037 2530; x_wconf 88' lang='lat' dir='ltr'><strong>utrorumque.</strong></span> <span class='ocrx_word' id='word_1_168' title='bbox 2083 2442 2153 2508; x_wconf 86' lang='lat' dir='ltr'><strong>Si</strong></span> <span class='ocrx_word' id='word_1_169' title='bbox 2196 2452 2349 2507; x_wconf 91' lang='lat' dir='ltr'><strong>tunc</strong></span> <span class='ocrx_word' id='word_1_170' title='bbox 2387 2440 2972 2528; x_wconf 88' lang='lat' dir='ltr'><strong>irreprehensibilis</strong></span> <span class='ocrx_word' id='word_1_171' title='bbox 3013 2441 3396 2524; x_wconf 88' lang='lat' dir='ltr'><strong>invenietur,</strong></span> <span class='ocrx_word' id='word_1_172' title='bbox 3443 2438 3648 2505; x_wconf 87' lang='lat' dir='ltr'><strong>debet</strong></span> 
     </span>
     <span class='ocr_line' id='line_1_19' title="bbox 798 2539 3637 2629; baseline -0.002 -21"><span class='ocrx_word' id='word_1_173' title='bbox 798 2542 923 2608; x_wconf 90' lang='lat' dir='ltr'><strong>sibi</strong></span> <span class='ocrx_word' id='word_1_174' title='bbox 967 2542 1247 2629; x_wconf 88' lang='lat' dir='ltr'><strong>pecunia</strong></span> <span class='ocrx_word' id='word_1_175' title='bbox 1289 2564 1409 2607; x_wconf 88' lang='lat' dir='ltr'><strong>sua</strong></span> <span class='ocrx_word' id='word_1_176' title='bbox 1455 2540 1631 2625; x_wconf 88' lang='lat' dir='ltr'><strong>dari,</strong></span> <span class='ocrx_word' id='word_1_177' title='bbox 1686 2540 1978 2606; x_wconf 89' lang='lat' dir='ltr'><strong>detracta</strong></span> <span class='ocrx_word' id='word_1_178' title='bbox 2027 2551 2186 2608; x_wconf 86' lang='lat' dir='ltr'><strong>taxa</strong></span> <span class='ocrx_word' id='word_1_179' title='bbox 2246 2551 2310 2606; x_wconf 90' lang='lat' dir='ltr'><strong>et</strong></span> <span class='ocrx_word' id='word_1_180' title='bbox 2365 2550 2622 2607; x_wconf 85' lang='lat' dir='ltr'><strong>servato</strong></span> <span class='ocrx_word' id='word_1_181' title='bbox 2679 2540 2946 2607; x_wconf 84' lang='lat' dir='ltr'><strong>denario</strong></span> <span class='ocrx_word' id='word_1_182' title='bbox 3003 2563 3172 2606; x_wconf 93' lang='lat' dir='ltr'><strong>novo</strong></span> <span class='ocrx_word' id='word_1_183' title='bbox 3224 2563 3345 2627; x_wconf 89' lang='lat' dir='ltr'><strong>pro</strong></span> <span class='ocrx_word' id='word_1_184' title='bbox 3403 2539 3637 2604; x_wconf 89' lang='lat' dir='ltr'><strong>inscri-</strong></span> 
     </span>
     <span class='ocr_line' id='line_1_20' title="bbox 790 2637 3639 2729; baseline -0.002 -21"><span class='ocrx_word' id='word_1_185' title='bbox 790 2641 1019 2708; x_wconf 88' lang='lat' dir='ltr'><strong>bendo.</strong></span> <span class='ocrx_word' id='word_1_186' title='bbox 1100 2639 1170 2705; x_wconf 85' lang='lat' dir='ltr'><strong>Si</strong></span> <span class='ocrx_word' id='word_1_187' title='bbox 1216 2650 1428 2706; x_wconf 89' lang='lat' dir='ltr'><strong>autem</strong></span> <span class='ocrx_word' id='word_1_188' title='bbox 1470 2640 1997 2728; x_wconf 87' lang='lat' dir='ltr'><strong>reprehensibilis</strong></span> <span class='ocrx_word' id='word_1_189' title='bbox 2044 2637 2147 2729; x_wconf 84' lang='lat'><strong>[24</strong></span> <span class='ocrx_word' id='word_1_190' title='bbox 2160 2639 2214 2728; x_wconf 79' lang='lat' dir='ltr'><strong>b]</strong></span> <span class='ocrx_word' id='word_1_191' title='bbox 2256 2641 2641 2722; x_wconf 88' lang='lat' dir='ltr'><strong>invenietur,</strong></span> <span class='ocrx_word' id='word_1_192' title='bbox 2684 2640 2788 2706; x_wconf 91' lang='lat' dir='ltr'><strong>vel</strong></span> <span class='ocrx_word' id='word_1_193' title='bbox 2832 2649 3058 2728; x_wconf 90' lang='lat' dir='ltr'><strong>petens</strong></span> <span class='ocrx_word' id='word_1_194' title='bbox 3100 2641 3446 2728; x_wconf 89' lang='lat' dir='ltr'><strong>pecuniam</strong></span> <span class='ocrx_word' id='word_1_195' title='bbox 3491 2639 3639 2703; x_wconf 89' lang='lat' dir='ltr'><strong>sive</strong></span> 
     </span>
     <span class='ocr_line' id='line_1_21' title="bbox 710 2739 2645 2828; baseline -0.001 -20"><span class='ocrx_word' id='word_1_196' title='bbox 710 2743 1111 2824; x_wconf 80' lang='lat' dir='ltr'><strong>20visitator,</strong></span> <span class='ocrx_word' id='word_1_197' title='bbox 1151 2749 1426 2828; x_wconf 78' lang='lat' dir='ltr'><strong>uterque</strong></span> <span class='ocrx_word' id='word_1_198' title='bbox 1459 2763 1580 2828; x_wconf 89' lang='lat' dir='ltr'><strong>pro</strong></span> <span class='ocrx_word' id='word_1_199' title='bbox 1623 2739 1934 2828; x_wconf 83' lang='lat' dir='ltr'><strong>qualitate</strong></span> <span class='ocrx_word' id='word_1_200' title='bbox 1974 2754 2279 2806; x_wconf 87' lang='lat' dir='ltr'><strong>excessus</strong></span> <span class='ocrx_word' id='word_1_201' title='bbox 2323 2741 2645 2827; x_wconf 87' lang='lat' dir='ltr'><strong>puniatur.</strong></span> 
     </span>
    </p>
   </div>
   <div class='ocr_carea' id='block_1_5' title="bbox 1804 2912 2617 2975">
    <p class='ocr_par' dir='ltr' id='par_1_5' title="bbox 1804 2912 2617 2975">
     <span class='ocr_line' id='line_1_22' title="bbox 1804 2912 2617 2975; baseline 0.001 -2"><span class='ocrx_word' id='word_1_202' title='bbox 1804 2912 1894 2975; x_wconf 89' lang='lat'><strong>18.</strong></span> <span class='ocrx_word' id='word_1_203' title='bbox 1935 2925 2031 2972; x_wconf 77' lang='lat' dir='ltr'><strong>nn</strong></span> <span class='ocrx_word' id='word_1_204' title='bbox 2074 2924 2617 2974; x_wconf 79' lang='lat' dir='ltr'><strong>vlslTATORIBUS.</strong></span> 
     </span>
    </p>
   </div>
   <div class='ocr_carea' id='block_1_6' title="bbox 714 3038 3630 4618">
    <p class='ocr_par' dir='ltr' id='par_1_6' title="bbox 797 3038 3630 3327">
     <span class='ocr_line' id='line_1_23' title="bbox 959 3038 3630 3127; baseline -0 -24"><span class='ocrx_word' id='word_1_205' title='bbox 959 3039 1345 3104; x_wconf 88' lang='lat' dir='ltr'><strong>Visitatores</strong></span> <span class='ocrx_word' id='word_1_206' title='bbox 1390 3038 1626 3105; x_wconf 89' lang='lat' dir='ltr'><strong>debent</strong></span> <span class='ocrx_word' id='word_1_207' title='bbox 1680 3042 1896 3106; x_wconf 89' lang='lat' dir='ltr'><strong>statim</strong></span> <span class='ocrx_word' id='word_1_208' title='bbox 1947 3047 2099 3127; x_wconf 89' lang='lat' dir='ltr'><strong>post</strong></span> <span class='ocrx_word' id='word_1_209' title='bbox 2143 3040 2411 3105; x_wconf 88' lang='lat' dir='ltr'><strong>terciam</strong></span> <span class='ocrx_word' id='word_1_210' title='bbox 2461 3040 2800 3106; x_wconf 87' lang='lat' dir='ltr'><strong>lectionem</strong></span> <span class='ocrx_word' id='word_1_211' title='bbox 2853 3038 2992 3102; x_wconf 91' lang='lat' dir='ltr'><strong>sive</strong></span> <span class='ocrx_word' id='word_1_212' title='bbox 3047 3038 3431 3103; x_wconf 80' lang='lat' dir='ltr'><strong>exercitium</strong></span> <span class='ocrx_word' id='word_1_213' title='bbox 3488 3060 3630 3104; x_wconf 87' lang='lat' dir='ltr'><strong>esse</strong></span> 
     </span>
     <span class='ocr_line' id='line_1_24' title="bbox 797 3137 3624 3227; baseline -0.001 -20"><span class='ocrx_word' id='word_1_214' title='bbox 797 3140 1081 3207; x_wconf 87' lang='lat' dir='ltr'><strong>asstricti</strong></span> <span class='ocrx_word' id='word_1_215' title='bbox 1123 3137 1209 3203; x_wconf 88' lang='lat' dir='ltr'><strong>ad</strong></span> <span class='ocrx_word' id='word_1_216' title='bbox 1246 3138 1641 3205; x_wconf 81' lang='lat' dir='ltr'><strong>visitandum</strong></span> <span class='ocrx_word' id='word_1_217' title='bbox 1682 3140 1999 3206; x_wconf 88' lang='lat' dir='ltr'><strong>inavisate</strong></span> <span class='ocrx_word' id='word_1_218' title='bbox 2044 3161 2262 3205; x_wconf 90' lang='lat' dir='ltr'><strong>omnes</strong></span> <span class='ocrx_word' id='word_1_219' title='bbox 2316 3138 2601 3227; x_wconf 89' lang='lat' dir='ltr'><strong>legentes</strong></span> <span class='ocrx_word' id='word_1_220' title='bbox 2653 3147 2716 3205; x_wconf 93' lang='lat' dir='ltr'><strong>et</strong></span> <span class='ocrx_word' id='word_1_221' title='bbox 2759 3150 3138 3204; x_wconf 79' lang='lat' dir='ltr'><strong>exercentes</strong></span> <span class='ocrx_word' id='word_1_222' title='bbox 3182 3137 3483 3204; x_wconf 90' lang='lat' dir='ltr'><strong>adminus</strong></span> <span class='ocrx_word' id='word_1_223' title='bbox 3522 3137 3624 3204; x_wconf 91' lang='lat' dir='ltr'><strong>bis</strong></span> 
     </span>
     <span class='ocr_line' id='line_1_25' title="bbox 797 3236 3623 3327; baseline -0.002 -21"><span class='ocrx_word' id='word_1_224' title='bbox 797 3242 865 3306; x_wconf 92' lang='lat' dir='ltr'><strong>in</strong></span> <span class='ocrx_word' id='word_1_225' title='bbox 906 3236 1332 3321; x_wconf 88' lang='lat' dir='ltr'><strong>hebdomada,</strong></span> <span class='ocrx_word' id='word_1_226' title='bbox 1379 3248 1442 3303; x_wconf 88' lang='lat' dir='ltr'><strong>et</strong></span> <span class='ocrx_word' id='word_1_227' title='bbox 1494 3238 1586 3304; x_wconf 91' lang='lat' dir='ltr'><strong>ibi</strong></span> <span class='ocrx_word' id='word_1_228' title='bbox 1642 3239 1984 3326; x_wconf 86' lang='lat' dir='ltr'><strong>diligenter</strong></span> <span class='ocrx_word' id='word_1_229' title='bbox 2038 3241 2264 3305; x_wconf 88' lang='lat' dir='ltr'><strong>rimari</strong></span> <span class='ocrx_word' id='word_1_230' title='bbox 2319 3241 2779 3327; x_wconf 86' lang='lat' dir='ltr'><strong>magistrorum</strong></span> <span class='ocrx_word' id='word_1_231' title='bbox 2835 3247 2898 3302; x_wconf 90' lang='lat' dir='ltr'><strong>et</strong></span> <span class='ocrx_word' id='word_1_232' title='bbox 2952 3237 3299 3302; x_wconf 88' lang='lat' dir='ltr'><strong>scolarium</strong></span> <span class='ocrx_word' id='word_1_233' title='bbox 3357 3236 3623 3325; x_wconf 86' lang='lat' dir='ltr'><strong>diligen-</strong></span> 
     </span>
    </p>

    <p class='ocr_par' dir='ltr' id='par_1_7' title="bbox 715 3336 3628 3826">
     <span class='ocr_line' id='line_1_26' title="bbox 715 3336 3625 3426; baseline -0.002 -19"><span class='ocrx_word' id='word_1_234' title='bbox 715 3349 781 3407; x_wconf 80' lang='lat'><strong>25</strong></span> <span class='ocrx_word' id='word_1_235' title='bbox 803 3340 990 3422; x_wconf 90' lang='lat' dir='ltr'><strong>ciam,</strong></span> <span class='ocrx_word' id='word_1_236' title='bbox 1036 3346 1102 3402; x_wconf 90' lang='lat' dir='ltr'><strong>et</strong></span> <span class='ocrx_word' id='word_1_237' title='bbox 1142 3345 1295 3403; x_wconf 89' lang='lat' dir='ltr'><strong>tunc</strong></span> <span class='ocrx_word' id='word_1_238' title='bbox 1336 3360 1590 3425; x_wconf 89' lang='lat' dir='ltr'><strong>semper</strong></span> <span class='ocrx_word' id='word_1_239' title='bbox 1630 3340 1845 3404; x_wconf 86' lang='lat' dir='ltr'><strong>facere</strong></span> <span class='ocrx_word' id='word_1_240' title='bbox 1883 3340 2230 3425; x_wconf 88' lang='lat' dir='ltr'><strong>registrum</strong></span> <span class='ocrx_word' id='word_1_241' title='bbox 2271 3337 2433 3425; x_wconf 88' lang='lat' dir='ltr'><strong>legi;</strong></span> <span class='ocrx_word' id='word_1_242' title='bbox 2485 3345 2550 3403; x_wconf 89' lang='lat' dir='ltr'><strong>et</strong></span> <span class='ocrx_word' id='word_1_243' title='bbox 2591 3340 2648 3403; x_wconf 92' lang='lat' dir='ltr'><strong>si</strong></span> <span class='ocrx_word' id='word_1_244' title='bbox 2689 3339 2800 3426; x_wconf 82' lang='lat' dir='ltr'><strong>qui</strong></span> <span class='ocrx_word' id='word_1_245' title='bbox 2842 3337 3088 3423; x_wconf 88' lang='lat' dir='ltr'><strong>reperti</strong></span> <span class='ocrx_word' id='word_1_246' title='bbox 3127 3337 3367 3401; x_wconf 83' lang='lat' dir='ltr'><strong>fuerint</strong></span> <span class='ocrx_word' id='word_1_247' title='bbox 3405 3336 3625 3402; x_wconf 90' lang='lat' dir='ltr'><strong>absen-</strong></span> 
     </span>
     <span class='ocr_line' id='line_1_27' title="bbox 794 3434 3622 3525; baseline -0.001 -20"><span class='ocrx_word' id='word_1_248' title='bbox 794 3450 912 3522; x_wconf 88' lang='lat' dir='ltr'><strong>tes,</strong></span> <span class='ocrx_word' id='word_1_249' title='bbox 966 3437 1112 3503; x_wconf 90' lang='lat' dir='ltr'><strong>illos</strong></span> <span class='ocrx_word' id='word_1_250' title='bbox 1157 3436 1396 3503; x_wconf 88' lang='lat' dir='ltr'><strong>debent</strong></span> <span class='ocrx_word' id='word_1_251' title='bbox 1434 3437 1709 3502; x_wconf 87' lang='lat' dir='ltr'><strong>fideliter</strong></span> <span class='ocrx_word' id='word_1_252' title='bbox 1754 3440 2034 3523; x_wconf 90' lang='lat' dir='ltr'><strong>signare,</strong></span> <span class='ocrx_word' id='word_1_253' title='bbox 2078 3461 2207 3503; x_wconf 91' lang='lat' dir='ltr'><strong>non</strong></span> <span class='ocrx_word' id='word_1_254' title='bbox 2243 3445 2495 3502; x_wconf 91' lang='lat' dir='ltr'><strong>tantum</strong></span> <span class='ocrx_word' id='word_1_255' title='bbox 2536 3438 2613 3519; x_wconf 72' lang='lat' dir='ltr'><strong>ia,</strong></span> <span class='ocrx_word' id='word_1_256' title='bbox 2657 3438 2767 3525; x_wconf 91' lang='lat' dir='ltr'><strong>qui</strong></span> <span class='ocrx_word' id='word_1_257' title='bbox 2811 3437 3051 3519; x_wconf 89' lang='lat' dir='ltr'><strong>visitat,</strong></span> <span class='ocrx_word' id='word_1_258' title='bbox 3094 3434 3207 3502; x_wconf 89' lang='lat' dir='ltr'><strong>sed</strong></span> <span class='ocrx_word' id='word_1_259' title='bbox 3251 3438 3462 3501; x_wconf 88' lang='lat' dir='ltr'><strong>eciam</strong></span> <span class='ocrx_word' id='word_1_260' title='bbox 3499 3435 3622 3516; x_wconf 89' lang='lat' dir='ltr'><strong>ille,</strong></span> 
     </span>
     <span class='ocr_line' id='line_1_28' title="bbox 797 3534 3624 3628; baseline -0.001 -25"><span class='ocrx_word' id='word_1_261' title='bbox 797 3540 905 3628; x_wconf 93' lang='lat' dir='ltr'><strong>qui</strong></span> <span class='ocrx_word' id='word_1_262' title='bbox 948 3537 1105 3624; x_wconf 89' lang='lat' dir='ltr'><strong>legit</strong></span> <span class='ocrx_word' id='word_1_263' title='bbox 1145 3536 1248 3602; x_wconf 89' lang='lat' dir='ltr'><strong>vel</strong></span> <span class='ocrx_word' id='word_1_264' title='bbox 1302 3545 1592 3618; x_wconf 86' lang='lat' dir='ltr'><strong>exercet,</strong></span> <span class='ocrx_word' id='word_1_265' title='bbox 1644 3536 1913 3622; x_wconf 87' lang='lat' dir='ltr'><strong>quilibet</strong></span> <span class='ocrx_word' id='word_1_266' title='bbox 1951 3538 2016 3601; x_wconf 89' lang='lat' dir='ltr'><strong>in</strong></span> <span class='ocrx_word' id='word_1_267' title='bbox 2062 3560 2179 3602; x_wconf 90' lang='lat' dir='ltr'><strong>sua</strong></span> <span class='ocrx_word' id='word_1_268' title='bbox 2220 3536 2500 3619; x_wconf 88' lang='lat' dir='ltr'><strong>scedula,</strong></span> <span class='ocrx_word' id='word_1_269' title='bbox 2557 3544 2849 3622; x_wconf 88' lang='lat' dir='ltr'><strong>tempore</strong></span> <span class='ocrx_word' id='word_1_270' title='bbox 2892 3535 3364 3601; x_wconf 87' lang='lat' dir='ltr'><strong>distributionis</strong></span> <span class='ocrx_word' id='word_1_271' title='bbox 3411 3534 3624 3599; x_wconf 88' lang='lat' dir='ltr'><strong>salarii</strong></span> 
     </span>
     <span class='ocr_line' id='line_1_29' title="bbox 794 3633 3623 3724; baseline -0.002 -21"><span class='ocrx_word' id='word_1_272' title='bbox 794 3636 1085 3703; x_wconf 87' lang='lat' dir='ltr'><strong>facultati</strong></span> <span class='ocrx_word' id='word_1_273' title='bbox 1143 3635 1635 3723; x_wconf 87' lang='lat' dir='ltr'><strong>praesentanda.</strong></span> <span class='ocrx_word' id='word_1_274' title='bbox 1717 3635 2027 3701; x_wconf 88' lang='lat' dir='ltr'><strong>Similiter</strong></span> <span class='ocrx_word' id='word_1_275' title='bbox 2082 3645 2350 3724; x_wconf 89' lang='lat' dir='ltr'><strong>uterque</strong></span> <span class='ocrx_word' id='word_1_276' title='bbox 2412 3658 2629 3701; x_wconf 88' lang='lat' dir='ltr'><strong>eorum</strong></span> <span class='ocrx_word' id='word_1_277' title='bbox 2689 3633 2884 3700; x_wconf 89' lang='lat' dir='ltr'><strong>debet</strong></span> <span class='ocrx_word' id='word_1_278' title='bbox 2933 3637 3002 3700; x_wconf 91' lang='lat' dir='ltr'><strong>in</strong></span> <span class='ocrx_word' id='word_1_279' title='bbox 3069 3635 3261 3700; x_wconf 82' lang='lat' dir='ltr'><strong>dorso</strong></span> <span class='ocrx_word' id='word_1_280' title='bbox 3327 3634 3623 3702; x_wconf 85' lang='lat' dir='ltr'><strong>scedulae</strong></span> 
     </span>
     <span class='ocr_line' id='line_1_30' title="bbox 797 3732 3628 3826; baseline -0.001 -24"><span class='ocrx_word' id='word_1_281' title='bbox 797 3737 966 3803; x_wconf 89' lang='lat' dir='ltr'><strong>diem</strong></span> <span class='ocrx_word' id='word_1_282' title='bbox 1008 3745 1071 3801; x_wconf 90' lang='lat' dir='ltr'><strong>et</strong></span> <span class='ocrx_word' id='word_1_283' title='bbox 1111 3734 1337 3801; x_wconf 89' lang='lat' dir='ltr'><strong>horam</strong></span> <span class='ocrx_word' id='word_1_284' title='bbox 1379 3734 1770 3800; x_wconf 89' lang='lat' dir='ltr'><strong>visitationis</strong></span> <span class='ocrx_word' id='word_1_285' title='bbox 1811 3735 2184 3818; x_wconf 88' lang='lat' dir='ltr'><strong>inscribere,</strong></span> <span class='ocrx_word' id='word_1_286' title='bbox 2241 3734 2434 3801; x_wconf 91' lang='lat' dir='ltr'><strong>debet</strong></span> <span class='ocrx_word' id='word_1_287' title='bbox 2488 3745 2703 3800; x_wconf 91' lang='lat' dir='ltr'><strong>autem</strong></span> <span class='ocrx_word' id='word_1_288' title='bbox 2759 3757 2880 3826; x_wconf 89' lang='lat' dir='ltr'><strong>pro</strong></span> <span class='ocrx_word' id='word_1_289' title='bbox 2933 3734 3157 3801; x_wconf 89' lang='lat' dir='ltr'><strong>labore</strong></span> <span class='ocrx_word' id='word_1_290' title='bbox 3214 3757 3331 3801; x_wconf 90' lang='lat' dir='ltr'><strong>suo</strong></span> <span class='ocrx_word' id='word_1_291' title='bbox 3390 3732 3628 3799; x_wconf 87' lang='lat' dir='ltr'><strong>habere</strong></span> 
     </span>
    </p>

    <p class='ocr_par' dir='ltr' id='par_1_8' title="bbox 714 3832 3619 4322">
     <span class='ocr_line' id='line_1_31' title="bbox 714 3832 3619 3925; baseline -0.002 -22"><span class='ocrx_word' id='word_1_292' title='bbox 714 3846 782 3903; x_wconf 84' lang='lat'><strong>30</strong></span> <span class='ocrx_word' id='word_1_293' title='bbox 800 3834 1068 3925; x_wconf 88' lang='lat' dir='ltr'><strong>quilibet</strong></span> <span class='ocrx_word' id='word_1_294' title='bbox 1106 3835 1405 3901; x_wconf 88' lang='lat' dir='ltr'><strong>visitator</strong></span> <span class='ocrx_word' id='word_1_295' title='bbox 1447 3833 1528 3900; x_wconf 90' lang='lat' dir='ltr'><strong>de</strong></span> <span class='ocrx_word' id='word_1_296' title='bbox 1568 3832 1856 3921; x_wconf 85' lang='lat' dir='ltr'><strong>qualibet</strong></span> <span class='ocrx_word' id='word_1_297' title='bbox 1896 3857 2025 3899; x_wconf 89' lang='lat' dir='ltr'><strong>una</strong></span> <span class='ocrx_word' id='word_1_298' title='bbox 2074 3845 2210 3901; x_wconf 90' lang='lat' dir='ltr'><strong>tota</strong></span> <span class='ocrx_word' id='word_1_299' title='bbox 2250 3835 2647 3919; x_wconf 77' lang='lat' dir='ltr'><strong>visitacione,</strong></span> <span class='ocrx_word' id='word_1_300' title='bbox 2708 3857 2928 3900; x_wconf 90' lang='lat' dir='ltr'><strong>eorum</strong></span> <span class='ocrx_word' id='word_1_301' title='bbox 2975 3833 3275 3900; x_wconf 88' lang='lat' dir='ltr'><strong>videlicet</strong></span> <span class='ocrx_word' id='word_1_302' title='bbox 3328 3834 3619 3917; x_wconf 91' lang='lat' dir='ltr'><strong>omnium,</strong></span> 
     </span>
     <span class='ocr_line' id='line_1_32' title="bbox 800 3932 3619 4023; baseline -0.001 -22"><span class='ocrx_word' id='word_1_303' title='bbox 800 3937 909 4023; x_wconf 92' lang='lat' dir='ltr'><strong>qui</strong></span> <span class='ocrx_word' id='word_1_304' title='bbox 951 3957 1070 4023; x_wconf 89' lang='lat' dir='ltr'><strong>per</strong></span> <span class='ocrx_word' id='word_1_305' title='bbox 1112 3957 1259 3999; x_wconf 92' lang='lat' dir='ltr'><strong>eum</strong></span> <span class='ocrx_word' id='word_1_306' title='bbox 1296 3933 1606 3998; x_wconf 87' lang='lat' dir='ltr'><strong>visitandi</strong></span> <span class='ocrx_word' id='word_1_307' title='bbox 1647 3943 1812 4016; x_wconf 87' lang='lat' dir='ltr'><strong>sunt,</strong></span> <span class='ocrx_word' id='word_1_308' title='bbox 1859 3957 1899 4000; x_wconf 97' lang='lat' dir='ltr'><strong>a</strong></span> <span class='ocrx_word' id='word_1_309' title='bbox 1939 3934 2245 4000; x_wconf 87' lang='lat' dir='ltr'><strong>facultate</strong></span> <span class='ocrx_word' id='word_1_310' title='bbox 2284 3959 2482 4000; x_wconf 91' lang='lat' dir='ltr'><strong>unum</strong></span> <span class='ocrx_word' id='word_1_311' title='bbox 2537 3957 2834 4022; x_wconf 87' lang='lat' dir='ltr'><strong>grossum</strong></span> <span class='ocrx_word' id='word_1_312' title='bbox 2877 3956 3137 4000; x_wconf 90' lang='lat' dir='ltr'><strong>novum.</strong></span> <span class='ocrx_word' id='word_1_313' title='bbox 3214 3932 3286 3998; x_wconf 86' lang='lat' dir='ltr'><strong>Si</strong></span> <span class='ocrx_word' id='word_1_314' title='bbox 3331 3935 3475 4021; x_wconf 88' lang='lat' dir='ltr'><strong>quis</strong></span> <span class='ocrx_word' id='word_1_315' title='bbox 3518 3956 3619 3998; x_wconf 89' lang='lat' dir='ltr'><strong>au-</strong></span> 
     </span>
     <span class='ocr_line' id='line_1_33' title="bbox 796 4031 3617 4122; baseline -0.001 -21"><span class='ocrx_word' id='word_1_316' title='bbox 796 4044 924 4101; x_wconf 88' lang='lat' dir='ltr'><strong>tem</strong></span> <span class='ocrx_word' id='word_1_317' title='bbox 969 4036 1107 4099; x_wconf 91' lang='lat' dir='ltr'><strong>sine</strong></span> <span class='ocrx_word' id='word_1_318' title='bbox 1147 4031 1461 4119; x_wconf 87' lang='lat' dir='ltr'><strong>legittimo</strong></span> <span class='ocrx_word' id='word_1_319' title='bbox 1503 4032 1959 4121; x_wconf 86' lang='lat' dir='ltr'><strong>impedimento</strong></span> <span class='ocrx_word' id='word_1_320' title='bbox 2001 4034 2394 4122; x_wconf 88' lang='lat' dir='ltr'><strong>aliquociens</strong></span> <span class='ocrx_word' id='word_1_321' title='bbox 2423 4036 2690 4100; x_wconf 88' lang='lat' dir='ltr'><strong>visitare</strong></span> <span class='ocrx_word' id='word_1_322' title='bbox 2730 4033 3107 4121; x_wconf 85' lang='lat' dir='ltr'><strong>neglexerit,</strong></span> <span class='ocrx_word' id='word_1_323' title='bbox 3152 4035 3236 4099; x_wconf 94' lang='lat' dir='ltr'><strong>sit</strong></span> <span class='ocrx_word' id='word_1_324' title='bbox 3273 4034 3419 4120; x_wconf 88' lang='lat' dir='ltr'><strong>ipso</strong></span> <span class='ocrx_word' id='word_1_325' title='bbox 3456 4032 3617 4098; x_wconf 87' lang='lat' dir='ltr'><strong>facto</strong></span> 
     </span>
     <span class='ocr_line' id='line_1_34' title="bbox 799 4131 3618 4223; baseline -0.001 -23"><span class='ocrx_word' id='word_1_326' title='bbox 799 4134 882 4204; x_wconf 89' lang='lat' dir='ltr'><strong>ab</strong></span> <span class='ocrx_word' id='word_1_327' title='bbox 922 4133 1176 4199; x_wconf 88' lang='lat' dir='ltr'><strong>actibus</strong></span> <span class='ocrx_word' id='word_1_328' title='bbox 1221 4131 1578 4199; x_wconf 89' lang='lat' dir='ltr'><strong>scolasticis</strong></span> <span class='ocrx_word' id='word_1_329' title='bbox 1633 4156 2000 4221; x_wconf 87' lang='lat' dir='ltr'><strong>suspensus,</strong></span> <span class='ocrx_word' id='word_1_330' title='bbox 2057 4133 2260 4200; x_wconf 87' lang='lat' dir='ltr'><strong>donec</strong></span> <span class='ocrx_word' id='word_1_331' title='bbox 2311 4143 2375 4200; x_wconf 92' lang='lat' dir='ltr'><strong>et</strong></span> <span class='ocrx_word' id='word_1_332' title='bbox 2431 4157 2761 4223; x_wconf 90' lang='lat' dir='ltr'><strong>quousque</strong></span> <span class='ocrx_word' id='word_1_333' title='bbox 2813 4135 3056 4199; x_wconf 87' lang='lat' dir='ltr'><strong>tociens</strong></span> <span class='ocrx_word' id='word_1_334' title='bbox 3113 4131 3412 4198; x_wconf 85' lang='lat' dir='ltr'><strong>facultati</strong></span> <span class='ocrx_word' id='word_1_335' title='bbox 3467 4131 3618 4198; x_wconf 86' lang='lat' dir='ltr'><strong>duos</strong></span> 
     </span>
     <span class='ocr_line' id='line_1_35' title="bbox 795 4230 3618 4322; baseline -0.001 -24"><span class='ocrx_word' id='word_1_336' title='bbox 795 4255 1056 4322; x_wconf 86' lang='lat' dir='ltr'><strong>grossos</strong></span> <span class='ocrx_word' id='word_1_337' title='bbox 1100 4255 1303 4300; x_wconf 85' lang='lat' dir='ltr'><strong>novos</strong></span> <span class='ocrx_word' id='word_1_338' title='bbox 1358 4233 1769 4320; x_wconf 89' lang='lat' dir='ltr'><strong>persolverit,</strong></span> <span class='ocrx_word' id='word_1_339' title='bbox 1827 4233 2131 4321; x_wconf 91' lang='lat' dir='ltr'><strong>quociens</strong></span> <span class='ocrx_word' id='word_1_340' title='bbox 2175 4233 2454 4321; x_wconf 85' lang='lat' dir='ltr'><strong>aliquem</strong></span> <span class='ocrx_word' id='word_1_341' title='bbox 2507 4256 2626 4321; x_wconf 88' lang='lat' dir='ltr'><strong>per</strong></span> <span class='ocrx_word' id='word_1_342' title='bbox 2665 4237 2880 4321; x_wconf 89' lang='lat' dir='ltr'><strong>ipsum</strong></span> <span class='ocrx_word' id='word_1_343' title='bbox 2920 4230 3315 4298; x_wconf 86' lang='lat' dir='ltr'><strong>visitandum</strong></span> <span class='ocrx_word' id='word_1_344' title='bbox 3359 4233 3618 4298; x_wconf 89' lang='lat' dir='ltr'><strong>visitare</strong></span> 
     </span>
    </p>

    <p class='ocr_par' dir='ltr' id='par_1_9' title="bbox 714 4331 3621 4618">
     <span class='ocr_line' id='line_1_36' title="bbox 714 4331 3621 4420; baseline -0 -21"><span class='ocrx_word' id='word_1_345' title='bbox 714 4344 781 4400; x_wconf 80' lang='lat'><strong>3⁵</strong></span> <span class='ocrx_word' id='word_1_346' title='bbox 799 4332 1173 4420; x_wconf 84' lang='lat' dir='ltr'><strong>neglexerit.</strong></span> <span class='ocrx_word' id='word_1_347' title='bbox 1255 4331 1328 4397; x_wconf 85' lang='lat' dir='ltr'><strong>Si</strong></span> <span class='ocrx_word' id='word_1_348' title='bbox 1386 4334 1528 4417; x_wconf 90' lang='lat' dir='ltr'><strong>quis</strong></span> <span class='ocrx_word' id='word_1_349' title='bbox 1594 4343 1807 4398; x_wconf 89' lang='lat' dir='ltr'><strong>autem</strong></span> <span class='ocrx_word' id='word_1_350' title='bbox 1859 4332 2174 4419; x_wconf 88' lang='lat' dir='ltr'><strong>legittimo</strong></span> <span class='ocrx_word' id='word_1_351' title='bbox 2227 4333 2689 4419; x_wconf 89' lang='lat' dir='ltr'><strong>impedimento</strong></span> <span class='ocrx_word' id='word_1_352' title='bbox 2746 4331 3095 4420; x_wconf 90' lang='lat' dir='ltr'><strong>impeditus</strong></span> <span class='ocrx_word' id='word_1_353' title='bbox 3148 4331 3376 4416; x_wconf 84' lang='lat' dir='ltr'><strong>fuerit,</strong></span> <span class='ocrx_word' id='word_1_354' title='bbox 3440 4331 3621 4398; x_wconf 86' lang='lat' dir='ltr'><strong>debet</strong></span> 
     </span>
     <span class='ocr_line' id='line_1_37' title="bbox 794 4430 3616 4517; baseline -0.002 -17"><span class='ocrx_word' id='word_1_355' title='bbox 794 4430 1242 4500; x_wconf 89' lang='lat' dir='ltr'><strong>nichilominus</strong></span> <span class='ocrx_word' id='word_1_356' title='bbox 1283 4431 1472 4496; x_wconf 90' lang='lat' dir='ltr'><strong>alteri</strong></span> <span class='ocrx_word' id='word_1_357' title='bbox 1514 4430 1594 4496; x_wconf 89' lang='lat' dir='ltr'><strong>de</strong></span> <span class='ocrx_word' id='word_1_358' title='bbox 1636 4430 1899 4498; x_wconf 87' lang='lat' dir='ltr'><strong>consilio</strong></span> <span class='ocrx_word' id='word_1_359' title='bbox 1940 4431 2269 4497; x_wconf 86' lang='lat' dir='ltr'><strong>facultatis</strong></span> <span class='ocrx_word' id='word_1_360' title='bbox 2313 4433 2725 4500; x_wconf 89' lang='lat' dir='ltr'><strong>committere.</strong></span> <span class='ocrx_word' id='word_1_361' title='bbox 2778 4431 2941 4496; x_wconf 91' lang='lat' dir='ltr'><strong>Item</strong></span> <span class='ocrx_word' id='word_1_362' title='bbox 2974 4431 3364 4514; x_wconf 88' lang='lat' dir='ltr'><strong>visitatores,</strong></span> <span class='ocrx_word' id='word_1_363' title='bbox 3410 4453 3616 4517; x_wconf 83' lang='lat' dir='ltr'><strong>recep·</strong></span> 
     </span>
     <span class='ocr_line' id='line_1_38' title="bbox 798 4529 3619 4618; baseline -0.002 -19"><span class='ocrx_word' id='word_1_364' title='bbox 798 4535 882 4599; x_wconf 89' lang='lat' dir='ltr'><strong>tis</strong></span> <span class='ocrx_word' id='word_1_365' title='bbox 934 4529 1214 4596; x_wconf 88' lang='lat' dir='ltr'><strong>scedulis</strong></span> <span class='ocrx_word' id='word_1_366' title='bbox 1266 4553 1308 4595; x_wconf 89' lang='lat' dir='ltr'><strong>a</strong></span> <span class='ocrx_word' id='word_1_367' title='bbox 1354 4531 1688 4616; x_wconf 88' lang='lat' dir='ltr'><strong>magistris</strong></span> <span class='ocrx_word' id='word_1_368' title='bbox 1741 4529 2102 4618; x_wconf 88' lang='lat' dir='ltr'><strong>legentibus</strong></span> <span class='ocrx_word' id='word_1_369' title='bbox 2156 4539 2220 4596; x_wconf 88' lang='lat' dir='ltr'><strong>et</strong></span> <span class='ocrx_word' id='word_1_370' title='bbox 2270 4529 2746 4614; x_wconf 87' lang='lat' dir='ltr'><strong>exercentibus,</strong></span> <span class='ocrx_word' id='word_1_371' title='bbox 2805 4539 3076 4618; x_wconf 89' lang='lat' dir='ltr'><strong>possunt</strong></span> <span class='ocrx_word' id='word_1_372' title='bbox 3130 4531 3297 4595; x_wconf 89' lang='lat' dir='ltr'><strong>inter</strong></span> <span class='ocrx_word' id='word_1_373' title='bbox 3356 4553 3431 4596; x_wconf 90' lang='lat' dir='ltr'><strong>se</strong></span> <span class='ocrx_word' id='word_1_374' title='bbox 3482 4552 3619 4596; x_wconf 85' lang='lat' dir='ltr'><strong>con·</strong></span> 
     </span>
    </p>
   </div>
   <div class='ocr_carea' id='block_1_7' title="bbox 795 4627 3617 4814">
    <p class='ocr_par' dir='ltr' id='par_1_10' title="bbox 795 4627 3617 4814">
     <span class='ocr_line' id='line_1_39' title="bbox 798 4627 3617 4718; baseline -0.002 -19"><span class='ocrx_word' id='word_1_375' title='bbox 798 4630 1065 4700; x_wconf 89' lang='lat' dir='ltr'><strong>cordare</strong></span> <span class='ocrx_word' id='word_1_376' title='bbox 1121 4637 1186 4694; x_wconf 91' lang='lat' dir='ltr'><strong>et</strong></span> <span class='ocrx_word' id='word_1_377' title='bbox 1239 4627 1535 4695; x_wconf 87' lang='lat' dir='ltr'><strong>scedulas</strong></span> <span class='ocrx_word' id='word_1_378' title='bbox 1589 4631 1826 4718; x_wconf 85' lang='lat' dir='ltr'><strong>aptiori</strong></span> <span class='ocrx_word' id='word_1_379' title='bbox 1884 4631 2077 4698; x_wconf 90' lang='lat' dir='ltr'><strong>modo</strong></span> <span class='ocrx_word' id='word_1_380' title='bbox 2130 4631 2297 4696; x_wconf 87' lang='lat' dir='ltr'><strong>inter</strong></span> <span class='ocrx_word' id='word_1_381' title='bbox 2357 4653 2425 4696; x_wconf 90' lang='lat' dir='ltr'><strong>se</strong></span> <span class='ocrx_word' id='word_1_382' title='bbox 2489 4628 2808 4713; x_wconf 88' lang='lat' dir='ltr'><strong>dividere,</strong></span> <span class='ocrx_word' id='word_1_383' title='bbox 2877 4630 2974 4695; x_wconf 87' lang='lat' dir='ltr'><strong>sic</strong></span> <span class='ocrx_word' id='word_1_384' title='bbox 3031 4628 3202 4716; x_wconf 88' lang='lat' dir='ltr'><strong>quod</strong></span> <span class='ocrx_word' id='word_1_385' title='bbox 3257 4652 3428 4696; x_wconf 90' lang='lat' dir='ltr'><strong>unus</strong></span> <span class='ocrx_word' id='word_1_386' title='bbox 3482 4628 3617 4695; x_wconf 87' lang='lat' dir='ltr'><strong>illos</strong></span> 
     </span>
     <span class='ocr_line' id='line_1_40' title="bbox 795 4727 1472 4814; baseline -0.007 -16"><span class='ocrx_word' id='word_1_387' title='bbox 795 4732 1042 4814; x_wconf 83' lang='lat' dir='ltr'><strong>visitet,</strong></span> <span class='ocrx_word' id='word_1_388' title='bbox 1086 4727 1249 4795; x_wconf 86' lang='lat' dir='ltr'><strong>alter</strong></span> <span class='ocrx_word' id='word_1_389' title='bbox 1291 4727 1472 4794; x_wconf 90' lang='lat' dir='ltr'><strong>alios.</strong></span> 
     </span>
    </p>
   </div>
   <div class='ocr_carea' id='block_1_8' title="bbox 793 4909 3618 5319">
    <p class='ocr_par' dir='ltr' id='par_1_11' title="bbox 793 4909 3618 5319">
     <span class='ocr_line' id='line_1_41' title="bbox 965 4909 3618 4984; baseline -0.001 -15"><span class='ocrx_word' id='word_1_390' title='bbox 965 4919 986 4969; x_wconf 88' lang='lat'>1</span> <span class='ocrx_word' id='word_1_391' title='bbox 1024 4912 1350 4982; x_wconf 87' lang='lat' dir='ltr'><strong>Philippi</strong></span> <span class='ocrx_word' id='word_1_392' title='bbox 1386 4916 1455 4968; x_wconf 87' lang='lat' dir='ltr'><strong>et</strong></span> <span class='ocrx_word' id='word_1_393' title='bbox 1485 4910 1738 4966; x_wconf 86' lang='lat' dir='ltr'><strong>Iacobi</strong></span> <span class='ocrx_word' id='word_1_394' title='bbox 1774 4912 1848 4966; x_wconf 85' lang='lat' dir='ltr'><strong>ist</strong></span> <span class='ocrx_word' id='word_1_395' title='bbox 1879 4910 1978 4966; x_wconf 83' lang='lat' dir='ltr'><strong>der</strong></span> <span class='ocrx_word' id='word_1_396' title='bbox 2019 4914 2064 4966; x_wconf 98' lang='grc'><strong>1.</strong></span> <span class='ocrx_word' id='word_1_397' title='bbox 2100 4910 2234 4978; x_wconf 85' lang='lat' dir='ltr'><strong>Mai,</strong></span> <span class='ocrx_word' id='word_1_398' title='bbox 2268 4909 2766 4980; x_wconf 74' lang='lat' dir='ltr'><strong>Margarethae</strong></span> <span class='ocrx_word' id='word_1_399' title='bbox 2798 4911 2897 4967; x_wconf 86' lang='lat' dir='ltr'><strong>der</strong></span> <span class='ocrx_word' id='word_1_400' title='bbox 2926 4916 3000 4967; x_wconf 81' lang='lat'><strong>12.</strong></span> <span class='ocrx_word' id='word_1_401' title='bbox 3027 4910 3158 4967; x_wconf 84' lang='lat' dir='ltr'><strong>oder</strong></span> <span class='ocrx_word' id='word_1_402' title='bbox 3193 4915 3271 4968; x_wconf 84' lang='grc'><strong>13.</strong></span> <span class='ocrx_word' id='word_1_403' title='bbox 3300 4910 3423 4967; x_wconf 81' lang='lat' dir='ltr'><strong>Jnli</strong></span> <span class='ocrx_word' id='word_1_404' title='bbox 3450 4911 3618 4984; x_wconf 78' lang='lat' dir='ltr'><strong>(allet-</strong></span> 
     </span>
     <span class='ocr_line' id='line_1_42' title="bbox 793 4992 3618 5071; baseline -0.002 -16"><span class='ocrx_word' id='word_1_405' title='bbox 793 5000 957 5071; x_wconf 83' lang='lat' dir='ltr'><strong>dings</strong></span> <span class='ocrx_word' id='word_1_406' title='bbox 988 4997 1122 5052; x_wconf 78' lang='lat' dir='ltr'><strong>wird</strong></span> <span class='ocrx_word' id='word_1_407' title='bbox 1156 4997 1273 5052; x_wconf 85' lang='lat' dir='ltr'><strong>dies</strong></span> <span class='ocrx_word' id='word_1_408' title='bbox 1305 4996 1439 5051; x_wconf 82' lang='lat' dir='ltr'><strong>Fest</strong></span> <span class='ocrx_word' id='word_1_409' title='bbox 1472 4994 1564 5051; x_wconf 87' lang='lat' dir='ltr'><strong>hie</strong></span> <span class='ocrx_word' id='word_1_410' title='bbox 1596 4994 1711 5050; x_wconf 88' lang='lat' dir='ltr'><strong>und</strong></span> <span class='ocrx_word' id='word_1_411' title='bbox 1741 4995 1816 5050; x_wconf 87' lang='lat' dir='ltr'><strong>da</strong></span> <span class='ocrx_word' id='word_1_412' title='bbox 1851 4994 1997 5050; x_wconf 88' lang='lat' dir='ltr'><strong>auch</strong></span> <span class='ocrx_word' id='word_1_413' title='bbox 2031 5010 2122 5049; x_wconf 88' lang='lat' dir='ltr'><strong>am</strong></span> <span class='ocrx_word' id='word_1_414' title='bbox 2159 4999 2235 5050; x_wconf 85' lang='lat'><strong>15.</strong></span> <span class='ocrx_word' id='word_1_415' title='bbox 2271 4992 2384 5047; x_wconf 87' lang='lat' dir='ltr'><strong>und</strong></span> <span class='ocrx_word' id='word_1_416' title='bbox 2430 4993 2601 5048; x_wconf 83' lang='lat' dir='ltr'><strong>selbst</strong></span> <span class='ocrx_word' id='word_1_417' title='bbox 2643 5011 2735 5048; x_wconf 84' lang='lat' dir='ltr'><strong>am</strong></span> <span class='ocrx_word' id='word_1_418' title='bbox 2783 5001 2863 5052; x_wconf 83' lang='lat'><strong>20.</strong></span> <span class='ocrx_word' id='word_1_419' title='bbox 2896 4995 3015 5051; x_wconf 70' lang='lat' dir='ltr'><strong>suli</strong></span> <span class='ocrx_word' id='word_1_420' title='bbox 3061 4994 3325 5066; x_wconf 83' lang='lat' dir='ltr'><strong>gefeiert3</strong></span> <span class='ocrx_word' id='word_1_421' title='bbox 3376 4996 3510 5051; x_wconf 86' lang='lat' dir='ltr'><strong>aber</strong></span> <span class='ocrx_word' id='word_1_422' title='bbox 3536 4995 3618 5050; x_wconf 87' lang='lat' dir='ltr'><strong>die</strong></span> 
     </span>
     <span class='ocr_line' id='line_1_43' title="bbox 794 5076 3617 5152; baseline -0.002 -14"><span class='ocrx_word' id='word_1_423' title='bbox 794 5080 1152 5152; x_wconf 75' lang='lat' dir='ltr'><strong>Aufz‘a&#39;hlung</strong></span> <span class='ocrx_word' id='word_1_424' title='bbox 1184 5080 1282 5135; x_wconf 86' lang='lat' dir='ltr'><strong>der</strong></span> <span class='ocrx_word' id='word_1_425' title='bbox 1313 5079 1479 5135; x_wconf 81' lang='lat' dir='ltr'><strong>Festo</strong></span> <span class='ocrx_word' id='word_1_426' title='bbox 1515 5079 1615 5135; x_wconf 88' lang='lat' dir='ltr'><strong>der</strong></span> <span class='ocrx_word' id='word_1_427' title='bbox 1657 5077 2142 5148; x_wconf 81' lang='lat' dir='ltr'><strong>philosophischen</strong></span> <span class='ocrx_word' id='word_1_428' title='bbox 2175 5076 2440 5132; x_wconf 68' lang='lat' dir='ltr'><strong>Facultst</strong></span> <span class='ocrx_word' id='word_1_429' title='bbox 2454 5116 2471 5144; x_wconf 86' lang='lat'><strong>,</strong></span> <span class='ocrx_word' id='word_1_430' title='bbox 2507 5076 2778 5133; x_wconf 85' lang='lat' dir='ltr'><strong>Urkundl.</strong></span> <span class='ocrx_word' id='word_1_431' title='bbox 2818 5079 3049 5145; x_wconf 81' lang='lat' dir='ltr'><strong>Quenen</strong></span> <span class='ocrx_word' id='word_1_432' title='bbox 3085 5078 3140 5136; x_wconf 88' lang='lat' dir='ltr'><strong>S.</strong></span> <span class='ocrx_word' id='word_1_433' title='bbox 3177 5083 3291 5148; x_wconf 69' lang='lat'><strong>784,</strong></span> <span class='ocrx_word' id='word_1_434' title='bbox 3335 5084 3508 5136; x_wconf 80' lang='lat' dir='ltr'><strong>neunt</strong></span> <span class='ocrx_word' id='word_1_435' title='bbox 3535 5078 3617 5134; x_wconf 86' lang='lat' dir='ltr'><strong>die</strong></span> 
     </span>
     <span class='ocr_line' id='line_1_44' title="bbox 798 5159 3614 5236; baseline -0.001 -15"><span class='ocrx_word' id='word_1_436' title='bbox 798 5164 902 5221; x_wconf 86' lang='lat' dir='ltr'><strong>auf</strong></span> <span class='ocrx_word' id='word_1_437' title='bbox 939 5165 1047 5221; x_wconf 88' lang='lat' dir='ltr'><strong>den</strong></span> <span class='ocrx_word' id='word_1_438' title='bbox 1083 5171 1160 5221; x_wconf 88' lang='lat'><strong>15.</strong></span> <span class='ocrx_word' id='word_1_439' title='bbox 1193 5163 1313 5220; x_wconf 68' lang='lat' dir='ltr'><strong>‚Iuli</strong></span> <span class='ocrx_word' id='word_1_440' title='bbox 1360 5162 1599 5219; x_wconf 76' lang='lat' dir='ltr'><strong>fallendo</strong></span> <span class='ocrx_word' id='word_1_441' title='bbox 1642 5162 1839 5218; x_wconf 88' lang='lat' dir='ltr'><strong>divisio</strong></span> <span class='ocrx_word' id='word_1_442' title='bbox 1875 5162 2252 5233; x_wconf 87' lang='lat' dir='ltr'><strong>apostolorum</strong></span> <span class='ocrx_word' id='word_1_443' title='bbox 2299 5159 2482 5216; x_wconf 88' lang='lat' dir='ltr'><strong>nach</strong></span> <span class='ocrx_word' id='word_1_444' title='bbox 2525 5161 2962 5236; x_wconf 75' lang='lat' dir='ltr'><strong>Margarethae),</strong></span> <span class='ocrx_word' id='word_1_445' title='bbox 3008 5163 3303 5220; x_wconf 88' lang='lat' dir='ltr'><strong>omnium</strong></span> <span class='ocrx_word' id='word_1_446' title='bbox 3348 5169 3614 5220; x_wconf 84' lang='lat' dir='ltr'><strong>sancto·</strong></span> 
     </span>
     <span class='ocr_line' id='line_1_45' title="bbox 797 5244 2664 5319; baseline -0.002 -13"><span class='ocrx_word' id='word_1_447' title='bbox 797 5268 943 5306; x_wconf 85' lang='lat' dir='ltr'><strong>rum</strong></span> <span class='ocrx_word' id='word_1_448' title='bbox 975 5250 1072 5306; x_wconf 86' lang='lat' dir='ltr'><strong>der</strong></span> <span class='ocrx_word' id='word_1_449' title='bbox 1107 5254 1154 5306; x_wconf 86' lang='lat'><strong>1.</strong></span> <span class='ocrx_word' id='word_1_450' title='bbox 1187 5248 1512 5319; x_wconf 82' lang='lat' dir='ltr'><strong>November,</strong></span> <span class='ocrx_word' id='word_1_451' title='bbox 1546 5245 1905 5306; x_wconf 80' lang='lat' dir='ltr'><strong>conversio</strong></span> <span class='ocrx_word' id='word_1_452' title='bbox 1939 5246 2146 5304; x_wconf 86' lang='lat' dir='ltr'><strong>Pauli</strong></span> <span class='ocrx_word' id='word_1_453' title='bbox 2181 5246 2279 5301; x_wconf 85' lang='lat' dir='ltr'><strong>der</strong></span> <span class='ocrx_word' id='word_1_454' title='bbox 2316 5250 2396 5301; x_wconf 84' lang='lat'><strong>25.</strong></span> <span class='ocrx_word' id='word_1_455' title='bbox 2431 5244 2664 5302; x_wconf 78' lang='lat' dir='ltr'><strong>Januar.</strong></span> 
     </span>
    </p>
   </div>
   <div class='ocr_carea' id='block_1_9' title="bbox 3957 1 3966 1129">
    <p class='ocr_par' dir='ltr' id='par_1_12' title="bbox 3957 1 3966 1129">
     <span class='ocr_line' id='line_1_46' title="bbox 3957 1 3966 1129; baseline 0 0"><span class='ocrx_word' id='word_1_456' title='bbox 3957 1 3966 1129; x_wconf 95' lang='lat' dir='ltr'><strong> </strong></span> 
     </span>
    </p>
   </div>
   <div class='ocr_carea' id='block_1_10' title="bbox 3952 3036 3972 6132">
    <p class='ocr_par' dir='ltr' id='par_1_13' title="bbox 3952 3036 3972 6132">
     <span class='ocr_line' id='line_1_47' title="bbox 3952 3036 3972 6132; baseline 0 0"><span class='ocrx_word' id='word_1_457' title='bbox 3952 3036 3972 6132; x_wconf 95' lang='lat' dir='ltr'><strong> </strong></span> 
     </span>
    </p>
   </div>
  </div>
 </body>
</html>
