4038 6358
43 5979 44 5990 ⁴
43 5867 52 5940 *τ

849 618 931 684 80
1807 615 1909 666 Die
1945 614 2185 667 Statuten
2222 631 2344 667 vom
2381 616 2547 669 Jahre
2586 620 2730 681 15⁴3,

849 795 1124 863 fideliter
1164 803 1232 859 et
1269 816 1352 860 ex
1394 817 1516 861 usu
1553 795 1993 863 universitatis
2036 797 2463 865 scholasticae
2503 797 2883 885 dispensare
2920 806 3017 883 et,
3074 798 3131 864 si
3172 796 3329 887 quid
3368 793 3738 882 reliquum

848 897 1059 979 fuerit,
1102 914 1490 961 conservare
1527 895 1699 960 velit.

1015 993 1253 1078 Sexto,
1311 993 1484 1080 quod
1521 996 1842 1083 integrum
1893 1018 2211 1080 mensem,
2265 1020 2349 1062 ex
2403 1020 2529 1085 quo
2581 999 2968 1084 magistratu
3019 997 3283 1080 abierit,
3336 997 3414 1060 in
3462 992 3739 1081 oppido

844 1094 1173 1184 Lipsiensi
1201 1116 1534 1161 remanere
1573 1105 1637 1160 et
1673 1094 2034 1183 postulatus
2073 1095 2314 1162 iudicio
2356 1117 2425 1161 se
2468 1098 2699 1162 sistere
2739 1106 2820 1181 et,
2863 1098 2919 1162 si
2959 1119 3089 1186 qua
3125 1098 3357 1162 merito
3398 1097 3742 1180 irrogata

802 1210 834 1265 5
853 1195 1091 1263 mulcta
1127 1193 1354 1277 fuerit,
1409 1194 1581 1280 quod
1631 1197 2026 1261 successoris
2078 1196 2177 1260 sui
2232 1196 2301 1261 in
2353 1195 2468 1263 illa
2508 1195 2819 1263 solvenda
2869 1198 3063 1262 iussis
3119 1218 3350 1282 parere
3390 1194 3615 1276 velit3
3678 1194 3738 1257 si

843 1306 1056 1364 autem
1095 1294 1332 1358 iustam
1371 1293 1652 1381 aliquam
1695 1317 1957 1360 causam
2000 1295 2173 1363 intra
2212 1296 2615 1383 praedictum
2654 1306 2907 1383 tempus
2947 1294 3326 1362 discedendi
3368 1292 3737 1374 habuerit,

843 1394 1014 1484 quod
1054 1394 1445 1458 constituere
1482 1394 1639 1460 velit
1675 1402 2129 1490 procuratores
2167 1394 2456 1482 idoneos,
2500 1398 2609 1485 qui
2650 1395 2823 1461 illius
2846 1397 2990 1461 vice
3016 1397 3188 1461 intra
3210 1395 3729 1483 praescriptum

842 1506 1096 1583 tempus
1135 1492 1494 1581 postulari¹
1536 1503 1600 1559 et
1653 1517 2031 1561 concessam
2068 1494 2200 1560 dici
2242 1504 2306 1560 et
2363 1497 2721 1563 indicatum
2779 1495 2945 1561 solvi
2995 1497 3193 1562 iurati
3231 1518 3403 1561 novo
3452 1492 3722 1558 rectori

845 1596 1237 1684 promittant.

759 1772 825 1829 10
1979 1742 1990 1747 ”
2094 1762 2309 1830 Caput
2344 1764 2436 1818 VI.

1680 1913 1775 1960 DE
1817 1913 1996 1961 ARCA
2039 1913 2166 1963 SEU
2208 1912 2403 1962 CISTA
2444 1914 2758 1963 PUBLICA.

1001 2027 1152 2093 Duo
1192 2024 1701 2112 designabuntur
1743 2037 1993 2116 quoque
2034 2030 2348 2112 semestri,
2389 2032 2502 2118 qui
2544 2029 2783 2117 singuli
2823 2029 3115 2117 singulas
3151 2029 3369 2097 claves
3401 2029 3725 2095 habeant

843 2128 929 2195 ad
969 2149 1187 2193 arcam
1229 2148 1343 2191 seu
1380 2127 1610 2191 cistam
1653 2126 2014 2214 publicam,
2067 2130 2260 2194 tertia
2297 2138 2512 2194 autem
2555 2129 2760 2201 clavis
2802 2132 2981 2214 (nam
3022 2130 3232 2195 tribus
3276 2152 3553 2218 semper
3600 2127 3720 2194 illa

846 2230 1005 2294 seris
1043 2227 1278 2292 muniri
1322 2225 1610 2309 debebit)
1653 2249 1851 2315 penes
1889 2238 2208 2295 rectorem
2248 2231 2391 2294 erit.
2450 2229 2528 2295 In
2568 2229 2683 2295 illa
2719 2253 2875 2296 arca
2917 2239 3286 2296 asservetur
3330 2230 3720 2317 repositum

765 2338 827 2394 15
846 2330 1055 2394 maius
1097 2327 1535 2391 universitatis
1576 2336 1836 2392 nostrae
1874 2327 2298 2394 scholasticae
2340 2330 2601 2414 signum
2613 2378 2632 2413 ,
2671 2331 2826 2396 item
2865 2329 3215 2418 privilegia
3253 2339 3317 2394 et
3369 2329 3717 2417 pecuniae

843 2427 1146 2495 eiusdem.
1221 2426 1327 2493 Ita
1365 2434 1579 2492 autem
1616 2425 1712 2491 illi
1746 2426 1871 2492 duo
1913 2426 2228 2516 clavigeri
2269 2428 2805 2515 designabantur,
2860 2440 2932 2495 ut
2983 2452 3067 2496 ex
3123 2428 3376 2495 duabus
3416 2428 3719 2494 nationi·

845 2529 968 2594 bus
1010 2525 1091 2590 de
1144 2524 1413 2591 consilio
1468 2525 1727 2612 publico
1778 2526 1906 2591 duo
1965 2536 2030 2593 et
2067 2551 2222 2593 mox
2263 2551 2346 2593 ex
2388 2527 2653 2617 reliquis
2695 2528 2947 2596 duabus
2986 2528 3361 2596 nationibus
3402 2527 3546 2594 duo
3594 2526 3714 2593 alii

845 2628 1185 2713 eligantur,
1225 2626 1320 2690 sic
1361 2623 1619 2712 quidem
1657 2636 1730 2690 ut
1767 2628 2064 2692 nationes
2106 2627 2377 2714 singulis
2420 2628 2839 2695 semestribus
2880 2638 3350 2717 permutentur.
3431 2628 3713 2693 Horum

844 2737 1114 2812 uterque
1150 2725 1484 2812 promittet
1522 2724 1693 2792 bona
1733 2725 1861 2790 fide
1900 2729 2159 2810 rectori,
2202 2749 2290 2810 se,
2333 2727 2418 2793 ad
2459 2728 2879 2797 reserandam
2918 2731 3148 2797 cistam
3174 2740 3503 2811 vocatum,
3553 2749 3709 2792 cum

759 2828 1013 2894 20clavi
1056 2847 1173 2889 sua
1214 2825 1425 2911 ipsum
1468 2834 1724 2910 praesto
1765 2824 2051 2891 futurum
2095 2849 2268 2910 esse3
2326 2829 2429 2893 sin
2481 2827 2605 2896 hoc
2658 2828 2801 2894 fieri
2837 2851 2966 2894 non
3005 2830 3245 2916 possit,
3286 2837 3707 2908 curaturum,

841 2936 913 2992 ut
951 2924 1091 2990 loco
1132 2945 1247 2988 suo
1288 2924 1390 2989 vir
1429 2923 1664 3010 dignus
1706 2923 1834 2989 fide
1873 2947 2016 2992 eam
2061 2927 2310 3010 afferat,
2352 2928 2489 2993 sine
2533 2924 2682 2994 dolo
2723 2931 2899 2995 omni
2942 2950 3020 2995 ac
3056 2928 3304 2995 fraude.

2094 3127 2306 3193 Caput
2339 3130 2458 3182 VII.

1147 3277 1241 3324 m:
1284 3274 1562 3326 ermom
1602 3275 1942 3326 necroms
1981 3277 2074 3326 m·
2115 3280 2209 3327 AD
2230 3263 2260 3330 ‚²
2299 3278 2482 3341 QUAE
2523 3280 2951 3342 nmque-nm
2990 3280 3377 3330 ramnus.

1011 3393 1314 3460 Officium
1356 3392 1626 3457 rectoris
1667 3401 1763 3458 est
1804 3415 2026 3459 omnes
2065 3396 2511 3462 universitatis
2566 3395 2990 3462 scholasticae
3047 3395 3338 3462 subditos
3395 3397 3575 3462 tueri
3635 3403 3700 3460 et

761 3504 828 3561 25
849 3492 1194 3561 defendere
1233 3514 1351 3580 pro
1393 3490 1569 3557 virili
1609 3514 1726 3557 sua
1765 3501 1829 3558 et
1864 3491 2012 3558 illos
2056 3503 2329 3581 paterna
2382 3496 2714 3563 voluntate
2772 3496 3135 3584 complecti.
3219 3495 3498 3584 Quoque
3558 3517 3695 3561 me-

841 3596 965 3660 lius
1006 3602 1074 3673 et
1108 3594 1344 3657 rectius
1385 3592 1569 3677 fungi
1605 3614 1866 3657 munere
1906 3597 2133 3680 possit,
2176 3595 2349 3662 intra
2390 3619 2675 3662 mensem
2717 3606 2960 3662 statuta
2999 3598 3218 3664 omnia
3247 3596 3699 3664 universitatis

847 3691 1290 3775 scholasticae,
1330 3699 1395 3757 et
1432 3712 1511 3756 ea
1536 3692 1873 3779 imprimis,
1916 3715 2081 3780 quae
2109 3693 2195 3759 ad
2215 3696 2432 3782 ipsum
2460 3705 2775 3783 spectant,
2813 3706 2969 3762 nota
2995 3696 3408 3785 perlectaque
3438 3695 3691 3761 habere

846 3792 1056 3860 debet.
1136 3791 1302 3857 Item
1324 3792 1349 3833 ³
1390 3788 1581 3856 debet
1622 3793 1959 3878 pecunias,
2004 3816 2046 3859 a
2087 3796 2324 3881 prioris
2364 3797 2692 3861 semestris
2732 3805 2983 3862 rectore
3024 3795 3151 3862 sibi
3185 3796 3553 3866 rationibus
3594 3816 3695 3859 re·

844 3892 993 3958 latis
1030 3889 1337 3974 traditas,
1377 3890 1445 3954 in
1488 3912 1709 3956 arcam
1745 3891 2080 3978 publicam
2116 3915 2462 3982 reponere,
2500 3895 2953 3984 praesentibus
2993 3894 3382 3961 consiliariis
3427 3905 3494 3960 et
3548 3893 3696 3961 aliis

765 4002 835 4057 30
853 3991 939 4057 ad
981 3990 1144 4056 haec
1184 3988 1542 4073 destinatis,
1585 3993 2060 4078 quamprimum
2099 4004 2164 4059 et
2203 4017 2396 4082 quam
2438 3996 2797 4061 rectissime
2838 3994 2980 4060 fieri
3023 3995 3279 4082 poterit.

1009 4089 1393 4155 Referentur
1434 4097 1645 4155 autem
1684 4112 1725 4155 a
1766 4092 2005 4177 prioris
2054 4095 2384 4160 semestris
2423 4105 2672 4161 rectore
2712 4096 2999 4162 rationes
3035 4098 3292 4183 accepti
3326 4104 3389 4160 et
3421 4092 3696 4181 expensi

847 4192 917 4255 in
968 4190 1359 4275 magistratu
1422 4211 1536 4254 suo
1593 4212 1765 4255 novo
1832 4193 2071 4257 rectori
2129 4194 2348 4259 statim
2405 4204 2555 4282 post
2611 4205 2945 4283 peractam
2997 4195 3435 4262 laudationem
3490 4192 3698 4280 ipsius

815 4349 828 4357 ,
856 4312 1075 4355 coram
1119 4287 1510 4354 consiliariis
1549 4287 1637 4354 ad
1677 4288 1801 4354 hoc
1840 4289 2218 4377 designatis.

1014 4387 1279 4453 Rectori
1318 4408 1432 4453 suo
1474 4389 1768 4453 semestri
1810 4397 2000 4454 extra
2041 4391 2353 4478 oppidum
2394 4392 2570 4458 ultra
2609 4394 2896 4461 triduum
2939 4394 3168 4461 abesse
3200 4417 3332 4462 non
3352 4395 3526 4478 licet,
3568 4391 3695 4459 nisi

765 4499 832 4556 35
851 4487 1157 4554 facultate
1211 4509 1254 4552 a
1305 4485 1564 4575 publico
1610 4487 1877 4554 consilio
1914 4489 2280 4577 impetrata.
2370 4492 2533 4559 Oum
2572 4493 2809 4560 abierit
2850 4505 2962 4561 aut
3002 4494 3227 4562 morbo
3270 4495 3484 4562 aliave
3524 4496 3693 4559 iusta

849 4611 1050 4655 causa
1087 4585 1438 4674 impeditus
1481 4610 1711 4653 munus
1752 4609 1937 4654 suum
1975 4589 2158 4656 obire
2202 4612 2334 4657 non
2374 4593 2630 4679 poterit,
2671 4598 3060 4661 constituere
3098 4594 3364 4661 debebit
3404 4593 3685 4681 aliquem

847 4690 1058 4755 virum
1097 4708 1368 4774 gravem
1410 4695 1475 4752 et
1513 4686 1916 4775 prudentem,
1957 4691 2069 4775 qui
2111 4712 2231 4778 pro
2277 4701 2528 4758 rectore
2569 4693 2819 4762 interea
2858 4697 3036 4762 vices
3074 4696 3283 4782 ipsius
3321 4703 3528 4782 gerat.

994 4958 1012 5008 1
1055 4950 1424 5008 Geschrieben
1461 4952 1609 5007 steht
1632 4954 1923 5024 posmlatz‘,
1959 4954 2050 5011 die
2084 4956 2278 5012 Worte
2314 4965 2365 5013 et
2394 4977 2700 5014 concessam
2731 4961 2852 5015 dici
2884 4960 3007 5016 sind
3040 4959 3144 5016 mir
3178 4960 3395 5016 unklar.

991 5041 1021 5091 2
1059 5038 1141 5089 ad
1167 5034 1318 5091 fehlt.
1526 5040 1557 5094 3
1592 5038 1965 5095 Geschrieben
2002 5038 2152 5097 steht
2187 5043 2349 5097 Idem.
