<?xml version="1.0" encoding="UTF-8"?>
<!DOCTYPE html PUBLIC "-//W3C//DTD XHTML 1.0 Transitional//EN"
    "http://www.w3.org/TR/xhtml1/DTD/xhtml1-transitional.dtd">
<html xmlns="http://www.w3.org/1999/xhtml" xml:lang="en" lang="en">
 <head>
  <title>
</title>
<meta http-equiv="Content-Type" content="text/html;charset=utf-8" />
  <meta name='ocr-system' content='tesseract 3.04.00' />
  <meta name='ocr-capabilities' content='ocr_page ocr_carea ocr_par ocr_line ocrx_word'/>
</head>
<body>
  <div class='ocr_page' id='page_1' title='image "./diestatutenbche02leipgoog_0337.png"; bbox 0 0 4038 6358; ppageno 0'>
   <div class='ocr_carea' id='block_1_1' title="bbox 1280 685 3152 760">
    <p class='ocr_par' dir='ltr' id='par_1_1' title="bbox 1280 685 3152 760">
     <span class='ocr_line' id='line_1_1' title="bbox 1280 685 3152 760; baseline 0.01 -22"><span class='ocrx_word' id='word_1_1' title='bbox 1280 687 1382 740; x_wconf 80' lang='lat' dir='ltr'>Die</span> <span class='ocrx_word' id='word_1_2' title='bbox 1419 685 1659 742; x_wconf 72' lang='lat' dir='ltr'>Smntcn</span> <span class='ocrx_word' id='word_1_3' title='bbox 1696 704 1801 741; x_wconf 81' lang='lat' dir='ltr'>von</span> <span class='ocrx_word' id='word_1_4' title='bbox 1839 685 2186 744; x_wconf 73' lang='lat' dir='ltr'>uos—¹445.</span> <span class='ocrx_word' id='word_1_5' title='bbox 3037 692 3152 760; x_wconf 73' lang='grc'>821</span> 
     </span>
    </p>
   </div>
   <div class='ocr_carea' id='block_1_2' title="bbox 276 866 3249 1456">
    <p class='ocr_par' dir='ltr' id='par_1_2' title="bbox 276 866 3249 1456">
     <span class='ocr_line' id='line_1_2' title="bbox 276 866 3161 954; baseline 0.002 -23"><span class='ocrx_word' id='word_1_6' title='bbox 276 866 541 954; x_wconf 81' lang='lat' dir='ltr'>vigilia</span> <span class='ocrx_word' id='word_1_7' title='bbox 606 870 894 935; x_wconf 88' lang='lat' dir='ltr'>omnium</span> <span class='ocrx_word' id='word_1_8' title='bbox 957 879 1330 937; x_wconf 87' lang='lat' dir='ltr'>sanctorum</span> <span class='ocrx_word' id='word_1_9' title='bbox 1397 873 1586 944; x_wconf 82' lang='lat'><strong>(1443</strong></span> <span class='ocrx_word' id='word_1_10' title='bbox 1646 876 1760 933; x_wconf 82' lang='lat' dir='ltr'>den</span> <span class='ocrx_word' id='word_1_11' title='bbox 1817 877 1913 940; x_wconf 89' lang='lat'>31.</span> <span class='ocrx_word' id='word_1_12' title='bbox 1963 872 2241 950; x_wconf 79' lang='lat' dir='ltr'><strong><em>October)</em></strong></span> <span class='ocrx_word' id='word_1_13' title='bbox 2299 870 2670 935; x_wconf 88' lang='lat' dir='ltr'>conclusum</span> <span class='ocrx_word' id='word_1_14' title='bbox 2732 881 2794 936; x_wconf 89' lang='lat' dir='ltr'>et</span> <span class='ocrx_word' id='word_1_15' title='bbox 2854 879 3161 937; x_wconf 86' lang='lat' dir='ltr'>statutum</span> 
     </span>
     <span class='ocr_line' id='line_1_3' title="bbox 282 965 3161 1057; baseline 0.001 -26"><span class='ocrx_word' id='word_1_16' title='bbox 282 965 463 1051; x_wconf 82' lang='lat' dir='ltr'>fuit,</span> <span class='ocrx_word' id='word_1_17' title='bbox 502 967 677 1033; x_wconf 88' lang='lat' dir='ltr'>nullo</span> <span class='ocrx_word' id='word_1_18' title='bbox 704 970 961 1055; x_wconf 90' lang='lat' dir='ltr'>penitus</span> <span class='ocrx_word' id='word_1_19' title='bbox 986 969 1487 1051; x_wconf 79' lang='lat' dir='ltr'><strong>contradicente,</strong></span> <span class='ocrx_word' id='word_1_20' title='bbox 1531 968 1703 1057; x_wconf 91' lang='lat' dir='ltr'>quod</span> <span class='ocrx_word' id='word_1_21' title='bbox 1728 1011 1805 1020; x_wconf 97' lang='lat'>—</span> <span class='ocrx_word' id='word_1_22' title='bbox 1829 991 1958 1038; x_wconf 91' lang='lat' dir='ltr'>non</span> <span class='ocrx_word' id='word_1_23' title='bbox 1984 969 2300 1053; x_wconf 89' lang='lat' dir='ltr'>obstante,</span> <span class='ocrx_word' id='word_1_24' title='bbox 2341 969 2513 1057; x_wconf 92' lang='lat' dir='ltr'>quod</span> <span class='ocrx_word' id='word_1_25' title='bbox 2536 972 2677 1055; x_wconf 89' lang='lat' dir='ltr'>quis</span> <span class='ocrx_word' id='word_1_26' title='bbox 2707 972 3161 1057; x_wconf 87' lang='lat' dir='ltr'>magistrorum</span> 
     </span>
     <span class='ocr_line' id='line_1_4' title="bbox 282 1065 3165 1157; baseline 0.001 -27"><span class='ocrx_word' id='word_1_27' title='bbox 282 1065 427 1131; x_wconf 82' lang='lat' dir='ltr'>hic</span> <span class='ocrx_word' id='word_1_28' title='bbox 473 1066 704 1132; x_wconf 89' lang='lat' dir='ltr'>stando</span> <span class='ocrx_word' id='word_1_29' title='bbox 748 1079 1046 1156; x_wconf 89' lang='lat' dir='ltr'>quartum</span> <span class='ocrx_word' id='word_1_30' title='bbox 1088 1091 1326 1136; x_wconf 89' lang='lat' dir='ltr'>annum</span> <span class='ocrx_word' id='word_1_31' title='bbox 1371 1070 1469 1134; x_wconf 89' lang='lat' dir='ltr'>sui</span> <span class='ocrx_word' id='word_1_32' title='bbox 1512 1069 1872 1154; x_wconf 75' lang='lat' dir='ltr'>magisterii</span> <span class='ocrx_word' id='word_1_33' title='bbox 1901 1069 2208 1155; x_wconf 83' lang='lat' dir='ltr'>attigerit,</span> <span class='ocrx_word' id='word_1_34' title='bbox 2250 1069 2599 1156; x_wconf 79' lang='lat' dir='ltr'>byennium</span> <span class='ocrx_word' id='word_1_35' title='bbox 2625 1079 2690 1134; x_wconf 88' lang='lat' dir='ltr'>et</span> <span class='ocrx_word' id='word_1_36' title='bbox 2716 1069 2863 1154; x_wconf 91' lang='lat' dir='ltr'>alia,</span> <span class='ocrx_word' id='word_1_37' title='bbox 2904 1093 3067 1157; x_wconf 88' lang='lat' dir='ltr'>quae</span> <span class='ocrx_word' id='word_1_38' title='bbox 3097 1073 3165 1136; x_wconf 91' lang='lat' dir='ltr'>in</span> 
     </span>
     <span class='ocr_line' id='line_1_5' title="bbox 292 1165 3164 1258; baseline 0.002 -29"><span class='ocrx_word' id='word_1_39' title='bbox 292 1168 584 1231; x_wconf 73' lang='lat' dir='ltr'>statutis</span> <span class='ocrx_word' id='word_1_40' title='bbox 644 1165 726 1232; x_wconf 90' lang='lat' dir='ltr'>de</span> <span class='ocrx_word' id='word_1_41' title='bbox 774 1165 1016 1233; x_wconf 89' lang='lat' dir='ltr'>talibus</span> <span class='ocrx_word' id='word_1_42' title='bbox 1072 1168 1477 1233; x_wconf 78' lang='lat' dir='ltr'>assumendis</span> <span class='ocrx_word' id='word_1_43' title='bbox 1536 1168 2006 1254; x_wconf 88' lang='lat' dir='ltr'>exprimuntur,</span> <span class='ocrx_word' id='word_1_44' title='bbox 2064 1167 2483 1234; x_wconf 85' lang='lat' dir='ltr'>effectualiter</span> <span class='ocrx_word' id='word_1_45' title='bbox 2536 1168 2956 1256; x_wconf 83' lang='lat' dir='ltr'>compleverit</span> <span class='ocrx_word' id='word_1_46' title='bbox 3006 1171 3164 1258; x_wconf 88' lang='lat' dir='ltr'>peti·</span> 
     </span>
     <span class='ocr_line' id='line_1_6' title="bbox 297 1264 3249 1355; baseline 0.002 -27"><span class='ocrx_word' id='word_1_47' title='bbox 297 1264 710 1353; x_wconf 87' lang='lat' dir='ltr'>cionemque</span> <span class='ocrx_word' id='word_1_48' title='bbox 754 1289 876 1354; x_wconf 90' lang='lat' dir='ltr'>pro</span> <span class='ocrx_word' id='word_1_49' title='bbox 920 1268 1020 1331; x_wconf 88' lang='lat' dir='ltr'>sui</span> <span class='ocrx_word' id='word_1_50' title='bbox 1063 1268 1513 1355; x_wconf 89' lang='lat' dir='ltr'>assumpcione</span> <span class='ocrx_word' id='word_1_51' title='bbox 1556 1265 1642 1331; x_wconf 91' lang='lat' dir='ltr'>ad</span> <span class='ocrx_word' id='word_1_52' title='bbox 1681 1269 2029 1354; x_wconf 89' lang='lat' dir='ltr'>magistros</span> <span class='ocrx_word' id='word_1_53' title='bbox 2072 1276 2223 1333; x_wconf 89' lang='lat' dir='ltr'>actu</span> <span class='ocrx_word' id='word_1_54' title='bbox 2261 1278 2557 1355; x_wconf 85' lang='lat' dir='ltr'>regentes</span> <span class='ocrx_word' id='word_1_55' title='bbox 2582 1268 2993 1336; x_wconf 88' lang='lat' dir='ltr'>direxerit—</span> <span class='ocrx_word' id='word_1_56' title='bbox 3016 1268 3166 1334; x_wconf 87' lang='lat' dir='ltr'>talis</span> <span class='ocrx_word' id='word_1_57' title='bbox 3216 1278 3249 1335; x_wconf 83' lang='lat'>5</span> 
     </span>
     <span class='ocr_line' id='line_1_7' title="bbox 294 1364 2495 1456; baseline 0.002 -28"><span class='ocrx_word' id='word_1_58' title='bbox 294 1365 830 1452; x_wconf 85' lang='lat' dir='ltr'>uniuscuiusque</span> <span class='ocrx_word' id='word_1_59' title='bbox 872 1388 989 1454; x_wconf 90' lang='lat' dir='ltr'>per</span> <span class='ocrx_word' id='word_1_60' title='bbox 1032 1366 1311 1456; x_wconf 90' lang='lat' dir='ltr'>amplius</span> <span class='ocrx_word' id='word_1_61' title='bbox 1354 1365 1720 1453; x_wconf 89' lang='lat' dir='ltr'>assumpcio</span> <span class='ocrx_word' id='word_1_62' title='bbox 1765 1364 1957 1432; x_wconf 90' lang='lat' dir='ltr'>debet</span> <span class='ocrx_word' id='word_1_63' title='bbox 1996 1388 2140 1434; x_wconf 86' lang='lat' dir='ltr'>esse</span> <span class='ocrx_word' id='word_1_64' title='bbox 2179 1369 2495 1454; x_wconf 77' lang='lat' dir='ltr'>graciosa.</span> 
     </span>
    </p>
   </div>
   <div class='ocr_carea' id='block_1_3' title="bbox 1330 1521 2163 1616">
    <p class='ocr_par' dir='ltr' id='par_1_3' title="bbox 1330 1521 2163 1616">
     <span class='ocr_line' id='line_1_8' title="bbox 1330 1521 2163 1616; baseline 0.001 -12"><span class='ocrx_word' id='word_1_65' title='bbox 1330 1554 1381 1616; x_wconf 85' lang='lat' dir='ltr'>b,</span> <span class='ocrx_word' id='word_1_66' title='bbox 1421 1569 1536 1604; x_wconf 67' lang='lat' dir='ltr'>aa·</span> <span class='ocrx_word' id='word_1_67' title='bbox 1569 1555 1709 1603; x_wconf 70' lang='lat' dir='ltr'>dem</span> <span class='ocrx_word' id='word_1_68' title='bbox 1742 1521 1949 1605; x_wconf 69' lang='lat' dir='ltr'>Jahr&#39;e</span> <span class='ocrx_word' id='word_1_69' title='bbox 1986 1554 2163 1607; x_wconf 79' lang='lat'>1445.</span> 
     </span>
    </p>
   </div>
   <div class='ocr_carea' id='block_1_4' title="bbox 294 1682 3257 2071">
    <p class='ocr_par' dir='ltr' id='par_1_4' title="bbox 294 1682 3257 2071">
     <span class='ocr_line' id='line_1_9' title="bbox 482 1682 3171 1771; baseline 0.001 -24"><span class='ocrx_word' id='word_1_70' title='bbox 482 1682 648 1747; x_wconf 86' lang='lat' dir='ltr'>Item</span> <span class='ocrx_word' id='word_1_71' title='bbox 692 1704 861 1750; x_wconf 85' lang='lat' dir='ltr'>anno</span> <span class='ocrx_word' id='word_1_72' title='bbox 911 1684 1153 1752; x_wconf 92' lang='lat' dir='ltr'>domini</span> <span class='ocrx_word' id='word_1_73' title='bbox 1197 1685 1303 1751; x_wconf 76' lang='grc' dir='ltr'>Μ0</span> <span class='ocrx_word' id='word_1_74' title='bbox 1343 1683 1609 1753; x_wconf 81' lang='lat' dir='ltr'>COOO⁰</span> <span class='ocrx_word' id='word_1_75' title='bbox 1648 1684 1837 1752; x_wconf 88' lang='lat' dir='ltr'>XLV</span> <span class='ocrx_word' id='word_1_76' title='bbox 1890 1687 1959 1751; x_wconf 91' lang='lat' dir='ltr'>in</span> <span class='ocrx_word' id='word_1_77' title='bbox 2016 1685 2335 1750; x_wconf 75' lang='lat' dir='ltr'>decanam</span> <span class='ocrx_word' id='word_1_78' title='bbox 2374 1687 2670 1771; x_wconf 85' lang='lat' dir='ltr'>magistri</span> <span class='ocrx_word' id='word_1_79' title='bbox 2711 1686 2964 1752; x_wconf 89' lang='lat' dir='ltr'>Nicolai</span> <span class='ocrx_word' id='word_1_80' title='bbox 3007 1685 3171 1751; x_wconf 86' lang='lat' dir='ltr'>Gar-</span> 
     </span>
     <span class='ocr_line' id='line_1_10' title="bbox 294 1779 3172 1872; baseline 0.002 -28"><span class='ocrx_word' id='word_1_81' title='bbox 294 1779 447 1845; x_wconf 80' lang='lat' dir='ltr'>den</span> <span class='ocrx_word' id='word_1_82' title='bbox 505 1780 588 1846; x_wconf 90' lang='lat' dir='ltr'>de</span> <span class='ocrx_word' id='word_1_83' title='bbox 643 1780 1150 1870; x_wconf 82' lang='lat' dir='ltr'>Grifenhaghen,</span> <span class='ocrx_word' id='word_1_84' title='bbox 1211 1785 1386 1850; x_wconf 90' lang='lat' dir='ltr'>facta</span> <span class='ocrx_word' id='word_1_85' title='bbox 1438 1784 1630 1872; x_wconf 90' lang='lat' dir='ltr'>plena</span> <span class='ocrx_word' id='word_1_86' title='bbox 1685 1785 2197 1871; x_wconf 85' lang='lat' dir='ltr'>congregacione</span> <span class='ocrx_word' id='word_1_87' title='bbox 2255 1786 2712 1869; x_wconf 88' lang='lat' dir='ltr'>magistrorum</span> <span class='ocrx_word' id='word_1_88' title='bbox 2766 1785 2848 1850; x_wconf 92' lang='lat' dir='ltr'>de</span> <span class='ocrx_word' id='word_1_89' title='bbox 2905 1784 3172 1851; x_wconf 88' lang='lat' dir='ltr'>consilio</span> 
     </span>
     <span class='ocr_line' id='line_1_11' title="bbox 300 1879 3257 1971; baseline 0.001 -27"><span class='ocrx_word' id='word_1_90' title='bbox 300 1879 679 1965; x_wconf 76' lang='lat' dir='ltr'>facultatis,</span> <span class='ocrx_word' id='word_1_91' title='bbox 731 1883 895 1947; x_wconf 90' lang='lat' dir='ltr'>feria</span> <span class='ocrx_word' id='word_1_92' title='bbox 936 1885 1128 1948; x_wconf 88' lang='lat' dir='ltr'>tertia</span> <span class='ocrx_word' id='word_1_93' title='bbox 1169 1894 1317 1971; x_wconf 87' lang='lat' dir='ltr'>post</span> <span class='ocrx_word' id='word_1_94' title='bbox 1357 1884 1589 1948; x_wconf 87' lang='lat' dir='ltr'>festum</span> <span class='ocrx_word' id='word_1_95' title='bbox 1631 1882 2083 1949; x_wconf 91' lang='lat' dir='ltr'>decollacionis</span> <span class='ocrx_word' id='word_1_96' title='bbox 2125 1883 2226 1947; x_wconf 86' lang='lat' dir='ltr'>sti.</span> <span class='ocrx_word' id='word_1_97' title='bbox 2269 1881 2572 1948; x_wconf 87' lang='lat' dir='ltr'>Iohannis</span> <span class='ocrx_word' id='word_1_98' title='bbox 2615 1882 2942 1971; x_wconf 85' lang='lat' dir='ltr'>baptistae</span> <span class='ocrx_word' id='word_1_99' title='bbox 2980 1889 3257 1966; x_wconf 84' lang='lat'>(144510</span> 
     </span>
     <span class='ocr_line' id='line_1_12' title="bbox 300 1980 3134 2071; baseline 0.002 -29"><span class='ocrx_word' id='word_1_100' title='bbox 300 1985 374 2044; x_wconf 76' lang='lat' dir='ltr'>d.</span> <span class='ocrx_word' id='word_1_101' title='bbox 427 1986 531 2048; x_wconf 81' lang='lat'>31.</span> <span class='ocrx_word' id='word_1_102' title='bbox 571 1985 829 2065; x_wconf 60' lang='lat' dir='ltr'>Aequa)</span> <span class='ocrx_word' id='word_1_103' title='bbox 872 1982 1133 2047; x_wconf 77' lang='lat' dir='ltr'>fuerunt</span> <span class='ocrx_word' id='word_1_104' title='bbox 1172 2005 1293 2070; x_wconf 89' lang='lat' dir='ltr'>per</span> <span class='ocrx_word' id='word_1_105' title='bbox 1332 1981 1593 2047; x_wconf 88' lang='lat' dir='ltr'>eosdem</span> <span class='ocrx_word' id='word_1_106' title='bbox 1634 1983 1981 2069; x_wconf 86' lang='lat' dir='ltr'>magistros</span> <span class='ocrx_word' id='word_1_107' title='bbox 2026 1980 2327 2050; x_wconf 77' lang='lat' dir='ltr'>conclusa</span> <span class='ocrx_word' id='word_1_108' title='bbox 2367 1991 2606 2059; x_wconf 71' lang='lat' dir='ltr'>statuta</span> <span class='ocrx_word' id='word_1_109' title='bbox 2651 1982 3134 2071; x_wconf 86' lang='lat' dir='ltr'>subsequencia.</span> 
     </span>
    </p>
   </div>
   <div class='ocr_carea' id='block_1_5' title="bbox 304 2130 3260 2894">
    <p class='ocr_par' dir='ltr' id='par_1_5' title="bbox 304 2130 3260 2894">
     <span class='ocr_line' id='line_1_13' title="bbox 499 2130 3178 2221; baseline 0.001 -24"><span class='ocrx_word' id='word_1_110' title='bbox 499 2138 556 2197; x_wconf 93' lang='lat'>1.</span> <span class='ocrx_word' id='word_1_111' title='bbox 601 2131 915 2214; x_wconf 89' lang='lat' dir='ltr'>Primum,</span> <span class='ocrx_word' id='word_1_112' title='bbox 973 2131 1143 2220; x_wconf 88' lang='lat' dir='ltr'>quod</span> <span class='ocrx_word' id='word_1_113' title='bbox 1200 2130 1469 2220; x_wconf 87' lang='lat' dir='ltr'>quilibet</span> <span class='ocrx_word' id='word_1_114' title='bbox 1522 2130 2000 2217; x_wconf 82' lang='lat' dir='ltr'>promovendus</span> <span class='ocrx_word' id='word_1_115' title='bbox 2052 2132 2122 2196; x_wconf 92' lang='lat' dir='ltr'>in</span> <span class='ocrx_word' id='word_1_116' title='bbox 2162 2130 2602 2200; x_wconf 75' lang='lat' dir='ltr'>bacca-larium</span> <span class='ocrx_word' id='word_1_117' title='bbox 2644 2142 2755 2200; x_wconf 86' lang='lat' dir='ltr'>aut</span> <span class='ocrx_word' id='word_1_118' title='bbox 2795 2134 3178 2221; x_wconf 87' lang='lat' dir='ltr'>magistrum</span> 
     </span>
     <span class='ocr_line' id='line_1_14' title="bbox 312 2229 3176 2322; baseline 0.001 -26"><span class='ocrx_word' id='word_1_119' title='bbox 312 2231 395 2296; x_wconf 85' lang='lat' dir='ltr'>in</span> <span class='ocrx_word' id='word_1_120' title='bbox 446 2229 698 2297; x_wconf 86' lang='lat' dir='ltr'>artibus</span> <span class='ocrx_word' id='word_1_121' title='bbox 741 2230 1011 2298; x_wconf 89' lang='lat' dir='ltr'>habebit</span> <span class='ocrx_word' id='word_1_122' title='bbox 1051 2230 1418 2297; x_wconf 86' lang='lat' dir='ltr'>libertatem</span> <span class='ocrx_word' id='word_1_123' title='bbox 1461 2229 1742 2316; x_wconf 89' lang='lat' dir='ltr'>eligendi</span> <span class='ocrx_word' id='word_1_124' title='bbox 1782 2232 1852 2295; x_wconf 90' lang='lat' dir='ltr'>in</span> <span class='ocrx_word' id='word_1_125' title='bbox 1903 2239 2340 2318; x_wconf 84' lang='lat' dir='ltr'>promotorem</span> <span class='ocrx_word' id='word_1_126' title='bbox 2388 2255 2575 2298; x_wconf 90' lang='lat' dir='ltr'>suum</span> <span class='ocrx_word' id='word_1_127' title='bbox 2616 2257 2811 2300; x_wconf 88' lang='lat' dir='ltr'>unum</span> <span class='ocrx_word' id='word_1_128' title='bbox 2856 2232 2936 2299; x_wconf 89' lang='lat' dir='ltr'>de</span> <span class='ocrx_word' id='word_1_129' title='bbox 2973 2234 3176 2322; x_wconf 87' lang='lat' dir='ltr'>magi-</span> 
     </span>
     <span class='ocr_line' id='line_1_15' title="bbox 305 2328 3177 2419; baseline 0.001 -25"><span class='ocrx_word' id='word_1_130' title='bbox 305 2331 478 2396; x_wconf 80' lang='lat' dir='ltr'>stris</span> <span class='ocrx_word' id='word_1_131' title='bbox 541 2352 696 2396; x_wconf 87' lang='lat' dir='ltr'>suae</span> <span class='ocrx_word' id='word_1_132' title='bbox 750 2333 1061 2414; x_wconf 83' lang='lat' dir='ltr'>nacionis,</span> <span class='ocrx_word' id='word_1_133' title='bbox 1123 2351 1563 2419; x_wconf 85' lang='lat' dir='ltr'>quemcunque</span> <span class='ocrx_word' id='word_1_134' title='bbox 1616 2328 1924 2414; x_wconf 87' lang='lat' dir='ltr'>voluerit,</span> <span class='ocrx_word' id='word_1_135' title='bbox 1980 2339 2047 2395; x_wconf 91' lang='lat' dir='ltr'>et</span> <span class='ocrx_word' id='word_1_136' title='bbox 2099 2353 2228 2396; x_wconf 90' lang='lat' dir='ltr'>non</span> <span class='ocrx_word' id='word_1_137' title='bbox 2286 2330 2482 2396; x_wconf 87' lang='lat' dir='ltr'>alium</span> <span class='ocrx_word' id='word_1_138' title='bbox 2544 2331 2810 2398; x_wconf 88' lang='lat' dir='ltr'>alterius</span> <span class='ocrx_word' id='word_1_139' title='bbox 2867 2334 3177 2416; x_wconf 89' lang='lat' dir='ltr'>nacionis,</span> 
     </span>
     <span class='ocr_line' id='line_1_16' title="bbox 304 2428 3260 2520; baseline 0.001 -27"><span class='ocrx_word' id='word_1_140' title='bbox 304 2430 453 2493; x_wconf 87' lang='lat' dir='ltr'>nisi</span> <span class='ocrx_word' id='word_1_141' title='bbox 497 2429 866 2516; x_wconf 86' lang='lat' dir='ltr'>specialiter</span> <span class='ocrx_word' id='word_1_142' title='bbox 913 2430 1107 2495; x_wconf 89' lang='lat' dir='ltr'>alicui</span> <span class='ocrx_word' id='word_1_143' title='bbox 1145 2430 1373 2496; x_wconf 86' lang='lat' dir='ltr'>fuisset</span> <span class='ocrx_word' id='word_1_144' title='bbox 1413 2428 1809 2512; x_wconf 89' lang='lat' dir='ltr'>commissus,</span> <span class='ocrx_word' id='word_1_145' title='bbox 1867 2430 1978 2515; x_wconf 83' lang='lat' dir='ltr'>qui</span> <span class='ocrx_word' id='word_1_146' title='bbox 2030 2430 2089 2494; x_wconf 92' lang='lat' dir='ltr'>ei</span> <span class='ocrx_word' id='word_1_147' title='bbox 2150 2430 2540 2516; x_wconf 84' lang='lat' dir='ltr'>praefuisset</span> <span class='ocrx_word' id='word_1_148' title='bbox 2594 2453 2634 2496; x_wconf 90' lang='lat' dir='ltr'>a</span> <span class='ocrx_word' id='word_1_149' title='bbox 2685 2443 2993 2518; x_wconf 88' lang='lat' dir='ltr'>tempore,</span> <span class='ocrx_word' id='word_1_150' title='bbox 3048 2454 3172 2520; x_wconf 88' lang='lat' dir='ltr'>quo</span> <span class='ocrx_word' id='word_1_151' title='bbox 3200 2441 3260 2497; x_wconf 89' lang='lat'>15</span> 
     </span>
     <span class='ocr_line' id='line_1_17' title="bbox 308 2526 3178 2617; baseline 0.001 -24"><span class='ocrx_word' id='word_1_152' title='bbox 308 2529 627 2594; x_wconf 80' lang='lat' dir='ltr'>introivit</span> <span class='ocrx_word' id='word_1_153' title='bbox 664 2531 1173 2614; x_wconf 88' lang='lat' dir='ltr'>universitatem,</span> <span class='ocrx_word' id='word_1_154' title='bbox 1217 2528 1300 2595; x_wconf 91' lang='lat' dir='ltr'>de</span> <span class='ocrx_word' id='word_1_155' title='bbox 1329 2551 1454 2615; x_wconf 92' lang='lat' dir='ltr'>quo</span> <span class='ocrx_word' id='word_1_156' title='bbox 1484 2526 1681 2592; x_wconf 88' lang='lat' dir='ltr'>fidem</span> <span class='ocrx_word' id='word_1_157' title='bbox 1720 2528 1922 2594; x_wconf 86' lang='lat' dir='ltr'>faciat</span> <span class='ocrx_word' id='word_1_158' title='bbox 1960 2528 2258 2594; x_wconf 83' lang='lat' dir='ltr'>facultati</span> <span class='ocrx_word' id='word_1_159' title='bbox 2296 2552 2414 2617; x_wconf 89' lang='lat' dir='ltr'>per</span> <span class='ocrx_word' id='word_1_160' title='bbox 2455 2529 2745 2617; x_wconf 88' lang='lat' dir='ltr'>legitima</span> <span class='ocrx_word' id='word_1_161' title='bbox 2775 2531 3178 2614; x_wconf 88' lang='lat' dir='ltr'>documenta,</span> 
     </span>
     <span class='ocr_line' id='line_1_18' title="bbox 315 2624 3181 2716; baseline 0.001 -24"><span class='ocrx_word' id='word_1_162' title='bbox 315 2650 529 2714; x_wconf 87' lang='lat' dir='ltr'>quem</span> <span class='ocrx_word' id='word_1_163' title='bbox 571 2637 726 2693; x_wconf 82' lang='lat' dir='ltr'>tunc</span> <span class='ocrx_word' id='word_1_164' title='bbox 768 2631 1006 2716; x_wconf 88' lang='lat' dir='ltr'>poterit</span> <span class='ocrx_word' id='word_1_165' title='bbox 1047 2627 1300 2714; x_wconf 86' lang='lat' dir='ltr'>eligere.</span> <span class='ocrx_word' id='word_1_166' title='bbox 1348 2624 1438 2691; x_wconf 90' lang='lat' dir='ltr'>Et</span> <span class='ocrx_word' id='word_1_167' title='bbox 1479 2625 1790 2713; x_wconf 89' lang='lat' dir='ltr'>quicquid</span> <span class='ocrx_word' id='word_1_168' title='bbox 1831 2629 2166 2715; x_wconf 87' lang='lat' dir='ltr'>magistro,</span> <span class='ocrx_word' id='word_1_169' title='bbox 2212 2649 2401 2716; x_wconf 88' lang='lat' dir='ltr'>quem</span> <span class='ocrx_word' id='word_1_170' title='bbox 2441 2629 2535 2693; x_wconf 91' lang='lat' dir='ltr'>sic</span> <span class='ocrx_word' id='word_1_171' title='bbox 2558 2628 2840 2715; x_wconf 86' lang='lat' dir='ltr'>elegerit,</span> <span class='ocrx_word' id='word_1_172' title='bbox 2885 2652 2968 2695; x_wconf 88' lang='lat' dir='ltr'>ex</span> <span class='ocrx_word' id='word_1_173' title='bbox 3008 2630 3181 2716; x_wconf 89' lang='lat' dir='ltr'>lega·-</span> 
     </span>
     <span class='ocr_line' id='line_1_19' title="bbox 323 2724 3186 2815; baseline 0 -23"><span class='ocrx_word' id='word_1_174' title='bbox 323 2726 526 2793; x_wconf 82' lang='lat' dir='ltr'>litate</span> <span class='ocrx_word' id='word_1_175' title='bbox 568 2738 633 2793; x_wconf 88' lang='lat' dir='ltr'>et</span> <span class='ocrx_word' id='word_1_176' title='bbox 671 2727 873 2794; x_wconf 91' lang='lat' dir='ltr'>libere</span> <span class='ocrx_word' id='word_1_177' title='bbox 918 2727 1003 2793; x_wconf 88' lang='lat' dir='ltr'>ad</span> <span class='ocrx_word' id='word_1_178' title='bbox 1059 2725 1434 2793; x_wconf 84' lang='lat' dir='ltr'>cathedram</span> <span class='ocrx_word' id='word_1_179' title='bbox 1484 2724 1815 2810; x_wconf 85' lang='lat' dir='ltr'>direxerit,</span> <span class='ocrx_word' id='word_1_180' title='bbox 1868 2726 1992 2793; x_wconf 91' lang='lat' dir='ltr'>hoc</span> <span class='ocrx_word' id='word_1_181' title='bbox 2032 2724 2207 2793; x_wconf 91' lang='lat' dir='ltr'>idem</span> <span class='ocrx_word' id='word_1_182' title='bbox 2253 2728 2566 2815; x_wconf 85' lang='lat' dir='ltr'>magister</span> <span class='ocrx_word' id='word_1_183' title='bbox 2611 2750 2731 2815; x_wconf 90' lang='lat' dir='ltr'>pro</span> <span class='ocrx_word' id='word_1_184' title='bbox 2783 2751 2898 2793; x_wconf 89' lang='lat' dir='ltr'>suo</span> <span class='ocrx_word' id='word_1_185' title='bbox 2946 2728 3186 2794; x_wconf 89' lang='lat' dir='ltr'>honore</span> 
     </span>
     <span class='ocr_line' id='line_1_20' title="bbox 318 2824 1640 2894; baseline 0.001 -5"><span class='ocrx_word' id='word_1_186' title='bbox 318 2836 393 2890; x_wconf 87' lang='lat' dir='ltr'>et</span> <span class='ocrx_word' id='word_1_187' title='bbox 436 2824 666 2893; x_wconf 89' lang='lat' dir='ltr'>labore</span> <span class='ocrx_word' id='word_1_188' title='bbox 707 2826 973 2894; x_wconf 87' lang='lat' dir='ltr'>habebit</span> <span class='ocrx_word' id='word_1_189' title='bbox 1015 2835 1081 2892; x_wconf 90' lang='lat' dir='ltr'>et</span> <span class='ocrx_word' id='word_1_190' title='bbox 1123 2833 1457 2894; x_wconf 85' lang='lat' dir='ltr'>contentus</span> <span class='ocrx_word' id='word_1_191' title='bbox 1498 2825 1640 2891; x_wconf 88' lang='lat' dir='ltr'>erit.</span> 
     </span>
    </p>
   </div>
   <div class='ocr_carea' id='block_1_6' title="bbox 320 2958 3264 3443">
    <p class='ocr_par' dir='ltr' id='par_1_6' title="bbox 320 2958 3264 3443">
     <span class='ocr_line' id='line_1_21' title="bbox 497 2958 3264 3047; baseline -0.001 -22"><span class='ocrx_word' id='word_1_192' title='bbox 497 2964 558 3025; x_wconf 82' lang='lat'>2.</span> <span class='ocrx_word' id='word_1_193' title='bbox 596 2960 763 3028; x_wconf 81' lang='lat' dir='ltr'>Item</span> <span class='ocrx_word' id='word_1_194' title='bbox 802 2958 1066 3047; x_wconf 81' lang='lat' dir='ltr'>placuit,</span> <span class='ocrx_word' id='word_1_195' title='bbox 1110 2958 1282 3047; x_wconf 88' lang='lat' dir='ltr'>quod</span> <span class='ocrx_word' id='word_1_196' title='bbox 1327 2958 1608 3024; x_wconf 87' lang='lat' dir='ltr'>decanus</span> <span class='ocrx_word' id='word_1_197' title='bbox 1651 2958 1721 3022; x_wconf 88' lang='lat' dir='ltr'>in</span> <span class='ocrx_word' id='word_1_198' title='bbox 1763 2965 1956 3022; x_wconf 83' lang='lat' dir='ltr'>antea</span> <span class='ocrx_word' id='word_1_199' title='bbox 1988 2958 2146 3023; x_wconf 85' lang='lat' dir='ltr'>viva</span> <span class='ocrx_word' id='word_1_200' title='bbox 2182 2979 2345 3024; x_wconf 85' lang='lat' dir='ltr'>voce</span> <span class='ocrx_word' id='word_1_201' title='bbox 2386 2967 2450 3024; x_wconf 91' lang='lat' dir='ltr'>et</span> <span class='ocrx_word' id='word_1_202' title='bbox 2489 2959 2676 3025; x_wconf 82' lang='lat' dir='ltr'>iuxta</span> <span class='ocrx_word' id='word_1_203' title='bbox 2712 2959 2974 3025; x_wconf 90' lang='lat' dir='ltr'>modum</span> <span class='ocrx_word' id='word_1_204' title='bbox 3016 2960 3177 3024; x_wconf 90' lang='lat' dir='ltr'>anti·</span> <span class='ocrx_word' id='word_1_205' title='bbox 3196 2967 3264 3023; x_wconf 80' lang='lat'>20</span> 
     </span>
     <span class='ocr_line' id='line_1_22' title="bbox 320 3055 3176 3146; baseline 0 -22"><span class='ocrx_word' id='word_1_206' title='bbox 320 3080 535 3142; x_wconf 86' lang='lat' dir='ltr'>quum</span> <span class='ocrx_word' id='word_1_207' title='bbox 579 3061 803 3125; x_wconf 85' lang='lat' dir='ltr'>statuti</span> <span class='ocrx_word' id='word_1_208' title='bbox 842 3059 1121 3146; x_wconf 87' lang='lat' dir='ltr'>desuper</span> <span class='ocrx_word' id='word_1_209' title='bbox 1162 3058 1437 3123; x_wconf 85' lang='lat' dir='ltr'>confecti</span> <span class='ocrx_word' id='word_1_210' title='bbox 1478 3055 1777 3143; x_wconf 85' lang='lat' dir='ltr'>eligatur,</span> <span class='ocrx_word' id='word_1_211' title='bbox 1821 3065 1886 3121; x_wconf 87' lang='lat' dir='ltr'>et</span> <span class='ocrx_word' id='word_1_212' title='bbox 1928 3055 2106 3144; x_wconf 91' lang='lat' dir='ltr'>quod</span> <span class='ocrx_word' id='word_1_213' title='bbox 2147 3056 2229 3122; x_wconf 91' lang='lat' dir='ltr'>de</span> <span class='ocrx_word' id='word_1_214' title='bbox 2271 3056 2481 3123; x_wconf 86' lang='lat' dir='ltr'>officio</span> <span class='ocrx_word' id='word_1_215' title='bbox 2526 3081 2642 3124; x_wconf 85' lang='lat' dir='ltr'>suo</span> <span class='ocrx_word' id='word_1_216' title='bbox 2685 3082 2806 3146; x_wconf 90' lang='lat' dir='ltr'>pro</span> <span class='ocrx_word' id='word_1_217' title='bbox 2846 3058 3176 3124; x_wconf 88' lang='lat' dir='ltr'>laboribus</span> 
     </span>
     <span class='ocr_line' id='line_1_23' title="bbox 322 3154 3182 3243; baseline 0 -20"><span class='ocrx_word' id='word_1_218' title='bbox 322 3158 401 3223; x_wconf 89' lang='lat' dir='ltr'>in</span> <span class='ocrx_word' id='word_1_219' title='bbox 443 3157 749 3225; x_wconf 87' lang='lat' dir='ltr'>XXXVI</span> <span class='ocrx_word' id='word_1_220' title='bbox 788 3158 1055 3227; x_wconf 86' lang='lat' dir='ltr'>florenis</span> <span class='ocrx_word' id='word_1_221' title='bbox 1094 3156 1480 3240; x_wconf 88' lang='lat' dir='ltr'>rinensibus,</span> <span class='ocrx_word' id='word_1_222' title='bbox 1533 3177 1692 3243; x_wconf 89' lang='lat' dir='ltr'>quos</span> <span class='ocrx_word' id='word_1_223' title='bbox 1736 3178 1777 3221; x_wconf 90' lang='lat' dir='ltr'>a</span> <span class='ocrx_word' id='word_1_224' title='bbox 1817 3154 2279 3243; x_wconf 86' lang='lat' dir='ltr'>promovendis</span> <span class='ocrx_word' id='word_1_225' title='bbox 2333 3158 2519 3223; x_wconf 89' lang='lat' dir='ltr'>iuxta</span> <span class='ocrx_word' id='word_1_226' title='bbox 2558 3170 2883 3224; x_wconf 87' lang='lat' dir='ltr'>monetam</span> <span class='ocrx_word' id='word_1_227' title='bbox 2927 3181 3182 3224; x_wconf 90' lang='lat' dir='ltr'>curren-</span> 
     </span>
     <span class='ocr_line' id='line_1_24' title="bbox 320 3255 3189 3347; baseline -0 -23"><span class='ocrx_word' id='word_1_228' title='bbox 320 3266 461 3324; x_wconf 79' lang='lat' dir='ltr'>tem</span> <span class='ocrx_word' id='word_1_229' title='bbox 505 3260 849 3347; x_wconf 86' lang='lat' dir='ltr'>percipiat,</span> <span class='ocrx_word' id='word_1_230' title='bbox 892 3261 979 3325; x_wconf 86' lang='lat' dir='ltr'>sit</span> <span class='ocrx_word' id='word_1_231' title='bbox 1013 3266 1382 3341; x_wconf 84' lang='lat' dir='ltr'>contentus3</span> <span class='ocrx_word' id='word_1_232' title='bbox 1426 3257 1483 3321; x_wconf 89' lang='lat' dir='ltr'>si</span> <span class='ocrx_word' id='word_1_233' title='bbox 1513 3278 1669 3321; x_wconf 87' lang='lat' dir='ltr'>vero</span> <span class='ocrx_word' id='word_1_234' title='bbox 1712 3264 1938 3342; x_wconf 86' lang='lat' dir='ltr'>pastus</span> <span class='ocrx_word' id='word_1_235' title='bbox 1980 3255 2566 3342; x_wconf 85' lang='lat' dir='ltr'>promovendorum</span> <span class='ocrx_word' id='word_1_236' title='bbox 2608 3258 2696 3323; x_wconf 91' lang='lat' dir='ltr'>ad</span> <span class='ocrx_word' id='word_1_237' title='bbox 2731 3268 2979 3324; x_wconf 79' lang='lat' dir='ltr'>tantam</span> <span class='ocrx_word' id='word_1_238' title='bbox 3022 3281 3189 3323; x_wconf 87' lang='lat' dir='ltr'>sum·</span> 
     </span>
     <span class='ocr_line' id='line_1_25' title="bbox 325 3354 3184 3443; baseline 0 -20"><span class='ocrx_word' id='word_1_239' title='bbox 325 3380 515 3423; x_wconf 87' lang='lat' dir='ltr'>mam</span> <span class='ocrx_word' id='word_1_240' title='bbox 556 3380 626 3423; x_wconf 92' lang='lat' dir='ltr'>se</span> <span class='ocrx_word' id='word_1_241' title='bbox 664 3381 797 3424; x_wconf 92' lang='lat' dir='ltr'>non</span> <span class='ocrx_word' id='word_1_242' title='bbox 838 3357 1218 3441; x_wconf 86' lang='lat' dir='ltr'>extenderit,</span> <span class='ocrx_word' id='word_1_243' title='bbox 1264 3355 1544 3422; x_wconf 85' lang='lat' dir='ltr'>facultas</span> <span class='ocrx_word' id='word_1_244' title='bbox 1588 3354 1888 3443; x_wconf 87' lang='lat' dir='ltr'>suppleat</span> <span class='ocrx_word' id='word_1_245' title='bbox 1926 3378 2261 3421; x_wconf 88' lang='lat' dir='ltr'>numerum</span> <span class='ocrx_word' id='word_1_246' title='bbox 2316 3366 2805 3442; x_wconf 84' lang='lat' dir='ltr'>praetaxatum3</span> <span class='ocrx_word' id='word_1_247' title='bbox 2864 3360 2920 3423; x_wconf 89' lang='lat' dir='ltr'>si</span> <span class='ocrx_word' id='word_1_248' title='bbox 2974 3369 3184 3424; x_wconf 88' lang='lat' dir='ltr'>autem</span> 
     </span>
    </p>
   </div>
   <div class='ocr_carea' id='block_1_7' title="bbox 328 3454 3265 3545">
    <p class='ocr_par' dir='ltr' id='par_1_7' title="bbox 328 3454 3265 3545">
     <span class='ocr_line' id='line_1_26' title="bbox 328 3454 3265 3545; baseline 0 -23"><span class='ocrx_word' id='word_1_249' title='bbox 328 3455 589 3545; x_wconf 73' lang='lat' dir='ltr'>aliquid</span> <span class='ocrx_word' id='word_1_250' title='bbox 630 3459 967 3545; x_wconf 85' lang='lat' dir='ltr'>supererit,</span> <span class='ocrx_word' id='word_1_251' title='bbox 1011 3456 1202 3523; x_wconf 84' lang='lat' dir='ltr'>cedat</span> <span class='ocrx_word' id='word_1_252' title='bbox 1238 3454 1549 3521; x_wconf 85' lang='lat' dir='ltr'>facultati.</span> <span class='ocrx_word' id='word_1_253' title='bbox 3197 3466 3265 3523; x_wconf 82' lang='lat'>25</span> 
     </span>
    </p>
   </div>
   <div class='ocr_carea' id='block_1_8' title="bbox 330 3586 3274 4570">
    <p class='ocr_par' dir='ltr' id='par_1_8' title="bbox 330 3586 3274 4570">
     <span class='ocr_line' id='line_1_27' title="bbox 507 3586 3188 3677; baseline -0 -21"><span class='ocrx_word' id='word_1_254' title='bbox 507 3595 566 3657; x_wconf 84' lang='lat'>3.</span> <span class='ocrx_word' id='word_1_255' title='bbox 609 3590 774 3655; x_wconf 90' lang='lat' dir='ltr'>Item</span> <span class='ocrx_word' id='word_1_256' title='bbox 812 3588 1077 3677; x_wconf 87' lang='lat' dir='ltr'>placuit,</span> <span class='ocrx_word' id='word_1_257' title='bbox 1122 3587 1295 3675; x_wconf 92' lang='lat' dir='ltr'>quod</span> <span class='ocrx_word' id='word_1_258' title='bbox 1337 3587 1812 3652; x_wconf 84' lang='lat' dir='ltr'>examinatores</span> <span class='ocrx_word' id='word_1_259' title='bbox 1852 3608 1973 3675; x_wconf 88' lang='lat' dir='ltr'>per</span> <span class='ocrx_word' id='word_1_260' title='bbox 2014 3596 2251 3651; x_wconf 87' lang='lat' dir='ltr'>sortem</span> <span class='ocrx_word' id='word_1_261' title='bbox 2293 3586 2631 3673; x_wconf 87' lang='lat' dir='ltr'>eligantur.</span> <span class='ocrx_word' id='word_1_262' title='bbox 2706 3587 2794 3652; x_wconf 90' lang='lat' dir='ltr'>Et</span> <span class='ocrx_word' id='word_1_263' title='bbox 2835 3587 3062 3654; x_wconf 88' lang='lat' dir='ltr'>modus</span> <span class='ocrx_word' id='word_1_264' title='bbox 3104 3590 3188 3655; x_wconf 91' lang='lat' dir='ltr'>sit</span> 
     </span>
     <span class='ocr_line' id='line_1_28' title="bbox 332 3684 3191 3776; baseline 0 -23"><span class='ocrx_word' id='word_1_265' title='bbox 332 3689 487 3772; x_wconf 86' lang='lat' dir='ltr'>iste,</span> <span class='ocrx_word' id='word_1_266' title='bbox 534 3687 709 3776; x_wconf 90' lang='lat' dir='ltr'>quod</span> <span class='ocrx_word' id='word_1_267' title='bbox 748 3698 1071 3775; x_wconf 84' lang='lat' dir='ltr'>ponantur</span> <span class='ocrx_word' id='word_1_268' title='bbox 1109 3698 1204 3754; x_wconf 90' lang='lat' dir='ltr'>tot</span> <span class='ocrx_word' id='word_1_269' title='bbox 1239 3686 1507 3753; x_wconf 90' lang='lat' dir='ltr'>cedulae</span> <span class='ocrx_word' id='word_1_270' title='bbox 1548 3685 1833 3774; x_wconf 89' lang='lat' dir='ltr'>undique</span> <span class='ocrx_word' id='word_1_271' title='bbox 1873 3685 2117 3750; x_wconf 88' lang='lat' dir='ltr'>similes</span> <span class='ocrx_word' id='word_1_272' title='bbox 2160 3684 2243 3751; x_wconf 86' lang='lat' dir='ltr'>ad</span> <span class='ocrx_word' id='word_1_273' title='bbox 2290 3708 2484 3751; x_wconf 91' lang='lat' dir='ltr'>unam</span> <span class='ocrx_word' id='word_1_274' title='bbox 2519 3688 2797 3770; x_wconf 87' lang='lat' dir='ltr'>mitram,</span> <span class='ocrx_word' id='word_1_275' title='bbox 2852 3698 3007 3775; x_wconf 90' lang='lat' dir='ltr'>quot</span> <span class='ocrx_word' id='word_1_276' title='bbox 3042 3698 3191 3754; x_wconf 85' lang='lat' dir='ltr'>sunt</span> 
     </span>
     <span class='ocr_line' id='line_1_29' title="bbox 334 3782 3188 3875; baseline 0 -23"><span class='ocrx_word' id='word_1_277' title='bbox 334 3788 643 3874; x_wconf 87' lang='lat' dir='ltr'>magistri</span> <span class='ocrx_word' id='word_1_278' title='bbox 681 3789 872 3853; x_wconf 90' lang='lat' dir='ltr'>unius</span> <span class='ocrx_word' id='word_1_279' title='bbox 916 3788 1211 3853; x_wconf 89' lang='lat' dir='ltr'>nacionis</span> <span class='ocrx_word' id='word_1_280' title='bbox 1253 3795 1646 3875; x_wconf 86' lang='lat' dir='ltr'>praesentes,</span> <span class='ocrx_word' id='word_1_281' title='bbox 1690 3807 1964 3871; x_wconf 88' lang='lat' dir='ltr'>quarum</span> <span class='ocrx_word' id='word_1_282' title='bbox 2007 3807 2137 3849; x_wconf 91' lang='lat' dir='ltr'>una</span> <span class='ocrx_word' id='word_1_283' title='bbox 2179 3787 2508 3853; x_wconf 83' lang='lat' dir='ltr'>contineat</span> <span class='ocrx_word' id='word_1_284' title='bbox 2545 3782 2983 3855; x_wconf 82' lang='lat' dir='ltr'>‘examinator&#39;</span> <span class='ocrx_word' id='word_1_285' title='bbox 2993 3811 3009 3870; x_wconf 82' lang='lat'><em>3</em></span> <span class='ocrx_word' id='word_1_286' title='bbox 3054 3790 3188 3874; x_wconf 91' lang='lat' dir='ltr'>qui·</span> 
     </span>
     <span class='ocr_line' id='line_1_30' title="bbox 335 3884 3192 3975; baseline -0 -22"><span class='ocrx_word' id='word_1_287' title='bbox 335 3909 598 3975; x_wconf 89' lang='lat' dir='ltr'>cunque</span> <span class='ocrx_word' id='word_1_288' title='bbox 636 3887 1101 3974; x_wconf 86' lang='lat' dir='ltr'>magistrorum</span> <span class='ocrx_word' id='word_1_289' title='bbox 1140 3908 1259 3974; x_wconf 89' lang='lat' dir='ltr'>per</span> <span class='ocrx_word' id='word_1_290' title='bbox 1298 3896 1542 3951; x_wconf 87' lang='lat' dir='ltr'>sortem</span> <span class='ocrx_word' id='word_1_291' title='bbox 1582 3905 1726 3949; x_wconf 88' lang='lat' dir='ltr'>eam</span> <span class='ocrx_word' id='word_1_292' title='bbox 1779 3885 2040 3970; x_wconf 89' lang='lat' dir='ltr'>reperit,</span> <span class='ocrx_word' id='word_1_293' title='bbox 2095 3884 2217 3947; x_wconf 89' lang='lat' dir='ltr'>erit</span> <span class='ocrx_word' id='word_1_294' title='bbox 2259 3886 2665 3950; x_wconf 83' lang='lat' dir='ltr'>examinator</span> <span class='ocrx_word' id='word_1_295' title='bbox 2707 3885 2820 3950; x_wconf 90' lang='lat' dir='ltr'>illa</span> <span class='ocrx_word' id='word_1_296' title='bbox 2858 3888 3020 3952; x_wconf 86' lang='lat' dir='ltr'>vice.</span> <span class='ocrx_word' id='word_1_297' title='bbox 3102 3886 3192 3952; x_wconf 88' lang='lat' dir='ltr'>Et</span> 
     </span>
     <span class='ocr_line' id='line_1_31' title="bbox 332 3979 3274 4073; baseline 0 -21"><span class='ocrx_word' id='word_1_298' title='bbox 332 3987 434 4052; x_wconf 86' lang='lat' dir='ltr'>sic</span> <span class='ocrx_word' id='word_1_299' title='bbox 480 4009 597 4052; x_wconf 89' lang='lat' dir='ltr'>suo</span> <span class='ocrx_word' id='word_1_300' title='bbox 638 3985 829 4052; x_wconf 90' lang='lat' dir='ltr'>modo</span> <span class='ocrx_word' id='word_1_301' title='bbox 864 3987 935 4051; x_wconf 90' lang='lat' dir='ltr'>in</span> <span class='ocrx_word' id='word_1_302' title='bbox 975 3985 1120 4052; x_wconf 89' lang='lat' dir='ltr'>aliis</span> <span class='ocrx_word' id='word_1_303' title='bbox 1158 3984 1368 4051; x_wconf 90' lang='lat' dir='ltr'>tribus</span> <span class='ocrx_word' id='word_1_304' title='bbox 1410 3981 1778 4049; x_wconf 87' lang='lat' dir='ltr'>nationibus</span> <span class='ocrx_word' id='word_1_305' title='bbox 1821 3983 2233 4070; x_wconf 83' lang='lat' dir='ltr'>practicetur.</span> <span class='ocrx_word' id='word_1_306' title='bbox 2286 3979 2416 4062; x_wconf 80' lang='lat' dir='ltr'>Qui</span> <span class='ocrx_word' id='word_1_307' title='bbox 2455 3994 2747 4068; x_wconf 85' lang='lat' dir='ltr'>quatuor,</span> <span class='ocrx_word' id='word_1_308' title='bbox 2789 4007 2908 4073; x_wconf 90' lang='lat' dir='ltr'>per</span> <span class='ocrx_word' id='word_1_309' title='bbox 2949 3996 3185 4052; x_wconf 88' lang='lat' dir='ltr'>sortem</span> <span class='ocrx_word' id='word_1_310' title='bbox 3205 3996 3274 4052; x_wconf 80' lang='lat'>30</span> 
     </span>
     <span class='ocr_line' id='line_1_32' title="bbox 338 4080 3192 4174; baseline 0 -23"><span class='ocrx_word' id='word_1_311' title='bbox 338 4087 441 4151; x_wconf 86' lang='lat' dir='ltr'>sic</span> <span class='ocrx_word' id='word_1_312' title='bbox 488 4084 697 4170; x_wconf 88' lang='lat' dir='ltr'>electi,</span> <span class='ocrx_word' id='word_1_313' title='bbox 739 4108 870 4150; x_wconf 89' lang='lat' dir='ltr'>una</span> <span class='ocrx_word' id='word_1_314' title='bbox 910 4108 1056 4151; x_wconf 89' lang='lat' dir='ltr'>cum</span> <span class='ocrx_word' id='word_1_315' title='bbox 1099 4084 1345 4150; x_wconf 89' lang='lat' dir='ltr'>decano</span> <span class='ocrx_word' id='word_1_316' title='bbox 1389 4081 1923 4149; x_wconf 88' lang='lat' dir='ltr'>baccalariandos</span> <span class='ocrx_word' id='word_1_317' title='bbox 1981 4080 2464 4147; x_wconf 86' lang='lat' dir='ltr'>examinabunt.</span> <span class='ocrx_word' id='word_1_318' title='bbox 2546 4081 2656 4148; x_wconf 87' lang='lat' dir='ltr'>Sic</span> <span class='ocrx_word' id='word_1_319' title='bbox 2701 4084 2997 4150; x_wconf 88' lang='lat' dir='ltr'>similiter</span> <span class='ocrx_word' id='word_1_320' title='bbox 3039 4109 3192 4174; x_wconf 88' lang='lat' dir='ltr'>qua-</span> 
     </span>
     <span class='ocr_line' id='line_1_33' title="bbox 330 4179 3193 4272; baseline 0.001 -22"><span class='ocrx_word' id='word_1_321' title='bbox 330 4193 491 4251; x_wconf 82' lang='lat' dir='ltr'>tuor</span> <span class='ocrx_word' id='word_1_322' title='bbox 529 4206 648 4272; x_wconf 90' lang='lat' dir='ltr'>per</span> <span class='ocrx_word' id='word_1_323' title='bbox 689 4194 926 4250; x_wconf 84' lang='lat' dir='ltr'>sortem</span> <span class='ocrx_word' id='word_1_324' title='bbox 969 4183 1157 4250; x_wconf 88' lang='lat' dir='ltr'>electi</span> <span class='ocrx_word' id='word_1_325' title='bbox 1200 4206 1344 4248; x_wconf 90' lang='lat' dir='ltr'>cum</span> <span class='ocrx_word' id='word_1_326' title='bbox 1387 4179 1918 4248; x_wconf 86' lang='lat' dir='ltr'>vicecancellario</span> <span class='ocrx_word' id='word_1_327' title='bbox 1962 4180 2444 4267; x_wconf 90' lang='lat' dir='ltr'>magistrandos</span> <span class='ocrx_word' id='word_1_328' title='bbox 2481 4183 2892 4271; x_wconf 85' lang='lat' dir='ltr'>temptabunt</span> <span class='ocrx_word' id='word_1_329' title='bbox 2933 4194 2999 4251; x_wconf 87' lang='lat' dir='ltr'>et</span> <span class='ocrx_word' id='word_1_330' title='bbox 3043 4209 3193 4252; x_wconf 90' lang='lat' dir='ltr'>exa-</span> 
     </span>
     <span class='ocr_line' id='line_1_34' title="bbox 335 4279 3196 4372; baseline 0.001 -23"><span class='ocrx_word' id='word_1_331' title='bbox 335 4283 702 4367; x_wconf 87' lang='lat' dir='ltr'>minabunt,</span> <span class='ocrx_word' id='word_1_332' title='bbox 745 4284 841 4350; x_wconf 82' lang='lat' dir='ltr'>ita</span> <span class='ocrx_word' id='word_1_333' title='bbox 882 4282 1055 4372; x_wconf 91' lang='lat' dir='ltr'>quod</span> <span class='ocrx_word' id='word_1_334' title='bbox 1102 4282 1276 4348; x_wconf 87' lang='lat' dir='ltr'>solus</span> <span class='ocrx_word' id='word_1_335' title='bbox 1317 4281 1598 4347; x_wconf 86' lang='lat' dir='ltr'>decanus</span> <span class='ocrx_word' id='word_1_336' title='bbox 1643 4280 1729 4345; x_wconf 88' lang='lat' dir='ltr'>sit</span> <span class='ocrx_word' id='word_1_337' title='bbox 1769 4279 1850 4345; x_wconf 91' lang='lat' dir='ltr'>de</span> <span class='ocrx_word' id='word_1_338' title='bbox 1893 4281 2187 4346; x_wconf 88' lang='lat' dir='ltr'>essencia</span> <span class='ocrx_word' id='word_1_339' title='bbox 2228 4281 2548 4345; x_wconf 84' lang='lat' dir='ltr'>examinis</span> <span class='ocrx_word' id='word_1_340' title='bbox 2591 4302 2712 4370; x_wconf 89' lang='lat' dir='ltr'>pro</span> <span class='ocrx_word' id='word_1_341' title='bbox 2752 4282 3196 4351; x_wconf 86' lang='lat' dir='ltr'>baccalariatu</span> 
     </span>
     <span class='ocr_line' id='line_1_35' title="bbox 338 4378 3194 4473; baseline 0.002 -25"><span class='ocrx_word' id='word_1_342' title='bbox 338 4392 405 4448; x_wconf 89' lang='lat' dir='ltr'>et</span> <span class='ocrx_word' id='word_1_343' title='bbox 450 4382 628 4449; x_wconf 87' lang='lat' dir='ltr'>solus</span> <span class='ocrx_word' id='word_1_344' title='bbox 650 4381 1243 4468; x_wconf 86' lang='lat' dir='ltr'>vicecancellarius,</span> <span class='ocrx_word' id='word_1_345' title='bbox 1287 4391 1352 4447; x_wconf 88' lang='lat' dir='ltr'>et</span> <span class='ocrx_word' id='word_1_346' title='bbox 1390 4402 1519 4445; x_wconf 91' lang='lat' dir='ltr'>non</span> <span class='ocrx_word' id='word_1_347' title='bbox 1559 4378 1861 4462; x_wconf 89' lang='lat' dir='ltr'>decanus,</span> <span class='ocrx_word' id='word_1_348' title='bbox 1906 4402 2028 4466; x_wconf 90' lang='lat' dir='ltr'>pro</span> <span class='ocrx_word' id='word_1_349' title='bbox 2063 4379 2460 4466; x_wconf 78' lang='lat' dir='ltr'>magisteriO,</span> <span class='ocrx_word' id='word_1_350' title='bbox 2503 4402 2776 4468; x_wconf 90' lang='lat' dir='ltr'>quorum</span> <span class='ocrx_word' id='word_1_351' title='bbox 2820 4394 2919 4450; x_wconf 87' lang='lat' dir='ltr'>est</span> <span class='ocrx_word' id='word_1_352' title='bbox 2959 4408 3194 4473; x_wconf 89' lang='lat' dir='ltr'>propo-</span> 
     </span>
     <span class='ocr_line' id='line_1_36' title="bbox 340 4478 3269 4570; baseline 0.001 -22"><span class='ocrx_word' id='word_1_353' title='bbox 340 4483 625 4548; x_wconf 87' lang='lat' dir='ltr'>siciones</span> <span class='ocrx_word' id='word_1_354' title='bbox 667 4481 1119 4548; x_wconf 84' lang='lat' dir='ltr'>examinandis</span> <span class='ocrx_word' id='word_1_355' title='bbox 1161 4484 1517 4570; x_wconf 83' lang='lat' dir='ltr'>assignare.</span> <span class='ocrx_word' id='word_1_356' title='bbox 1596 4478 1926 4546; x_wconf 84' lang='lat' dir='ltr'>Tenentur</span> <span class='ocrx_word' id='word_1_357' title='bbox 1965 4481 2217 4545; x_wconf 88' lang='lat' dir='ltr'>tamen¹</span> <span class='ocrx_word' id='word_1_358' title='bbox 2258 4481 2689 4566; x_wconf 86' lang='lat' dir='ltr'>magistrandi</span> <span class='ocrx_word' id='word_1_359' title='bbox 2734 4529 2999 4549; x_wconf 92' lang='grc'><strong>.....</strong></span> <span class='ocrx_word' id='word_1_360' title='bbox 3201 4495 3269 4552; x_wconf 85' lang='grc'>35</span> 
     </span>
    </p>
   </div>
   <div class='ocr_carea' id='block_1_9' title="bbox 339 4776 3196 4938">
    <p class='ocr_par' dir='ltr' id='par_1_9' title="bbox 339 4776 3196 4938">
     <span class='ocr_line' id='line_1_37' title="bbox 517 4776 3196 4850; baseline -0.001 -10"><span class='ocrx_word' id='word_1_361' title='bbox 517 4788 547 4840; x_wconf 83' lang='lat'><em>1</em></span> <span class='ocrx_word' id='word_1_362' title='bbox 581 4783 752 4843; x_wconf 71' lang='lat' dir='ltr'>Die-e</span> <span class='ocrx_word' id='word_1_363' title='bbox 784 4780 983 4839; x_wconf 82' lang='lat' dir='ltr'>beiden</span> <span class='ocrx_word' id='word_1_364' title='bbox 1013 4781 1319 4839; x_wconf 74' lang='lat' dir='ltr'>vorletsten</span> <span class='ocrx_word' id='word_1_365' title='bbox 1354 4780 1551 4837; x_wconf 71' lang='lat' dir='ltr'>woroe</span> <span class='ocrx_word' id='word_1_366' title='bbox 1594 4778 1719 4835; x_wconf 85' lang='lat' dir='ltr'>sind</span> <span class='ocrx_word' id='word_1_367' title='bbox 1766 4776 1895 4835; x_wconf 85' lang='lat' dir='ltr'>sehr</span> <span class='ocrx_word' id='word_1_368' title='bbox 1925 4776 2275 4847; x_wconf 87' lang='lat' dir='ltr'>undeutlich;</span> <span class='ocrx_word' id='word_1_369' title='bbox 2330 4777 2476 4834; x_wconf 82' lang='lat' dir='ltr'>nach</span> <span class='ocrx_word' id='word_1_370' title='bbox 2518 4779 2889 4850; x_wconf 60' lang='lat' dir='ltr'>mouisti-andi</span> <span class='ocrx_word' id='word_1_371' title='bbox 2918 4780 3043 4836; x_wconf 86' lang='lat' dir='ltr'>sind</span> <span class='ocrx_word' id='word_1_372' title='bbox 3075 4781 3196 4838; x_wconf 87' lang='lat' dir='ltr'>eine</span> 
     </span>
     <span class='ocr_line' id='line_1_38' title="bbox 339 4864 1488 4938; baseline -0.01 -8"><span class='ocrx_word' id='word_1_373' title='bbox 339 4867 475 4930; x_wconf 74' lang='lat' dir='ltr'>oder</span> <span class='ocrx_word' id='word_1_374' title='bbox 506 4866 756 4927; x_wconf 70' lang='lat' dir='ltr'>melnen</span> <span class='ocrx_word' id='word_1_375' title='bbox 787 4864 975 4927; x_wconf 74' lang='lat' dir='ltr'>zenon</span> <span class='ocrx_word' id='word_1_376' title='bbox 1005 4864 1488 4938; x_wconf 75' lang='lat' dir='ltr'>weggesehnitten.</span> 
     </span>
    </p>
   </div>
   <div class='ocr_carea' id='block_1_10' title="bbox 476 5445 2838 5506">
    <p class='ocr_par' dir='ltr' id='par_1_10' title="bbox 476 5445 2838 5506">
     <span class='ocr_line' id='line_1_39' title="bbox 476 5445 2838 5506; baseline -0.003 -8"><span class='ocrx_word' id='word_1_377' title='bbox 476 5455 917 5499; x_wconf 62' lang='lat' dir='ltr'>marm-moon</span> <span class='ocrx_word' id='word_1_378' title='bbox 951 5454 1066 5494; x_wconf 71' lang='lat' dir='ltr'>nnn</span> <span class='ocrx_word' id='word_1_379' title='bbox 1099 5456 1249 5494; x_wconf 80' lang='lat' dir='ltr'>muv.</span> <span class='ocrx_word' id='word_1_380' title='bbox 1282 5454 1520 5494; x_wconf 73' lang='lat' dir='ltr'>nime.</span> <span class='ocrx_word' id='word_1_381' title='bbox 2765 5445 2838 5506; x_wconf 84' lang='lat'>21</span> 
     </span>
    </p>
   </div>
  </div>
 </body>
</html>
