4038 6358
908 626 1029 695 388
1917 622 2017 675 Die
2053 622 2489 690 philosophische
2515 622 2770 678 Facult‘dt.

914 808 1230 896 positione
1282 828 1403 895 pro
1447 805 1743 873 omnibus
1797 830 2002 896 usque
2046 807 2133 873 ad
2185 808 2377 872 finem
2418 807 2759 895 completa,
2817 805 2933 871 fiat
2989 806 3373 871 scrutinium
3418 806 3738 872 mitrarum

910 911 980 973 in
1023 908 1403 995 praesencia
1458 906 1686 972 decani
1744 916 1808 972 et
1865 910 2380 973 examinatorum
2424 908 2728 989 omnium,
2782 904 3148 972 inchoando
3201 928 3243 970 a
3295 905 3615 993 principio,
3669 916 3740 971 et

910 1009 967 1072 si
1008 1009 1137 1073 tria
1177 1008 1325 1095 pisa
1370 1007 1439 1072 in
1483 1010 1676 1072 mitra
1718 1006 1988 1072 alicuius
2033 1006 2460 1094 promovendi
2505 1006 2590 1071 ad
2631 1008 2842 1070 minus
2885 1006 3150 1071 inventa
3190 1005 3459 1087 fuerint,
3516 1007 3590 1069 sit
3622 1005 3738 1071 ad·

908 1109 1180 1191 missus;
1228 1104 1285 1172 si
1328 1115 1540 1171 autem
1585 1105 1788 1192 lapilli
1831 1116 1964 1171 tres
2006 1106 2094 1172 ad
2134 1108 2347 1171 minus
2384 1105 2477 1170 ibi
2503 1106 2749 1171 inventi
2775 1105 3031 1187 fuerint,
3076 1105 3162 1169 sit
3201 1105 3477 1169 reiectus
3509 1104 3742 1191 absque

825 1218 857 1271 5
912 1205 1135 1295 aliqua
1171 1206 1465 1271 ulteriori
1504 1206 1719 1272 vocali
1759 1206 2149 1273 inductione.
2226 1205 2317 1270 Et
2357 1203 2570 1270 nullus
2608 1205 3068 1290 magistrorum
3110 1203 3230 1268 sub
3265 1226 3394 1269 sua
3433 1206 3740 1270 conscien-

912 1308 1034 1388 cia,
1092 1305 1251 1393 quid
1291 1300 1688 1392 imposuerit,
1745 1306 1939 1371 debet
1981 1304 2177 1371 alicui
2221 1304 2533 1370 revelare.
2612 1303 2703 1368 Et
2741 1305 2798 1367 si
2836 1301 3069 1390 aliquis
3114 1303 3614 1368 examinatorum
3653 1303 3741 1370 ob

911 1404 982 1470 id
1023 1403 1475 1469 molestaretur
1529 1415 1645 1470 aut
1683 1408 2119 1495 impeteretur,
2174 1413 2427 1470 tenetur
2466 1402 2745 1468 facultas
2786 1401 2900 1485 illi,
2959 1403 3072 1489 qui
3113 1403 3208 1468 sic
3251 1403 3574 1488 impetitur
3609 1405 3742 1468 sive

908 1502 1308 1587 molestatur,
1366 1504 1628 1570 realiter
1670 1529 1815 1571 cum
1871 1505 2106 1570 effectu
2144 1506 2450 1570 assistere
2492 1514 2585 1585 et,
2644 1503 2697 1567 si
2743 1500 2908 1589 opus
2961 1503 3184 1583 fuerit,
3241 1501 3450 1566 eciam
3490 1501 3598 1566 sub
3631 1525 3742 1567 ex·

910 1604 1132 1690 pensis
1172 1602 1499 1671 facultatis
1544 1605 1837 1689 eundem,
1883 1606 2091 1669 eciam
2136 1626 2175 1668 a
2217 1601 2722 1689 quibuscunque,
2763 1603 2919 1667 totis
2963 1600 3213 1666 viribus
3257 1599 3604 1666 defensare.

829 1794 893 1851 10
1576 1792 1580 1797 '
1643 1795 1703 1857 8.
1746 1804 1841 1853 De
1885 1804 2092 1854 vo'r1s
2130 1804 2529 1854 Peuma-ms
2570 1804 2716 1853 non
2757 1802 3034 1851 nfflms.

1073 1936 1257 2020 Item,
1314 1945 1387 2001 ut
1440 1958 1623 2002 amor
1664 1945 1728 2000 et
1782 1937 2132 2002 concordia
2172 1938 2636 2024 magistrorum
2679 1935 2761 2000 de
2804 1933 3075 2000 consilio
3117 1933 3451 1998 facultatis
3491 1933 3743 2000 firmiter

913 2034 1311 2118 observetur,
1369 2035 1614 2122 placuit
1654 2035 1952 2122 amplius,
2009 2036 2183 2124 quod
2225 2034 2307 2101 de
2351 2045 2565 2101 cetero
2607 2033 2821 2100 nullus
2865 2037 3328 2121 magistrorum
3377 2033 3458 2097 de
3494 2034 3743 2099 consilio

909 2134 1235 2199 facultatis
1279 2138 1346 2200 in
1389 2157 1504 2200 suo
1547 2144 1701 2201 voto
1745 2144 1949 2223 ponat
1989 2134 2255 2224 aliquod
2298 2135 2571 2200 verbum
2613 2136 3023 2222 pungitivum
3064 2144 3176 2198 aut
3216 2133 3743 2199 mordificativum

912 2234 1178 2300 alterius
1219 2234 1325 2300 vel
1376 2233 1616 2320 allegat
1673 2234 2126 2300 similitudines
2168 2236 2656 2321 impertinentes
2699 2242 2763 2298 et
2815 2232 3266 2299 mordicantes.
3354 2233 3427 2299 Si
3469 2235 3604 2321 quis
3640 2257 3743 2298 au·

830 2343 893 2400 15
909 2343 1041 2400 tem
1094 2332 1340 2421 aliquid
1381 2331 1606 2397 talium
1651 2333 1905 2417 fecerit,
1958 2343 2195 2400 extunc
2250 2333 2515 2399 mandet
2558 2332 2683 2398 sibi
2727 2332 3032 2415 decanus,
3084 2341 3156 2397 ut
3210 2331 3369 2397 talia
3418 2330 3600 2398 sileat
3634 2332 3746 2397 sub

912 2455 1126 2520 poena
1183 2433 1625 2520 suspensionis
1676 2432 1761 2500 ab
1815 2433 2071 2500 actibus
2126 2433 2504 2499 scolasticis.
2588 2432 2719 2514 Qui
2779 2434 2835 2497 si
2889 2453 3019 2501 non
3073 2431 3470 2514 obediverit,
3532 2442 3746 2497 extunc

913 2542 1106 2620 capta
1145 2534 1583 2619 oportunitate
1638 2531 1920 2598 decanus
1972 2542 2283 2598 convocet
2339 2532 2501 2597 alios
2556 2532 2905 2617 magistros
2960 2530 3041 2595 de
3095 2530 3364 2596 consilio
3420 2532 3744 2614 facultatis,

910 2634 1056 2720 ipso
1098 2640 1402 2697 tuntaxat
1445 2630 1731 2715 excluso,
1787 2633 1901 2719 qui
1939 2633 2126 2697 iuxta
2179 2630 2404 2697 delicti
2447 2632 2872 2718 quantitatem
2913 2631 3158 2696 dictent
3199 2641 3459 2717 tempus
3506 2654 3744 2717 suspen·

909 2733 1109 2797 sionis
1155 2732 1448 2798 eiusdem
1487 2731 1615 2797 sibi
1653 2732 1722 2795 in
1760 2753 2051 2818 poenam.

825 2922 897 2979 20
1465 2918 1521 2981 9.
1565 2933 1660 2980 DE
1704 2932 2256 2993 DISPENSATIONE
2299 2932 2371 2979 IN
2417 2930 2742 2979 TEMPORE
2784 2932 2875 2980 ΕΤ
2916 2933 3208 2981 AETATE.

1075 3066 1239 3130 Item
1293 3063 1469 3131 nullo
1529 3063 1719 3131 modo
1782 3063 1898 3129 fiat
1958 3063 2369 3151 dispensacio
2429 3086 2551 3151 per
2605 3064 2983 3129 facultatem
3039 3087 3186 3130 cum
3242 3063 3459 3152 aliquo
3515 3087 3742 3153 promo·

908 3164 1122 3231 vendo
1165 3165 1290 3232 nisi
1334 3163 1421 3230 ad
1463 3162 1757 3252 quartale
1802 3164 1993 3229 unius
2039 3164 2223 3248 anni3
2283 3174 2347 3230 et
2385 3162 2553 3248 talis,
2607 3164 2719 3252 qui
2759 3165 2923 3250 petit
2961 3163 3533 3253 dispensationem,
3575 3164 3745 3231 debet

910 3247 1153 3330 hab‘ere
1195 3288 1395 3331 unum
1448 3265 1833 3349 magistrum
1871 3265 1940 3328 in
1982 3262 2309 3348 facultate,
2364 3264 2474 3351 qui
2528 3263 2687 3328 dicit
2736 3264 2805 3327 in
2855 3267 3263 3331 consciencia
3306 3288 3427 3330 sua
3470 3266 3745 3331 omnibus

914 3364 1345 3449 audientibus,
1401 3363 1575 3451 quod
1620 3361 1830 3429 credit
1871 3362 2054 3428 illum
2098 3363 2317 3428 valere
2360 3364 2446 3428 ad
2486 3359 2668 3429 illum
2722 3363 3020 3449 gradum,
3075 3386 3264 3451 quem
3307 3388 3428 3453 pro
3469 3364 3580 3430 illa
3616 3367 3743 3429 vice

831 3471 899 3527 25
918 3463 1194 3528 intendit
1256 3464 1578 3549 consequi.
1660 3463 1750 3529 Et
1810 3465 1869 3527 si
1932 3464 2096 3549 petit
2148 3461 2698 3550 dispensationem
2757 3475 2952 3549 super
3006 3463 3222 3552 aliquo
3279 3466 3615 3549 exercitio,
3675 3467 3746 3528 sit

913 3561 1357 3651 quodcunque,
1402 3562 1610 3629 solvat
1649 3584 1770 3648 pro
1812 3561 1923 3627 illo
1965 3561 2260 3627 facultati
2301 3561 2602 3627 adminus
2644 3585 2842 3628 unum
2883 3562 3234 3649 florenum;
3287 3567 3341 3630 si
3378 3587 3534 3632 vero
3571 3564 3746 3629 fuerit

913 3659 1122 3746 lectio,
1165 3661 1377 3729 solvat
1415 3660 1709 3726 facultati
1755 3671 2013 3748 pastum
2055 3659 2326 3747 duplum
2369 3663 2556 3728 istius
2600 3661 2909 3728 lectionis

1108 3851 1200 3912 10.
1245 3841 1369 3934 [Bl.
1414 3843 1515 3932 7⁸]
1566 3863 1660 3910 m:
1705 3862 2256 3920 mspnnsxnoun
2302 3862 2523 3911 suren
2562 3864 2707 3912 Non
2748 3863 3243 3913 courmnomc
3285 3865 3567 3914 emm.

1078 3995 1240 4059 Item
1286 3993 1557 4082 quilibet
1596 4003 1823 4082 petens
1867 3993 2426 4080 dispensacionem
2469 4019 2665 4083 super
2708 4018 2839 4060 non
2882 3995 3304 4083 completione
3346 3999 3449 4061 sui
3504 3996 3746 4077 biennii,

835 4102 906 4159 30
929 4095 986 4159 si
1024 4092 1272 4158 nullum
1317 4116 1553 4159 annum
1599 4092 1966 4181 complevit,
2012 4092 2194 4159 dabit
2235 4118 2432 4160 unum
2474 4096 2822 4179 florenum;
2880 4097 2938 4160 si
2978 4118 3133 4160 vero
3180 4119 3379 4160 unum
3423 4095 3747 4184 complevit

915 4215 1174 4275 annum,
1232 4191 1568 4259 dimidium
1616 4193 1822 4259 solvet
1876 4192 2225 4275 florenum3
2275 4197 2329 4258 si
2371 4218 2526 4262 vero
2570 4198 2732 4262 citra
2770 4206 2882 4260 aut
2921 4194 3097 4259 infra
3133 4216 3378 4260 annum
3423 4195 3748 4282 complevit

913 4302 1029 4358 aut
1070 4294 1327 4358 omnino
1371 4307 1624 4382 pauper
1676 4294 1900 4375 fuerit,
1956 4302 2111 4356 tunc
2162 4296 2458 4378 magistri
2513 4294 2594 4359 de
2652 4293 2941 4377 consilio,
2996 4295 3288 4380 pensatis
3349 4297 3745 4361 circumstan-

911 4394 1035 4458 ciis
1090 4413 1326 4458 causae
1384 4402 1451 4458 et
1505 4414 1949 4481 personarum,
2004 4392 2298 4478 recipere
2347 4402 2639 4479 possunt,
2695 4393 3049 4459 secundum
3091 4392 3265 4480 quod
3305 4396 3401 4460 eis
3444 4393 3747 4461 videbitur

913 4491 1243 4580 expedire.

828 4708 997 4775 35V.
1041 4708 1367 4775 Statuta
1411 4709 1632 4775 alios
1669 4709 2116 4797 magistros
2160 4710 2660 4797 generaliter
2702 4714 3323 4795 concernencia,
3364 4734 3567 4799 quae
3605 4712 3744 4801 legi

1300 4807 1615 4874 debent
1656 4833 1801 4899 per
1846 4809 2246 4875 decanum
2289 4812 2369 4875 in
2413 4814 2904 4899 receptione
2947 4811 3376 4877 ordinarii.

1092 5000 1139 5058 1.
1179 4990 1467 5075 Placuit,
1524 4992 1697 5081 quod
1752 4995 1821 5058 in
1867 5002 2061 5059 antea
2115 4993 2387 5081 quilibet
2428 4994 2710 5062 decanus
2771 5019 2891 5084 pro
2934 5005 3227 5084 tempore
3282 4998 3570 5063 existens
3612 5007 3748 5064 tem·

916 5113 1075 5179 pore
1134 5093 1537 5179 recepcionis
1600 5092 1912 5159 ordinarii
1980 5104 2114 5158 tam
2174 5094 2538 5159 aestivalis:
2614 5096 2916 5161 videlicet
2979 5118 3180 5183 supra
3248 5094 3402 5162 folio
3471 5098 3750 5164 secundo.

917 5189 1007 5276 (d.
1045 5193 1083 5255 i.
1130 5191 1226 5256 Bl.
1270 5193 1367 5275 ιιι»,
1406 5192 1471 5256 11
1513 5194 1553 5272 s
1601 5191 1725 5279 ιι.)
