4038 6358
796 605 917 670 528
1786 608 1885 655 Die
1919 605 2356 670 philosophische
2388 584 2641 659 fiacult'at.

803 794 1160 867 caveretur,
1200 806 1282 849 ne
1326 784 1538 872 quid
1521 808 1588 849 m
1631 784 1754 851 hac
1798 799 1985 873 parte
2030 797 2270 854 temere
2314 798 2427 852 aut
2466 810 2811 875 perperam
2854 785 3058 851 fieret.
3128 785 3439 850 Veterum
3490 804 3677 848 sane

800 884 1201 969 diligentiam
1262 895 1326 948 et
1383 906 1604 948 curam
1662 887 1863 950 minui
1919 910 2050 952 non
2109 898 2392 973 oportet,
2462 887 2777 974 quaedam
2839 897 3057 951 tamen
3110 895 3175 950 et
3229 895 3528 971 tempore
3601 891 3679 945 et

804 984 993 1050 modo
1039 983 1343 1069 deinceps
1388 982 1829 1049 administrari
1874 986 2120 1072 placuit
2163 987 2356 1074 paulo
2403 986 2592 1051 aliter
2633 1008 2825 1073 quam
2866 986 3069 1071 prius,
3110 984 3235 1051 hoc
3273 993 3484 1070 pacto.

970 1133 1163 1200 Certo
1231 1133 1334 1198 die
1400 1144 1463 1197 et
1524 1134 1867 1220 praefinita
1929 1134 2093 1200 hora
2170 1134 2744 1223 (quemadmodum
2815 1158 2933 1200 vos
2990 1137 3207 1199 vocati
3270 1134 3404 1198 iam
3468 1135 3675 1212 estis)

718 1247 750 1299 5
807 1235 1137 1300 accersitis
1194 1231 1579 1318 petitoribus
1637 1233 1808 1297 tituli
1872 1233 2356 1300 baculariorum
2427 1258 2466 1300 a
2536 1235 2781 1300 decano
2848 1233 3019 1298 illius
3080 1234 3396 1320 temporis
3466 1254 3675 1320 prae·

801 1331 1077 1420 legenda
1131 1342 1278 1396 sunt
1319 1331 1480 1395 haec
1526 1332 1760 1418 capita.

2084 1501 2371 1549 PRIMUM.

969 1614 1295 1680 Bacularii
1351 1613 1535 1679 titulo
1592 1617 1700 1699 qui
1746 1616 1814 1679 in
1877 1614 2227 1680 academiis
2273 1625 2559 1697 ornatur,
2613 1616 2670 1678 is
2728 1615 2914 1701 quasi
2962 1614 3333 1679 tiroeinium
3394 1612 3679 1699 deponit

806 1720 872 1780 in
917 1714 1149 1779 militia
1191 1712 1551 1777 litterarum
1595 1725 1658 1777 et
1700 1713 2033 1780 doetrinae
2099 1725 2163 1778 et
2204 1714 2270 1778 hi
2319 1714 2546 1778 audire
2591 1723 2870 1801 possunt
2913 1714 3191 1800 saepius,
3237 1711 3399 1798 quid
3438 1713 3508 1775 in
3540 1711 3675 1776 hoc

727 1828 788 1880 10
808 1837 1001 1879 cursu
1061 1815 1240 1900 sequi
1305 1822 1369 1876 et
1428 1834 1690 1876 servare
1746 1835 2264 1899 unumquemque
2323 1821 2635 1901 oporteat.
2719 1811 2881 1876 Sunt
2935 1823 3150 1878 autem
3204 1811 3364 1894 duo,
3425 1810 3672 1897 quibus

806 1911 1435 1999 comprehenduntur
1463 1914 1786 1993 universa,
1829 1911 2133 1976 honestas
2163 1914 2337 1976 vitae
2381 1912 2805 1999 probitasque
2841 1934 3094 1976 morum
3129 1921 3192 1976 et
3234 1909 3397 1976 ordo
3442 1910 3670 1992 studii,

809 2010 1157 2077 secundum
1204 2033 1390 2098 quem
1431 2012 1760 2098 inquisitio
1803 2011 1944 2074 fieri
1991 2010 2197 2075 debet.
2261 2011 2364 2076 De
2405 2011 2508 2075 his
2551 2012 2750 2096 igitur
2792 2013 3228 2099 unusquisque
3274 2011 3445 2074 sciat
3488 2032 3665 2074 com-

808 2112 1137 2177 munitatis
1178 2121 1439 2175 nostrae
1484 2112 1912 2196 cognitionem
1965 2112 2250 2175 futuram
2308 2133 2448 2175 esse
2504 2112 2766 2175 minime
2806 2110 3238 2197 negligentem
3282 2119 3400 2175 aut
3441 2111 3668 2173 remis-

809 2235 968 2276 sam.
1055 2210 1240 2273 Nunc
1297 2208 1556 2295 quidem
1610 2211 1819 2296 repeti
1877 2208 2010 2293 illa,
2070 2232 2234 2294 quae
2276 2211 2465 2274 toties
2525 2208 2781 2296 publice
2836 2211 3210 2292 recitantur,
3260 2231 3669 2296 ,supervaca-

727 2322 789 2377 15
811 2333 998 2376 neum
1046 2316 1247 2390 esset3
1303 2309 1359 2371 si
1405 2309 1507 2371 cui
1550 2309 1719 2372 enim
1765 2311 1990 2395 ignota
2036 2307 2147 2373 illa
2205 2318 2382 2390 sunt,
2444 2311 2856 2373 temerariam
2915 2310 3287 2395 petitionem
3335 2312 3476 2373 eius
3524 2331 3667 2373 esse

813 2417 1084 2500 oportet.
1166 2407 1297 2472 Suo
1354 2408 1551 2492 igitur
1610 2409 1881 2494 quisque
1936 2406 2228 2496 periculo
2284 2417 2494 2492 petet3
2565 2430 2713 2471 nam
2777 2407 3128 2472 secundum
3186 2410 3542 2474 constituta
3602 2417 3669 2472 et

810 2510 1070 2574 decreta
1124 2515 1260 2571 tota
1313 2529 1418 2571 res
1477 2516 1844 2594 peragetur.
1934 2506 2126 2588 Quod
2171 2502 2300 2593 [29]
2346 2507 2400 2570 si
2461 2516 2862 2593 compertum
2917 2506 3114 2571 fuerit
3122 2555 3141 2590 ,
3193 2506 3298 2572 vel
3357 2506 3668 2572 indecore

810 2619 871 2673 et
924 2607 1203 2694 turpiter
1258 2604 1536 2691 aliquem
1599 2606 1775 2692 apud
1831 2629 1949 2672 nos
1998 2607 2250 2670 vixisse
2296 2603 2398 2670 vel
2456 2606 2865 2692 praefinitam
2921 2607 3235 2671 rationem
3296 2606 3665 2672 studiorum

813 2717 1099 2774 secutum
1151 2728 1281 2770 non
1340 2727 1514 2786 esse,
1578 2715 1890 2770 statuetur
1950 2704 2394 2780 communibus
2455 2706 2817 2786 sententiis,
2870 2704 3029 2792 quid
3083 2705 3299 2770 facere
3349 2728 3498 2770 eum
3556 2717 3669 2769 aut

727 2815 1149 2894 20praestare
1192 2803 1428 2891 quidve
1471 2803 1552 2868 de
1594 2803 1705 2869 illo
1750 2804 1893 2869 fieri
1936 2813 2250 2891 oporteat.
2336 2801 2530 2884 Quod
2583 2802 2670 2868 ad
2721 2803 3124 2870 honestatem
3165 2807 3428 2887 attinet,
3480 2805 3665 2868 nimi·

811 2929 955 2971 rum
1021 2905 1342 2968 neminem
1415 2904 1599 2984 latet,
1673 2902 1925 2989 flagitia
1994 2915 2059 2968 et
2134 2902 2379 2967 scelera
2442 2904 2658 2967 omnia
2719 2902 3043 2967 honestati
3106 2925 3248 2968 esse
3315 2905 3665 2969 contraria.

809 3005 1128 3071 Doctrina
1172 3013 1382 3067 autem
1427 3001 1710 3088 publica,
1767 3026 1933 3089 quae
1975 3001 2445 3090 frequentanda
2499 3024 2539 3066 a
2581 3001 2766 3067 vobis
2822 3003 2976 3086 fuit,
3036 3012 3134 3067 est
3195 3003 3665 3088 grammaticae

817 3125 1095 3191 graecae
1140 3113 1202 3166 et
1244 3101 1482 3166 latinae
1501 3104 1537 3184 ¹,
1589 3101 1985 3186 dialecticae,
2039 3103 2332 3188 poeticae
2377 3110 2442 3164 et
2487 3100 2943 3165 elementorum
3002 3101 3385 3184 rhetoricae,
3442 3101 3665 3189 physi-

816 3226 929 3269 cae
996 3213 1186 3288 atque
1250 3201 1731 3269 mathematum.
1814 3202 1919 3266 De
1978 3200 2525 3289 disputationibus
2590 3204 2784 3264 etiam
2851 3200 3129 3288 publicis
3195 3211 3260 3267 et
3322 3202 3665 3267 rhetoricis

740 3300 1396 3368 25exercitatiombus
1439 3300 1509 3365 id
1551 3302 1690 3365 fieri
1734 3301 1817 3369 ab
1860 3322 2244 3389 unoquoque
2288 3300 2538 3382 debuit,
2580 3299 2751 3387 quod
2793 3300 3275 3386 praescriptum
3319 3311 3435 3365 est.
3493 3299 3666 3380 Quo-

779 3425 958 3470 .rum
1014 3398 1342 3485 neglectus
1398 3399 1483 3464 ad
1528 3394 1914 3465 contemtum
1957 3400 2203 3464 scilicet
2259 3399 2483 3464 iudicii
2541 3400 3015 3465 communitatis
3059 3410 3319 3466 nostrae
3366 3400 3667 3485 pertinet,

819 3502 899 3565 de
943 3523 1067 3586 quo
1109 3499 1296 3564 huius
1342 3498 1770 3566 consideratio
1813 3510 1911 3564 est
1954 3501 2187 3564 futura.

2042 3682 2433 3731 SECUNDUM.

982 3800 1186 3865 Iurati
1246 3821 1324 3864 ea
1367 3798 1785 3886 promittetis,
1842 3821 2008 3886 quae
2056 3800 2185 3863 iam
2241 3795 2703 3878 recitabuntur,
2759 3819 2856 3880 ac,
2914 3795 3087 3885 quod
3134 3820 3287 3862 vere
3333 3796 3662 3862 affirmare

735 3911 805 3967 30
822 3900 1261 3987 unusquisque
1301 3899 1509 3984 possit
1547 3907 1609 3962 et
1650 3908 1721 3962 ut
1760 3898 2149 3983 promissum
2190 3884 2496 3983 religiose
2533 3896 2749 3977 faciat,
2793 3897 2922 3983 ipsi
2967 3896 3343 3982 cogitabitis
3384 3908 3450 3961 et
3491 3897 3666 3961 anni-

819 4000 1071 4064 temini:
1156 4047 1194 4080 „
1208 3996 1394 4081 „Ego
1459 3996 1555 4062 .N.
1613 3998 1755 4061 iuro
1769 4045 1785 4079 ,
1849 3999 2128 4084 primum
2192 4019 2294 4061 me
2356 4018 2498 4061 esse
2562 3994 2914 4081 legitimam
2981 3996 3265 4062 sobolem
3327 4006 3669 4082 parentum

822 4121 1125 4180 meorum,
1183 4097 1464 4161 secundo
1511 4118 1761 4161 omnem
1816 4106 2115 4160 eventum
2172 4096 2500 4183 petitionis
2562 4117 2766 4182 aequo
2826 4098 3041 4160 animo
3102 4094 3407 4177 laturum,
3462 4116 3671 4181 neque

820 4196 950 4263 ullo
1007 4199 1075 4260 in
1133 4218 1322 4278 casu,
1377 4219 1506 4260 non
1570 4195 1983 4259 admissionis
2040 4193 2145 4259 vel
2199 4195 2529 4280 repulsae,
2585 4193 2941 4258 vindictam
2998 4205 3483 4280 usurpaturum,
3538 4190 3671 4275 sed,

822 4294 1126 4384 quicquid
1182 4294 1519 4377 acciderit,
1582 4317 2040 4381 perpessurum
2099 4316 2239 4358 esse
2284 4296 2422 4358 sine
2472 4292 2733 4380 querela
2790 4292 2871 4357 de
2912 4292 3062 4358 ullo.
3149 4292 3222 4358 Si
3266 4291 3442 4381 quid,
3502 4290 3675 4380 quod

737 4409 804 4464 35
827 4397 983 4462 deus
1030 4404 1311 4475 avertat,
1368 4402 1596 4465 contra
1638 4393 1762 4458 hoc
1802 4395 2035 4458 fecisse
2083 4389 2213 4479 [30]
2254 4392 2769 4479 depraehendat,
2828 4390 3165 4457 infamiam
3216 4393 3487 4479 periurii
3530 4393 3673 4478 ipse

821 4495 978 4561 mihi
1036 4494 1160 4559 hoc
1214 4492 1390 4557 facto
1446 4494 1683 4578 irrogo,
1738 4504 1830 4576 et,
1890 4494 2253 4581 quicunque
2304 4491 2518 4558 laesus
2577 4516 2617 4558 a
2669 4515 2772 4557 me
2824 4493 3049 4575 fuerit,
3108 4493 3166 4557 ei
3221 4493 3471 4556 iuratus
3529 4513 3670 4578 per-

825 4595 1073 4661 solvam
1133 4592 1398 4658 florinos
1464 4592 1961 4678 quinquaginta,
2030 4595 2167 4657 sine
2210 4593 2384 4659 omni
2448 4593 2889 4675 recusatione,
2951 4593 3432 4678 quamprimum
3492 4591 3671 4655 fuero

822 4693 1215 4760 convictus.“
1229 4693 1267 4726 “

989 4809 1174 4873 Haec
1226 4809 1427 4894 igitur
1469 4809 1580 4891 ita,
1632 4819 1705 4873 ut
1757 4807 2077 4892 audiistis,
2130 4807 2348 4873 verbis
2393 4816 2706 4894 concepta
2749 4830 2830 4872 ex
2873 4808 3071 4873 animi
3110 4808 3312 4873 vestri
3357 4807 3673 4871 sententia

743 4909 1150 4990 40iurabitis,
1205 4908 1273 4971 id
1319 4917 1444 4990 est,
1503 4930 1643 4971 esse
1693 4907 2049 4993 legitimam
2095 4906 2376 4972 sobolem
2421 4928 2934 4995 unumquemque
2977 4916 3039 4971 et
3080 4921 3382 4971 eventum
3422 4908 3671 4993 petitio·

824 5013 945 5094 nis,
1003 5010 1366 5096 quicunque
1423 5008 1481 5070 is
1521 5008 1756 5089 suerit,
1814 5028 2017 5093 aequo
2074 5007 2289 5071 animo
2347 5008 2486 5072 sine
2526 5005 2659 5070 ulla
2698 5007 3118 5093 usurpatione
3160 5004 3486 5071 vindictae
3535 5026 3674 5070 esse

826 5110 1124 5174 laturum.
1208 5106 1551 5171 Accedetis
1594 5107 1792 5192 igitur
1837 5106 2075 5192 singuli
2120 5117 2182 5169 et
2228 5107 2665 5194 unusquisque
2709 5105 2885 5170 dicat
2925 5105 3279 5189 „„Iuro.““

997 5280 1017 5333 1
1059 5271 1602 5346 Uebergeschrieben
1633 5271 1913 5343 raa-imque
1948 5269 2184 5342 linquae.
