4038 6358
738 622 859 687 θῶ
1750 620 1852 672 nio
1895 618 2273 671 mediciniache
2314 616 2573 672 multat„

889 843 937 901 1.
982 852 1220 901 FORMA
1264 851 1628 900 SCRIBENDI
1670 854 2006 903 EPISCOPO
2046 851 2581 901 MERSENBURGIO
2627 850 2765 899 PRO
2808 848 3452 901 VICEOANCELLARIO

1928 952 2401 1001 IMPETRANDO.

907 1067 1289 1133 Reverende
1318 1069 1386 1133 in
1416 1067 1677 1133 Christo
1703 1078 1891 1155 pater
1934 1091 2012 1133 ac
2052 1068 2324 1133 illustris
2367 1067 2703 1154 princeps!
2759 1068 3162 1155 Propensam
3189 1065 3583 1134 voluntatem

738 1170 808 1233 in
853 1167 1150 1234 omnibus
1192 1167 1501 1252 negociis,
1566 1167 1633 1231 in
1697 1178 1921 1233 nostra
1977 1166 2287 1233 facultate
2349 1167 2511 1249 sitis,
2556 1166 2953 1231 inserviendi
3006 1166 3271 1252 graciae
3330 1176 3584 1233 vestrae

656 1279 691 1333 5
749 1267 985 1333 illustri
1018 1288 1274 1353 semper
1315 1265 1656 1331 offerimus,
1720 1266 2105 1332 Reverende
2140 1289 2219 1331 ac
2249 1264 2519 1331 illustris
2550 1268 2875 1353 princepe,
2919 1264 3244 1350 generalis
3282 1264 3581 1353 Liptzen·

738 1370 828 1432 sis
880 1365 1076 1431 studii
1128 1363 1511 1430 cancellarie
1575 1363 1953 1451 dignissime
2011 1364 2620 1452 colendissimeque!
2706 1364 2981 1429 Vestrae
3032 1366 3299 1450 graciae
3350 1363 3582 1430 illustri

749 1486 1147 1553 magnopere
1201 1462 1724 1530 commendamus
1768 1463 2176 1529 venerabiles
2228 1465 2406 1529 viros
2432 1512 2450 1546 ,
2510 1463 2820 1528 Ioannem
2860 1463 3285 1550 Rumpferum
3331 1476 3396 1530 et
3438 1464 3580 1530 Phi·

746 1566 1002 1654 lippum
1041 1564 1493 1645 Novimanum,
1533 1563 1600 1626 in
1640 1562 1890 1628 artibus
1932 1560 2311 1628 liberalibus
2353 1563 2737 1648 magistros,
2777 1561 3137 1628 medicinae
3179 1562 3580 1629 baccalarios

751 1676 815 1730 et
856 1667 941 1729 in·
966 1663 1194 1729 eadem
1233 1660 1701 1745 licenciandos,
1759 1661 2085 1727 humiliter
2141 1658 2610 1749 supplicanteS,
2653 1672 2874 1727 vestra
2928 1661 3196 1729 illustris
3249 1665 3481 1749 gracia
3522 1674 3581 1727 et

662 1775 725 1831 10
742 1762 1101 1831 reverenda
1158 1761 1528 1849 paternitas
1568 1762 1833 1847 egregio
1886 1763 2029 1825 viro
2042 1810 2061 1843 ‚
2126 1759 2427 1826 Conrado
2484 1761 2753 1843 Noric0‚
2805 1761 3053 1829 arcium
3110 1771 3173 1826 et
3223 1762 3579 1827 medicinae

736 1864 1009 1944 doctori,
1062 1861 1511 1927 auctoritatem
1554 1859 1908 1926 concedere
1965 1858 2266 1945 dignetur
2315 1859 2625 1945 praefatis
2670 1858 3032 1926 medicinae
3081 1859 3477 1926 baccalariis
3519 1872 3579 1926 et

748 1984 920 2029 nunc
984 1959 1405 2028 licenciandis
1466 1958 1801 2027 licenciam
1858 1960 1927 2023 in
1985 1957 2309 2022 medicina
2363 1958 2735 2023 conferendi
2757 2008 2775 2041 ‚
2843 1960 2896 2023 si
2940 1958 3130 2026 docte
3170 1961 3241 2025 in
3282 1963 3578 2025 examine

741 2060 1212 2149 responderint.
1284 2057 1432 2140 Qua
1461 2081 1532 2124 re
1562 2059 1803 2123 arctius
1832 2057 1918 2122 ad
1949 2056 2432 2144 obsequendum
2460 2057 2997 2143 serviendumque
3026 2060 3291 2145 graciae
3322 2070 3576 2125 vestrae

743 2161 976 2226 illustri
1019 2160 1481 2245 astringemur,
1540 2158 1644 2221 cui
1693 2178 1814 2220 nos
1856 2164 2208 2243 nostraque
2247 2155 2788 2222 commendamus.
2872 2157 3031 2223 Dat.
3074 2156 3343 2245 Lipsiae
3384 2159 3573 2224 facul·

660 2270 721 2325 15
739 2262 892 2325 tatis
936 2270 1157 2324 nostro
1202 2257 1322 2322 sub
1368 2255 1601 2343 sigillo,
1641 2256 1710 2319 in
1753 2253 1978 2340 vigilia
2008 2253 2470 2320 Penthecostes
2512 2277 2683 2321 anno
2725 2274 2995 2323 MDXXV.

1486 2404 1762 2469 Vestrae
1804 2402 2075 2469 illustris
2131 2406 2396 2490 graciae
2437 2417 2503 2469 et
2551 2405 2950 2471 reverendae
3003 2407 3416 2493 paternitatis

1623 2501 1899 2568 humiles
1943 2511 2254 2586 oratores,
2296 2502 2578 2569 decanus
2622 2506 2944 2593 ceterique
2985 2504 3281 2571 doctores

1762 2601 2123 2668 medicinae
2165 2600 2493 2668 facultatis
2535 2603 2731 2669 studii
2771 2605 3137 2691 Lipzensis.

1730 2771 1788 2832 2.
1831 2783 2214 2835 msronslo
2253 2786 2590 2837 nmscom.

655 2917 724 2971 20
906 2903 1280 2991 Adolphus‚
1333 2901 1437 2966 dei
1494 2913 1557 2965 et
1614 2899 2009 2987 apostolicae
2063 2899 2237 2965 sedis
2292 2903 2519 2987 gracia
2572 2903 2918 2990 episcopus
2956 2903 3572 2991 Mersenburgensis‚

743 3005 952 3071 almae
993 3003 1434 3069 universitatis
1492 2999 1690 3064 studii
1729 2999 2072 3088 Lipzensis
2127 2996 2550 3066 cancellarius
2568 3050 2586 3084 ‚
2632 3004 2894 3090 egregio
2912 3052 2930 3086 ,
2974 3003 3163 3069 nobis
3205 3005 3272 3068 in
3317 3003 3572 3071 Christo

745 3104 1078 3169 sinceriter
1134 3100 1367 3166 dilecto
1421 3099 1686 3165 domino
1739 3097 2044 3165 Conrado
2089 3098 2327 3164 Norico
2351 3149 2369 3184 ,
2439 3101 2687 3165 arcium
2755 3111 2820 3167 et
2884 3101 3246 3169 medicinae
3310 3103 3571 3187 doctori,

741 3204 1012 3270 salutem
1037 3206 1106 3266 in
1147 3201 1406 3266 domino
1444 3208 1507 3264 et
1541 3198 1919 3265 fidelitatem
1954 3200 2023 3264 in
2049 3201 2425 3268 commissis.
2490 3199 2663 3282 Quia
2705 3214 2977 3289 propter
3018 3202 3227 3268 ardua
3269 3203 3574 3269 ecclesiae

737 3313 1000 3370 nostrae
1038 3301 1311 3387 negocia
1350 3298 1717 3387 praepediti
1754 3298 1965 3364 officio
2005 3296 2500 3364 cancellariatus
2539 3299 2697 3365 dicti
2744 3301 2942 3367 studii
2978 3301 3320 3390 Lipzensis
3360 3324 3572 3390 perso·

659 3412 726 3468 25
746 3402 979 3468 naliter
1018 3403 1328 3466 interesse
1384 3419 1516 3464 non
1554 3397 1877 3481 valemus,
1934 3398 2014 3464 de
2067 3397 2396 3485 legalitate
2448 3422 2526 3464 ac
2582 3398 2903 3467 industria
2952 3411 3174 3466 vestra
3230 3401 3573 3489 specialem

741 3501 1042 3567 fiduciam
1086 3509 1404 3586 gerentes,
1446 3497 1654 3581 vobis,
1696 3509 1767 3563 ut
1808 3497 2108 3580 dominis,
2154 3497 2344 3564 nobis
2383 3499 2451 3563 in
2496 3498 2758 3565 Christo
2802 3498 3079 3584 dilectis,
3120 3501 3352 3566 Ioanni
3384 3500 3574 3567 Rum-

748 3602 931 3688 pfero
989 3608 1055 3664 et
1106 3598 1414 3686 Philippo
1467 3597 1832 3662 Novimano
1848 3645 1867 3679 ‚
1939 3600 2184 3662 arcium
2258 3595 2623 3663 liberalium
2693 3600 3022 3684 magistris
3091 3611 3157 3665 et
3218 3599 3578 3666 medicinae

745 3697 1187 3765 baccalaureis
1220 3695 1642 3763 licenciandis
1663 3696 1948 3781 insignia
1971 3695 2333 3763 doctoralia
2353 3698 2421 3762 in
2461 3698 2802 3784 praedicta
2838 3698 3145 3764 facultate
3180 3699 3576 3765 medicorum

744 3799 903 3864 dare
946 3797 1218 3863 valeatis
1234 3847 1252 3881 ,
1297 3797 1423 3862 hac
1465 3798 1607 3861 vice
1652 3795 1994 3864 dumtaxat
2055 3797 2501 3863 auctoritatem
2550 3807 2840 3863 nostram
2880 3799 3340 3865 committimus
3394 3822 3575 3887 prae·

665 3909 734 3964 30
752 3898 1036 3963 sencium
1079 3919 1199 3984 per
1239 3908 1525 3962 tenorem
1541 3944 1560 3978 ,
1610 3893 1920 3962 adhibitis
1962 3906 2181 3961 tamen
2220 3896 2286 3959 in
2329 3896 2456 3962 hiis
2502 3896 3013 3963 solemnitatibus
3055 3896 3293 3964 debitis
3334 3908 3401 3965 et
3439 3899 3577 3964 fieri

744 3997 1088 4063 consuetis.
1145 3997 1223 4061 In
1253 3996 1435 4062 cuius
1464 3994 1905 4060 testimonium
1941 3994 2059 4060 has
2094 3994 2342 4060 litteras
2384 4006 2642 4061 nostras
2681 3996 2917 4063 annulo
2959 3999 3312 4084 signatorio
3355 4009 3570 4064 nostro

745 4096 1042 4163 roborari
1096 4097 1383 4160 fecimus.
1470 4094 1623 4158 Dat.
1667 4094 1893 4180 quinta
1947 4093 2053 4158 die
2108 4097 2344 4159 mensis
2388 4095 2558 4160 Iunii
2618 4118 2786 4161 amic
2844 4120 2885 4161 a
2943 4098 3283 4162 nativitate
3335 4097 3575 4164 domini

743 4193 2161 4282 millesimoquingentesimovigesimoquinto.

740 4852 790 4906 s.
844 4841 1031 4906 &BER
1067 4852 1211 4905 nnn
1243 4852 1492 4907 monus
1520 4851 1990 4905 Paouovnnm
2023 4849 2620 4913 BAccALAthsos,
2653 4815 3165 4919 mesurmros,
3199 4854 3579 4907 noc‘rosns

656 4944 725 5001 35
1860 4935 2016 4988 vom
2050 4935 2283 4986 sanas
2328 4936 2471 4987 1523.

908 5091 1145 5149 Hb‘chst
1200 5089 1689 5148 wahrscheinlicla
1733 5088 1812 5147 ist
1870 5089 2065 5148 dieser
2126 5084 2361 5150 Modus
2424 5084 2847 5171 promovendi
2906 5100 3083 5152 anter
3136 5094 3253 5154 den
3316 5086 3573 5158 statuta

749 5208 920 5251 nova
960 5209 1033 5247 zu
1075 5191 1412 5260 ver-stolam,
1465 5190 1559 5248 die
1616 5208 1715 5247 am
1756 5189 1973 5247 Raude
2014 5190 2124 5246 der
2166 5187 2443 5245 Statuten
2495 5207 2624 5245 vom
2662 5189 2858 5249 John-e
2910 5193 3065 5254 1503
3122 5193 3432 5266 melu-sack
3486 5212 3577 5250 er·

737 5289 944 5348 wdlmt
984 5291 1240 5349 werden.
1294 5287 1354 5346 S.
1389 5288 1530 5347 oben
1556 5287 1618 5348 S.
1659 5288 1780 5351 597
1810 5288 1981 5351 Anm.
2029 5288 2088 5349 3.
2148 5286 2366 5346 Leider
2409 5288 2554 5346 aber
2596 5287 2694 5346 bin
2737 5289 2830 5348 ich
2873 5291 3034 5352 nicht
3074 5290 3152 5350 im
3188 5291 3438 5374 Scande,
3480 5291 3583 5351 iim
