4038 6358
1059 656 1230 708 Dritte
1265 655 1794 722 snutsnrodssflon,
1833 667 1940 706 von
1979 650 2355 706 unt—1490.
3058 649 3174 714 381

933 896 994 960 3.
1048 907 1168 968 om
1207 907 1282 956 m
1324 905 1717 956 nnnc-nomi
1756 904 2014 954 mecm
2056 904 2293 953 vocam
2334 903 2582 951 mm.

375 1017 596 1084 Item
641 1021 918 1088 nullus
959 1024 1030 1087 in
1071 1021 1384 1089 electione
1425 1020 1654 1088 decani
1693 1043 1920 1086 vocem
1961 1020 2159 1086 habet
2175 1069 2194 1102 ‚
2249 1018 2378 1086 nisi
2420 1019 2505 1082 sit
2544 1015 2627 1082 de
2666 1011 2931 1082 consilio
2972 1011 3174 1080 facul-

185 1119 372 1184 tatis
429 1129 519 1184 et
573 1130 792 1187 actu
845 1144 1078 1210 regens
1123 1122 1194 1188 in
1235 1121 1464 1188 eadem
1505 1131 1572 1188 et
1608 1119 1834 1186 habitu
1875 1117 2241 1206 magistrali
2282 1116 2563 1184 indutus.

1150 1293 1210 1353 4.
1262 1306 1357 1353 DE
1401 1303 1600 1354 nono
1639 1301 1976 1351 amenum
2018 1301 2368 1351 Dncmtm.

390 1419 602 1485 Item
665 1419 936 1487 electio
977 1419 1206 1486 decani
1247 1422 1316 1486 in
1351 1420 1522 1486 hunc
1562 1418 1824 1486 modum
1866 1415 2060 1484 debet
2101 1417 2447 1484 celebrari:
2488 1417 2698 1502 primo
2741 1414 2857 1479 fiat
2875 1414 3172 1479 induccio
3223 1423 3256 1478 5

215 1540 344 1606 per
395 1541 658 1585 voces
717 1519 1162 1608 singulorum,
1203 1527 1268 1584 et
1307 1519 1362 1584 si
1402 1519 1610 1584 maior
1650 1539 1805 1605 pars
1847 1517 1916 1582 in
1956 1516 2236 1604 aliquem
2280 1518 2374 1582 sic
2418 1514 2832 1597 consenserit,
2874 1512 3025 1578 talis
3054 1534 3175 1600 pro

219 1616 508 1684 decano
559 1617 980 1702 habeatur3
1037 1619 1094 1685 si
1135 1641 1294 1685 vero
1333 1620 1540 1684 maior
1581 1639 1738 1705 pars
1795 1618 1864 1687 in
1926 1615 2204 1704 aliquem
2242 1639 2374 1682 non
2416 1613 2844 1695 consenserit,
2897 1622 3051 1677 tunc
3092 1611 3181 1676 ad

225 1717 688 1782 scrutinium
769 1717 1169 1806 procedatur
1185 1768 1203 1802 ,
1259 1720 1329 1783 in
1385 1739 1510 1804 quo
1565 1718 1624 1782 si
1675 1715 1890 1782 nullus
1947 1716 2105 1798 erit,
2158 1716 2269 1780 fiet
2324 1714 2877 1801 compromissum.
2956 1711 3047 1776 Et
3082 1711 3177 1776 sic

233 1815 514 1881 electus
567 1819 660 1882 in
718 1817 1051 1884 decanum
1101 1818 1320 1883 statim
1361 1825 1618 1882 tenetur
1660 1813 2016 1881 decanatus
2062 1813 2342 1880 officium
2384 1835 2746 1895 assumere,
2806 1810 2927 1876 sub
2968 1833 3181 1898 poena

241 1917 454 1982 unius
503 1939 959 2004 sexagenae,
1004 1927 1068 1982 et
1107 1917 1338 1982 decani
1381 1917 1626 2000 antiqui
1669 1915 1952 1982 officium
1977 1936 2109 1978 non
2144 1913 2493 2001 expirabit,
2534 1912 2741 1978 donec
2764 1912 2833 1977 in
2857 1909 3174 1976 decanum
3196 1917 3260 1974 10

245 2013 348 2080 sic
427 2015 738 2083 electus
803 2016 1186 2106 acceptabit.
1271 2015 1342 2080 Si
1409 2037 1566 2081 vero
1621 2016 1716 2080 sic
1772 2013 2012 2079 electus
2080 2012 2432 2080 decanatus
2500 2013 2782 2079 officium
2847 2031 3177 2076 assumere

247 2125 630 2182 recusaret
653 2166 676 2200 ,
731 2118 1008 2200 tociens,
1053 2115 1358 2202 quociens
1399 2113 1642 2180 electus
1681 2114 1895 2196 suerit,
1933 2135 2131 2178 unam
2173 2134 2569 2200 sexagenam
2610 2109 2943 2200 persolvat
2972 2108 3172 2174 facul-

249 2217 398 2279 tati.
525 2213 638 2280 Et
709 2227 1066 2305 postquam
1121 2215 1377 2280 functus
1433 2215 1627 2280 fuerit
1685 2213 1900 2279 officio
1955 2212 2338 2295 decanatus,
2406 2221 2561 2277 tunc
2625 2209 3025 2299 peramplius
3082 2209 3169 2275 ad

263 2313 564 2380 eundem
631 2315 1116 2382 assumendum
1171 2315 1342 2380 infra
1397 2312 1762 2401 quindecim
1816 2335 2053 2395 annos,
2116 2321 2263 2398 post
2310 2310 2435 2377 hoc
2474 2313 2776 2377 continue
2816 2311 3169 2396 proximos,

263 2413 470 2478 debet
538 2437 718 2480 esse
778 2415 1039 2482 inabilis
1057 2464 1077 2498 ,
1150 2413 1495 2480 dummodo
1563 2422 1780 2478 tamen
1837 2412 2008 2476 infra
2060 2410 2219 2476 illud
2277 2421 2531 2498 tempus
2583 2410 2695 2475 alii
2753 2411 3049 2496 magistri
3091 2409 3173 2474 de
3192 2419 3253 2474 15

273 2512 514 2578 eadem
547 2516 846 2580 natione
875 2515 1080 2581 abiles
1121 2524 1187 2580 et
1228 2512 1469 2602 ydonei
1507 2521 1810 2601 poterunt
1847 2510 2143 2598 reperiri,
2186 2510 2313 2575 nisi
2360 2512 2565 2576 eciam
2589 2508 2822 2597 aliquis
2838 2513 3175 2595 magistro·

269 2633 421 2677 rum
461 2623 641 2698 post
695 2613 1088 2680 decanatum
1131 2614 1214 2680 de
1266 2611 1554 2701 quolibet
1589 2614 1661 2678 in
1704 2611 1954 2678 artibus
2013 2608 2441 2698 disputasset3
2510 2608 2660 2674 talis
2716 2610 2887 2674 enim
2922 2609 3175 2675 ratione

281 2711 690 2780 huiusmodi
771 2713 1244 2802 disputacionis
1305 2713 1673 2780 laboriosae
1739 2720 1804 2777 et
1859 2711 2230 2776 fructuosae
2286 2706 2591 2796 eligibilis
2658 2707 3022 2776 censebitur
3088 2706 3175 2772 ad

281 2810 732 2880 decanatum.

1159 2903 1222 2964 5.
1261 2913 1358 2962 nn
1403 2912 1807 2962 mmmmm
1847 2910 2016 2960 uovl
2057 2909 2335 2960 neem.
3185 2897 3255 2956 20

451 3029 636 3096 Item
663 3030 914 3097 electus
936 3030 1003 3094 in
1047 3027 1361 3094 decanum
1383 3027 1710 3094 facultatis
1745 3028 1994 3094 amium
2009 3025 2257 3092 iurabit
2284 3027 2526 3093 seniori
2556 3024 2881 3092 facultatis
2910 3026 3169 3091 nomine

300 3128 598 3197 eiusdem
645 3128 980 3197 facultatis
1039 3125 1161 3195 sub
1205 3126 1330 3194 hac
1371 3127 1610 3194 forma:
1665 3128 1854 3215 „Ego
1897 3127 1975 3196 N.
2019 3127 2197 3211 iuro,
2257 3126 2428 3216 quod
2476 3134 2715 3192 statuta
2759 3120 2822 3214 [4
2838 3123 2889 3213 ⁸]
2935 3135 2999 3191 et
3040 3134 3169 3192 sta-

306 3228 558 3295 tuenda
602 3254 740 3318 pro
775 3228 950 3297 bono
993 3227 1322 3295 facultatis
1362 3230 1610 3295 arcium
1653 3228 1922 3294 firmiter
1959 3225 2159 3293 velim
2219 3226 2569 3293 observare
2615 3234 2698 3309 et,
2740 3236 3050 3314 quantum
3100 3228 3169 3292 in

305 3348 404 3393 me
443 3338 570 3414 est,
619 3332 768 3397 sine
809 3329 958 3397 dolo
1000 3337 1066 3395 et
1103 3326 1334 3393 fraude
1374 3327 1459 3394 ab
1503 3327 1804 3395 omnibus
1845 3328 2063 3393 facere
2106 3326 2501 3393 observari.“

473 3428 672 3515 Item,
721 3429 896 3519 quod
939 3428 1254 3511 decanus,
1299 3427 1382 3493 de
1421 3450 1592 3494 novo
1633 3437 2035 3515 assumptus,
2081 3425 2161 3492 de
2204 3435 2417 3492 cetero
2459 3448 2623 3513 pure
2666 3433 2729 3491 et
2770 3422 3167 3511 simpliciter,
3184 3431 3251 3489 25

314 3546 438 3591 non
475 3529 548 3593 vi
591 3541 712 3595 aut
765 3551 990 3617 prece,
1052 3528 1478 3616 promissione
1532 3536 1643 3592 aut
1693 3528 1914 3613 precio
1926 3574 1944 3609 ,
1997 3548 2207 3612 neque
2262 3524 2389 3590 alio
2431 3524 2717 3613 impulsu
2770 3531 2835 3588 et
2872 3522 3165 3589 subordi-

321 3626 574 3693 natione
621 3629 932 3716 eligatur,
990 3626 1291 3714 quodque
1340 3628 1484 3714 ipse
1525 3628 1594 3691 in
1648 3648 1766 3691 sua
1813 3626 2253 3712 assumptione
2294 3627 2461 3691 inter
2505 3624 2635 3690 alia
2677 3625 2780 3689 sui
2820 3623 3167 3688 iuramenti

325 3726 608 3812 capitula
647 3731 858 3795 eciam
900 3730 1115 3793 iurare
1159 3736 1474 3809 teneatur,
1515 3723 1688 3813 quod
1729 3746 1936 3811 neque
1975 3746 2099 3811 pro
2143 3726 2281 3790 eius
2322 3724 2665 3812 adeptione
2706 3745 2824 3810 per
2864 3744 2935 3787 se
2956 3744 3166 3809 neque

327 3844 436 3907 per
475 3826 678 3893 alium
693 3878 716 3913 ,
780 3827 1026 3894 directe
1067 3848 1180 3892 seu
1220 3825 1565 3908 indirecte,
1605 3822 1864 3911 publice
1907 3823 2012 3890 vel
2055 3823 2335 3908 occulte,
2388 3824 2621 3890 institit
2658 3831 2772 3889 aut
2812 3844 2930 3911 per
2970 3820 3166 3888 alium

339 3944 446 3989 seu
495 3949 620 4013 per
663 3926 828 3994 alios
869 3929 1116 3993 instare
1157 3926 1326 3992 fecit.
1411 3923 1486 3990 Si
1526 3926 1672 4012 quis
1715 3932 1928 3989 autem
1967 3924 2093 3989 hoc
2134 3925 2562 3991 iuramentum
2604 3931 2943 4009 praestare
2984 3943 3163 3988 recu·
3181 3930 3249 3987 30

339 4026 588 4111 severit,
635 4038 873 4093 extunc
911 4026 998 4093 ad
1040 4024 1428 4093 decanatum
1463 4022 1644 4091 illum
1683 4022 1876 4091 debet
1917 4046 2062 4091 esse
2103 4020 2521 4091 inabilitatus.

651 4224 740 4291 Π.
779 4222 1122 4291 Statuta
1157 4223 1597 4292 cernencia
1648 4220 2039 4287 decanum
2093 4220 2546 4290 facultatis
2603 4222 2911 4289 arcium

1353 4330 1435 4389 et
1481 4323 1756 4413 ipsius
1808 4320 2207 4389 officium.

1737 4462 1762 4522 1

487 4566 790 4637 Decanus
829 4570 900 4638 in
946 4570 1112 4637 festo
1156 4571 1367 4637 sancti
1409 4568 1674 4657 Aegidii
1719 4574 1861 4651 (den
1907 4578 1960 4637 1.
2007 4576 2377 4653 September)
2420 4569 2745 4641 tenebitur
2800 4594 3159 4646 convocare
3178 4583 3244 4642 35

350 4684 543 4735 omnes
600 4674 951 4759 magistros
1000 4671 1071 4735 in
1126 4669 1434 4737 facultate
1488 4672 1735 4737 arcium
1792 4670 1877 4737 ad
1917 4669 2432 4737 distribuendum
2473 4670 2677 4739 libros
2722 4696 2917 4761 super
2958 4684 3159 4741 muta—

354 4764 514 4935 Ξὲἒὲ
547 4769 1119 4941 ξιιθζιξζὸἓγεωαίί.
1201 4768 1386 4836 Idem
1427 4768 1539 4837 fiet
1577 4771 1648 4835 in
1691 4770 1797 4837 die
1835 4769 2147 4858 Gregorii
2188 4768 2276 4857 (d.
2322 4776 2418 4839 12.
2461 4770 2673 4861 Mars)
2719 4795 2915 4861 super
2954 4782 3156 4841 muta-

1122 5042 1176 5104 2.
1227 5052 1322 5102 DE
1375 5052 1909 5105 Exncn'ronmns
1949 5053 2441 5107 STA'rurontm.

493 5150 652 5221 Item
691 5152 937 5243 placuit
972 5152 1334 5241 magistris,
1385 5152 1560 5243 quod
1612 5151 1895 5219 decanus
1937 5155 2023 5221 sit
2064 5153 2390 5243 obligatus
2434 5152 2555 5221 sub
2596 5177 2712 5221 suo
2769 5156 3151 5241 iuramento,
3168 5166 3236 5223 40
3272 5158 3277 5163 ’

363 5250 504 5333 quod
539 5253 831 5321 facultati
868 5255 1191 5344 praestitit
1205 5304 1224 5338 ,
1285 5251 1370 5319 ad
1421 5251 1699 5319 fideliter
1740 5254 2187 5342 exequendum
2226 5264 2291 5322 et
2330 5255 2873 5323 manutenendum
2912 5265 3157 5323 statuta

363 5344 668 5422 facultatis.
743 5353 832 5422 Et
872 5375 1018 5423 cum
1055 5352 1182 5423 hoc
1201 5354 1391 5423 iuxta
1416 5376 1616 5423 unum
1641 5353 1974 5443 antiquum
2005 5365 2335 5443 statutum,
2368 5356 2545 5425 facta
2563 5356 2877 5426 electione
2898 5356 3150 5444 decani,
