4038 6358
1117 673 1285 729 Dritte
1320 671 1848 742 Sututenredaction,
1886 689 1991 733 von
2037 675 2158 733 1471
2173 677 2417 734 b—1490.
3056 677 3177 746 387

495 895 575 954 4.
633 906 768 955 DE
819 908 1226 959 mRAMENTo
1269 909 1824 962 EmmATORUM
1863 913 1954 960 ΕΤ
1999 913 2182 975 Quos
2224 912 2579 962 FACULTAS
2622 911 2941 963 REPUTAT

1476 1008 1738 1059 monos
1780 1010 2037 1061 GRADU.

393 1117 608 1184 Item
695 1125 1202 1192 examinatores
1265 1145 1384 1212 per
1445 1135 1684 1190 sortem
1744 1124 1965 1208 electi,
2028 1148 2149 1214 per
2203 1126 2518 1192 decanum
2574 1128 2900 1215 requisiti,
2962 1131 3181 1196 iurare

215 1225 568 1284 tenentur
627 1221 1070 1310 subscripta:
1150 1222 1338 1310 „Ego
1383 1225 1476 1290 .N.
1520 1225 1682 1307 iuro,
1743 1223 1917 1311 quod
1953 1249 2126 1290 nunc
2164 1235 2231 1292 et
2270 1226 2337 1290 in
2379 1235 2572 1292 antea
2614 1236 2681 1292 et
2720 1228 3180 1316 quocienscun-

219 1339 360 1404 que
427 1318 516 1382 in
571 1317 946 1388 decanum
1002 1333 1116 1388 aut
1173 1326 1684 1390 examinatorem
1739 1323 2353 1412 promovendorum,
2408 1335 2543 1390 tam
2594 1326 2681 1390 ad
2730 1329 3181 1413 magisterium
3230 1338 3264 1393 5

225 1439 444 1504 quam
513 1417 629 1484 ad
699 1419 1250 1506 baccalariatum,
1308 1423 1552 1490 electus
1603 1423 1806 1507 tuero,
1866 1423 2208 1490 admittere
2259 1424 2456 1490 velim
2515 1424 2895 1512 simpliciter
2949 1426 3183 1514 dignos

225 1527 298 1580 et
340 1518 650 1582 reicere
702 1519 1056 1607 indignos3
1099 1523 1196 1587 sic
1241 1544 1345 1588 me
1388 1522 1548 1590 deus
1593 1523 1860 1588 adiuvet
1901 1533 1966 1588 et
2007 1533 2235 1590 sancta
2274 1523 2381 1588 dei
2423 1524 2837 1611 ewangelia.“
2910 1525 3001 1590 Et
3038 1525 3185 1593 illos

232 1625 538 1703 reputat
581 1618 908 1686 facultas
949 1620 1268 1706 gradibus
1307 1621 1560 1708 dignos,
1602 1620 1835 1711 quibus
1877 1645 2009 1689 non
2052 1622 2259 1690 solum
2300 1621 2634 1688 literarum
2666 1625 2937 1690 scientia
2959 1647 3185 1690 verum

233 1717 464 1780 eciam
530 1718 761 1783 vitae
825 1721 1124 1784 meritum
1181 1721 1594 1807 suffragatur.
1677 1722 1756 1787 In
1822 1722 2120 1787 scienciis
2177 1732 2392 1787 autem
2453 1721 2571 1788 hos
2630 1734 2892 1811 reputat
2954 1724 3185 1812 dignos

243 1815 798 1902 baccalariatu,
857 1820 966 1907 qui
1010 1818 1176 1884 bene
1231 1841 1306 1885 se
1361 1820 1603 1886 habent
1656 1823 1726 1886 in
1781 1823 2169 1907 gramatica,
2222 1822 2292 1885 in
2330 1822 2557 1908 parvis
2610 1821 2974 1908 loycalibus
3016 1836 3080 1890 et
3119 1827 3187 1890 in
3206 1835 3271 1890 m

247 1918 480 1980 veteri
533 1927 758 2001 arte,
817 1928 883 1984 et
919 1921 987 1984 in
1031 1918 1177 1984 aliis
1223 1930 1677 2007 competenter.
1759 1920 2141 2008 Magisterio
2185 1929 2401 1986 autem
2443 1920 2675 2006 dignos
2731 1933 3021 2010 reputat,
3078 1925 3191 2011 qui

263 2014 446 2079 bene
475 2037 561 2080 se
587 2013 867 2083 habent
886 2018 953 2082 in
978 2019 1184 2084 veteri
1207 2029 1368 2104 arte,
1408 2020 1477 2084 in
1497 2037 1670 2084 nova
1707 2016 1918 2107 loyca,
1963 2020 2033 2084 in
2055 2017 2468 2107 philosophia
2486 2019 2788 2103 naturali,
2832 2031 2896 2087 et
2937 2024 3003 2087 in
3044 2023 3188 2088 aliis

267 2124 801 2202 competenter.
863 2115 953 2182 Et
997 2117 1116 2183 sub
1161 2117 1386 2184 eodem
1430 2119 1811 2201 iuramento,
1855 2139 1974 2206 per
2014 2117 2327 2185 decanum
2370 2121 2438 2184 in
2480 2117 2750 2207 propria
2787 2120 2997 2187 forma
3038 2145 3189 2209 pro-

269 2213 642 2300 ponendo,
716 2215 989 2303 quilibet
1042 2219 1557 2283 examinatorum
1610 2227 1901 2306 tempore
1959 2239 2114 2283 suae
2169 2217 2499 2284 electionis
2554 2218 2624 2283 in
2677 2220 3190 2287 examinatorem

269 2313 544 2380 decano
599 2318 1002 2404 promittere
1043 2327 1338 2383 teneatur
1380 2318 1806 2406 praescripta.
3208 2331 3270 2387 15

1327 2489 1383 2548 5.
1427 2499 1522 2548 ΒΕ
1561 2501 1875 2549 animm
1917 2500 2184 2548 nomm.

453 2615 646 2681 Item
699 2638 831 2681 non
885 2611 1207 2702 eligantur
1263 2617 1745 2682 examinatores
1802 2613 2387 2681 examinandorum
2444 2616 2571 2681 nisi
2630 2626 2778 2703 post
2824 2618 3189 2707 inscriptio·

281 2729 440 2778 nem
485 2714 890 2780 eorundem.
972 2713 1062 2779 Et
1105 2724 1255 2780 ante
1295 2717 1701 2803 apertionem
1745 2716 2062 2781 examinis
2113 2713 2217 2780 vel
2272 2715 2714 2800 temptaminis
2767 2716 2835 2781 in
2891 2719 3191 2782 examine

291 2835 568 2880 morum
619 2813 901 2901 quilibet
942 2815 1255 2901 magister
1300 2810 1363 2902 [6
1375 2813 1427 2900 b]
1475 2814 1556 2878 de
1600 2812 1868 2880 consilio
1909 2811 2237 2879 facultatis
2294 2830 2415 2901 per
2468 2812 2785 2879 decanum
2840 2817 3189 2904 requisitus

297 2923 568 2978 tenetur
613 2935 898 2979 exessus
933 2913 1254 2980 notabiles
1296 2923 1360 2979 et
1399 2913 1901 2980 insufficiencias
1943 2911 2550 3000 promovendorum,
2600 2915 2657 2979 si
2700 2912 2829 2979 sibi
2867 2925 3187 2999 constant,
3204 2923 3274 2984 20

298 3012 418 3076 sub
491 3035 625 3079 suo
672 3015 1036 3079 iuramento
1053 3017 1091 3096 ¹,
1135 3014 1279 3102 qui²
1331 3015 1402 3078 in
1455 3013 1893 3078 confusionem
1950 3010 2277 3077 facultatis
2334 3034 2606 3098 vergere
2664 3023 2961 3099 possent,
3015 3014 3192 3102 quod

299 3113 618 3200 magistri
663 3123 1043 3201 praesentes
1087 3113 1301 3177 celare
1354 3120 1652 3178 tenentur
1695 3109 2049 3177 secundum
2090 3109 2469 3176 mandatum
2504 3113 2571 3176 in
2614 3111 2844 3176 eodem
2886 3115 3191 3181 examine

309 3234 470 3277 mox
515 3234 654 3300 per
697 3212 1018 3279 decanum
1061 3212 1358 3278 omnibus
1400 3211 1884 3301 iniungendum.

943 3385 1002 3447 6.
1055 3396 1152 3445 ω)
1191 3394 1862 3445 RECOMMENDATORE
1905 3392 2575 3445 mexs'rmnonuu.

477 3512 658 3576 Item
719 3512 928 3577 nullus
983 3513 1441 3598 magistrorum
1489 3512 1560 3575 in
1612 3512 2125 3575 examinatorem
2182 3509 2761 3575 examinandorum
2813 3511 2881 3575 in
2936 3509 3183 3577 artibus
3202 3520 3269 3578 25

317 3606 468 3694 eligi
527 3610 761 3695 debet,
827 3613 955 3677 nisi
1013 3610 1164 3676 talis
1223 3612 1309 3675 sit
1366 3610 1448 3675 de
1507 3608 1774 3674 consilio
1828 3607 2157 3674 facultatis
2212 3618 2277 3673 et
2326 3618 2476 3674 actu
2528 3632 2760 3696 regens
2816 3610 2885 3673 in
2938 3609 3186 3675 eadem.

331 3706 556 3797 Neque
619 3709 1053 3796 magistrandi
1096 3710 1165 3774 in
1207 3708 1871 3774 recommendatorem
1911 3724 2137 3773 eorum
2179 3708 2457 3795 aliquem
2503 3707 2698 3773 alium
2746 3730 2943 3795 quam
2984 3720 3187 3775 recto-

328 3830 463 3873 rem
507 3811 960 3877 universitatis
1003 3809 1244 3895 eligere
1287 3808 1543 3892 debent,
1589 3809 1645 3873 si
1684 3807 1880 3874 fuerit
1922 3806 2003 3871 de
2048 3806 2315 3873 consilio
2353 3808 2710 3891 facultafi83
2761 3810 2816 3874 si
2859 3830 3017 3876 vero
3060 3832 3188 3876 non

331 3904 520 3975 fuerit
562 3908 651 3975 de
692 3907 961 3975 consilio
1004 3904 1351 3985 facultatis,
1392 3916 1547 3973 tunc
1587 3905 1834 3995 eligant
1871 3903 2193 3972 decanum
2234 3906 2561 3973 facultatis
2606 3906 2915 3976 eiusdem.

664 4083 722 4144 7.
771 4095 866 4143 me
909 4093 1110 4142 nono
1155 4090 1597 4140 Anm'r'rmml
1638 4080 2085 4141 ExAm‘M'ros
2123 4091 2261 4139 PER
2303 4092 2858 4143 ammonas.
3203 4085 3273 4143 3⁰

487 4208 656 4277 Item
686 4211 1168 4277 examinatores
1211 4206 1562 4275 admittant
1600 4209 2007 4274 examinatos
2044 4230 2167 4295 pro
2206 4206 2419 4294 gradu
2445 4208 2923 4275 baccalariatus
2967 4230 3189 4275 secun-

345 4302 488 4373 dum
526 4308 702 4375 hunc
742 4307 1038 4375 modum:
1095 4306 1420 4389 videlicet,
1464 4308 1828 4393 praemissa
1869 4306 2212 4373 collatione
2254 4305 2335 4372 de
2376 4308 2892 4375 circumstanciis
2932 4315 2999 4373 et
3040 4330 3187 4373 con-

351 4403 706 4475 dicionibus
748 4418 884 4473 tam
925 4430 1052 4497 quo
1099 4406 1186 4473 ad
1237 4428 1454 4472 mores
1511 4428 1707 4494 quam
1761 4427 1887 4494 quo
1932 4406 2018 4472 ad
2076 4407 2391 4472 scienciae
2434 4429 2861 4494 personarum
2914 4416 2979 4473 et
3016 4407 3192 4473 vitae

351 4508 653 4592 meritum,
700 4506 973 4595 quilibet
1015 4506 1532 4572 examinatorum
1571 4505 1810 4571 habeat
1845 4507 1993 4593 pisa
2036 4516 2101 4571 et
2142 4504 2419 4593 lapillos,
2465 4516 2919 4595 ponanturque
2959 4507 3191 4571 mitrae

353 4605 929 4689 promovendorum
970 4605 1326 4675 secundum
1370 4604 1663 4672 ordinem
1705 4604 2017 4695 ipsorum,
2071 4604 2330 4671 traditis
2386 4614 2603 4672 tamen
2655 4608 2838 4694 prius
2892 4607 2961 4670 in
3011 4606 3189 4693 prin·
3204 4613 3271 4670 3⁵

353 4704 508 4792 cipio
562 4707 880 4773 examinis
924 4703 1189 4772 cuilibet
1243 4706 1675 4772 examinatori
1725 4704 2095 4771 nominibus
2154 4702 2553 4791 singulorum
2606 4703 3189 4772 examinandarum

356 4811 414 4867 et
451 4805 978 4895 temptandorum
1020 4827 1139 4893 per
1179 4803 1494 4870 decanum
1533 4800 1880 4870 facultatis.
1921 4803 2030 4871 Ad
2077 4827 2240 4893 quas
2279 4803 2565 4870 decanus
2607 4814 2672 4869 et
2712 4806 3188 4882 examinatores

359 4906 726 4990 transibunt,
771 4915 836 4971 et
876 4904 1104 4971 volens
1146 4903 1426 4990 aliquem
1469 4902 1812 4969 admittere
1853 4914 2053 4991 ponat
2096 4904 2236 4969 sine
2275 4902 2424 4969 dolo
2468 4913 2532 4968 et
2570 4901 2799 4968 fraude
2840 4905 3055 4991 pisum
3098 4901 3186 4968 ad

363 5004 604 5073 mitram
657 5006 888 5094 ipsius,
929 5003 1155 5071 volens
1195 5015 1409 5071 autem
1459 5004 1708 5071 reicere
1745 5013 1945 5091 ponat
1986 5002 2212 5071 eodem
2251 5002 2446 5069 modo
2483 5001 2795 5091 lapillum.
2877 5001 3030 5084 Qua
3067 5003 3183 5068 im-

507 5276 530 5327 1
571 5269 712 5327 Hier
741 5268 885 5327 fehlt
917 5271 1006 5327 ein
1039 5270 1208 5327 Wort
1243 5268 1343 5325 wie
1374 5268 1751 5325 dormncciare.

503 5362 536 5413 2
571 5354 648 5411 So
683 5354 829 5411 steht
868 5353 1239 5426 goeehrieben.

2720 5444 2842 5509 25*
