4038 6358
856 644 978 711 610
1876 642 1979 696 Die
2015 642 2389 695 medicinischo
2423 640 2679 704 Facultat.

981 877 1074 925 DE
1128 878 1409 926 DECORO
1456 878 1941 927 SUFFRAGANDI
1981 880 2052 927 m
2096 879 2536 944 EXAMINIBUS,
2582 878 2917 928 CONSILIIS
2961 878 3051 926 ΕΤ
3093 877 3575 926 CONVENTIBUS

2035 977 2512 1027 OBSERVANDA.

1806 1097 2017 1160 Caput
2054 1097 2228 1149 v111.
2271 1095 2414 1162 (vgl.
2453 1100 2500 1148 ii.
2536 1098 2611 1149 St.
2649 1094 2720 1165 6.)

1021 1209 1251 1276 Nullus
1304 1210 1532 1276 doctor
1575 1211 1774 1279 alium
1829 1209 2225 1298 opprobriis,
2278 1211 2555 1295 iniuriis,
2613 1210 2979 1277 maledictis
3036 1219 3150 1276 aut
3203 1209 3576 1274 scommatis
3613 1207 3694 1273 la·

775 1319 807 1373 5
861 1319 1094 1390 cesset,
1153 1308 1273 1373 sub
1326 1332 1535 1396 poena
1591 1313 1780 1375 unius
1829 1311 2011 1375 aurei
2063 1311 2311 1374 nummi
2364 1310 2433 1374 in
2490 1332 2649 1376 auro
2703 1308 3240 1376 irremissibiliter
3294 1307 3696 1395 persolvendi

859 1408 1149 1473 medicae
1200 1408 1526 1492 facultati3
1585 1420 2011 1497 arceaturque
2069 1408 2399 1474 offendens
2455 1409 2540 1475 ab
2597 1409 3042 1475 emolumentis
3098 1406 3444 1490 facultatis,
3503 1406 3698 1472 donec

860 1505 1262 1595 praedictam
1302 1507 1609 1574 mulctam
1664 1508 2051 1596 persolverit
2091 1518 2158 1573 et
2198 1510 2587 1574 satisfecmit
2640 1510 2816 1596 parti
2871 1508 3088 1574 laesae
3141 1506 3403 1573 decreto
3456 1505 3697 1571 consilii

860 1605 1189 1671 facultatis
1231 1605 1542 1691 medicae,
1588 1611 1642 1673 si
1686 1630 1803 1697 per
1846 1609 2088 1673 amicos
2130 1629 2262 1673 non
2305 1616 2651 1693 potuerunt
2688 1606 3115 1673 reconciliari.

1533 1825 1624 1872 UT
1667 1823 1860 1873 NEMO
1902 1821 2292 1902 Docromm
2337 1822 2645 1873 SECRETA
2686 1825 3029 1873 REVELET.

782 1966 847 2022 ιο
1089 1950 1092 1953 “
1864 1959 2081 2023 Caput
2115 1961 2216 2012 1x.
2263 1959 2407 2026 (νει.
2445 1964 2491 2012 a.
2529 1961 2703 2027 sm.)

1028 2087 1319 2169 Quilibet
1361 2087 1699 2152 doctorum
1750 2087 1832 2153 de
1886 2089 2158 2156 consilio
2211 2091 2540 2157 facultatis
2590 2099 2856 2156 nostrae
2909 2090 3192 2155 existens
3247 2087 3568 2153 tenebitur
3606 2108 3695 2151 se·

867 2196 1049 2253 creta
1092 2186 1345 2252 consilii
1390 2186 1563 2274 apud
1607 2210 1675 2252 se
1724 2210 1988 2253 servare
2009 2258 2012 2261 Α
2033 2199 2098 2253 et
2135 2212 2264 2255 non
2309 2189 2660 2271 eliminare,
2716 2191 3068 2278 praecipue
3113 2186 3371 2274 quando
3412 2186 3542 2255 hoc
3582 2183 3701 2250 sibi

862 2309 981 2374 per
1022 2285 1333 2351 decanum
1385 2288 1706 2351 seorsum¹
1752 2286 1870 2352 sub
1917 2298 2097 2354 certa
2136 2311 2347 2377 poena
2381 2291 2754 2355 iniunctum.

1727 2483 1853 2573 [Bl.
1898 2484 2002 2574 3²²]
2053 2504 2849 2555 woncmcsnnanwrus.

783 2646 843 2701 15
1807 2639 2024 2704 Caput
2061 2642 2127 2691 X.
2171 2640 2314 2707 (Vgl.
2353 2645 2399 2694 a.
2439 2641 2515 2693 St.
2552 2641 2583 2692 8
2619 2657 2669 2693 u.
2705 2638 2779 2708 9.)

1021 2770 1151 2835 Pro
1212 2768 1564 2835 concordia
1620 2772 1850 2837 maiori
1906 2771 2231 2837 facultatis
2291 2772 2584 2838 medicae
2625 2771 3038 2839 observanda
3090 2770 3330 2859 placet,
3388 2769 3564 2857 quod
3601 2769 3697 2835 de-

859 2881 1112 2935 caetero
1151 2865 1749 2935 vicecancellarium
1805 2872 1873 2935 in
1921 2870 2265 2937 medicinis
2320 2870 2605 2937 habeant
2645 2871 2945 2937 doctores
2988 2870 3273 2935 vicissim
3316 2869 3399 2934 de
3442 2868 3700 2935 consilio

825 2968 1193 3059 ‘facultatis
1242 2969 1428 3033 iuxta
1484 2967 1776 3033 ordinem
1833 2971 1997 3037 senii
2050 2993 2293 3037 eorum.
2376 2970 2465 3036 Et
2502 2971 2626 3037 hoc
2662 2972 2878 3057 ipsum
2922 2969 3198 3035 facultas
3238 2990 3355 3033 suo
3398 2979 3703 3055 tempore,

859 3091 984 3157 quo
1043 3066 1522 3154 promovendus
1578 3066 1812 3154 aliquis
1872 3068 1958 3135 ad
2014 3069 2346 3141 licentiam
2409 3070 2731 3136 admissus
2794 3071 3016 3151 fuerit,
3083 3067 3341 3135 domino
3402 3069 3703 3155 episcopo

775 3166 1387 3254 20Merseburgensi
1431 3168 1562 3232 suis
1604 3164 1807 3232 literis
1850 3169 2225 3255 patentibus
2272 3171 2604 3236 insinuare
2646 3168 2868 3253 debet,
2928 3167 3254 3234 doctorem
3296 3167 3708 3252 nominando,

860 3269 962 3333 cui
1021 3288 1206 3332 suam
1258 3269 1540 3353 gratiam
1591 3267 1718 3333 hac
1759 3269 1903 3334 vice
1959 3268 2047 3335 ad
2091 3269 2765 3337 vicecancellariatum
2812 3271 2881 3334 in
2921 3267 3259 3334 medicinis
3316 3267 3399 3331 ad
3452 3268 3709 3354 petitio-

855 3390 1002 3432 nem
1046 3376 1109 3431 et
1151 3365 1565 3453 desyderium
1604 3366 1932 3432 facultatis
1976 3371 2352 3436 conmittere
2395 3370 2714 3456 dignetur.
2792 3368 2883 3433 Et
2939 3370 2994 3432 si
3044 3367 3268 3454 plures
3309 3369 3436 3432 sint
3486 3366 3705 3456 aliquo

860 3474 1151 3552 tempore
1191 3465 1587 3549 licentiandi‚
1642 3478 1796 3531 tunc
1835 3468 2409 3534 vicecancellarius
2457 3470 2550 3534 sic
2594 3468 2783 3534 datus
2826 3468 3097 3553 recipiet
3141 3488 3260 3551 pro
3303 3469 3436 3532 suis
3477 3466 3707 3533 labori·

830 3563 981 3630 'bus
1026 3564 1368 3631 dumtaxat
1409 3565 1569 3631 duos
1611 3565 1890 3631 florenos
1934 3568 2003 3631 in
2048 3590 2235 3651 aur03
2287 3567 2450 3635 alios
2496 3566 2776 3632 florenos
2819 3564 3167 3631 distribuat
3207 3567 3375 3630 inter
3416 3565 3704 3632 doctores

776 3672 842 3729 25
862 3663 1210 3729 inmediate
1254 3674 1614 3751 sequentes,
1658 3665 1751 3730 ita
1839 3664 1969 3732 uod
2012 3665 2283 3753 quilibet
2323 3666 2486 3733 duos
2528 3666 2809 3732 florenos
2850 3664 3117 3749 habeat3
3161 3667 3309 3751 pari
3349 3664 3541 3731 modo
3580 3663 3700 3730 alio

775 3803 782 3810 ·
857 3774 1147 3850 tempore
1203 3763 1332 3828 flet.
1421 3764 1530 3828 Sic
1585 3689 1947 3852 ,aequalitas
2007 3765 2301 3831 laborum
2365 3776 2430 3831 et
2487 3762 3073 3832 emolumentorum
3121 3764 3490 3830 servabitur
3544 3766 3704 3830 inter

863 3860 1180 3945 doctores,
1226 3885 1391 3950 quae
1434 3886 1720 3930 amorem
1757 3865 1961 3928 nutrit
2002 3873 2196 3951 atque
2236 3866 2672 3931 concordiam.

1582 4062 1924 4111 EPISTULA
1966 4063 2062 4110 AD
2102 4064 2492 4115 EPISCOPUM
2535 4064 3001 4114 DESTmANDA.

1029 4193 1191 4260 Cum
1233 4194 1642 4260 reverentiali
1669 4196 2197 4282 ,promptitudine
2239 4198 2310 4262 in
2350 4197 2625 4283 singulis
2668 4195 3144 4284 complacendi!
3202 4195 3602 4261 Reverende
3638 4196 3707 4259 in

775 4302 844 4359 30
864 4292 1128 4361 Christo
1170 4303 1375 4380 pater,
1422 4293 1679 4360 domine
1721 4295 2040 4381 gratiose!
2088 4295 2363 4361 Vestrae
2402 4298 2774 4384 paternitati
2820 4296 3168 4363 affecmose
3207 4294 3709 4360 conmendamus

859 4391 1297 4457 venerabilem
1361 4394 1572 4457 virum
1634 4399 1774 4471 (aut
1831 4393 2237 4460 venerabiles
2300 4398 2502 4474 viros)
2569 4396 2665 4462 .N.
2732 4395 2826 4461 .N.
2891 4399 2959 4462 in
3020 4395 3273 4461 artibus
3329 4392 3710 4458 liberalibus

859 4489 1243 4576 magistrum
1302 4499 1445 4564 (aut
1487 4495 1865 4578 magistros)
1909 4503 1973 4557 et
2024 4496 2093 4559 in
2146 4494 2468 4560 medicina
2518 4493 2978 4560 licentiandum
3032 4502 3179 4574 (aut
3230 4492 3711 4574 licenfiandos),

861 4589 1256 4676 suplicantes
1299 4590 1621 4657 humiliter
1661 4594 2039 4680 paternitati
2085 4605 2342 4659 vestrae
2386 4594 2802 4677 reverendae,
2858 4603 3174 4681 quatenus
3216 4593 3462 4675 eadem,
3509 4591 3711 4657 medi·

861 4712 975 4754 cae
1035 4688 1362 4756 facultatis
1423 4691 1692 4774 intuitu,
1757 4690 2236 4758 conmendabili
2294 4702 2490 4780 atque
2547 4694 2810 4780 egregio
2863 4693 3034 4775 viro,
3096 4694 3333 4758 artium
3392 4692 3709 4778 magistro

775 4796 842 4853 35
864 4799 1055 4875 atque
1120 4790 1188 4853 in
1250 4789 1572 4854 medicina
1628 4789 1906 4874 doctori,
1966 4793 2067 4856 .N.
2124 4792 2579 4858 authoritatem
2637 4791 2991 4859 concedere
3054 4790 3355 4879 dignetur
3412 4791 3706 4879 praefato

861 4890 1172 4973 magistro
1215 4887 1352 4966 (vel
1393 4889 1708 4974 praefatis
1750 4892 2114 4976 magistris)
2176 4891 2262 4956 ad
2304 4915 2613 4979 praesens
2657 4889 3048 4957 licentiando
3094 4890 3227 4965 (vel
3267 4888 3703 4966 licentiandis)

861 4988 928 5051 in
971 4986 1312 5052 medicinis
1352 4987 1681 5058 licentiam
1723 4990 2116 5056 conferendi.
2187 4990 2381 5072 Quod
2422 4994 2593 5059 votis
2636 4989 2917 5057 assiduis
2959 4987 3137 5076 apud
3179 4989 3451 5056 eandem
3492 4999 3703 5077 pater·

1033 5238 1055 5288 1
1097 5234 1231 5289 Dies
1265 5235 1432 5290 Wort
1467 5236 1540 5290 ist
1575 5237 1771 5292 wieder
1811 5240 2015 5310 getilgt
2051 5240 2164 5295 und
2198 5258 2360 5310 urar,
2410 5241 2509 5296 wie
2542 5257 2600 5295 es
2634 5240 2871 5310 scheint,
2922 5239 3105 5312 gleich
3139 5258 3245 5296 von
3278 5240 3379 5294 der
3412 5236 3577 5291 Hand
3613 5236 3722 5292 dea

860 5321 1041 5373 ersten
1079 5316 1411 5403 Schreibers.
