4038 6358
877 676 1000 747 594
1892 670 1993 728 me
2032 670 2403 728 medicinische
2436 668 2692 728 Facultat.

1086 896 1147 957 6.
1193 909 1287 956 DE
1333 909 1538 958 vous
1581 909 1977 958 PUNGITIVIS
2019 910 2111 957 ET
2157 906 2711 958 CONTUMELIOSIS
2756 906 2829 953 m
2869 904 3517 954 CONVOCACIONIBUS

1744 1006 2134 1057 DOCTORUM
2175 1008 2266 1056 ΕΤ
2309 1009 2382 1057 m
2422 1005 2865 1056 Exnmmms.

1045 1125 1122 1191 In
1151 1123 1735 1190 convocacionibus
1776 1123 2130 1207 doctorum,
2168 1123 2576 1190 examinibus
2619 1120 3204 1211 promovendorum
3246 1120 3459 1187 nullus
3505 1119 3703 1187 docto·

888 1247 1033 1290 rum
1067 1224 1243 1290 dicat
1271 1222 1458 1289 alteri
1486 1222 1691 1289 verba
1723 1222 2202 1308 contumeliosa,
2245 1222 2708 1306 maledictoria‚
2751 1221 3184 1309 opprobriosa
3228 1234 3339 1288 aut
3381 1221 3710 1308 pungitiva

802 1334 835 1389 5
891 1322 1010 1389 sub
1065 1346 1276 1410 poena
1329 1325 1521 1389 unius
1576 1322 1806 1388 floreni
1859 1324 2150 1389 renensis
2201 1322 2495 1388 facultati
2546 1320 2991 1411 persolvendi3
3052 1321 3511 1386 nichilominus
3565 1341 3707 1406 pars

886 1422 1215 1489 offendens
1259 1424 1431 1510 parti
1473 1422 1690 1487 laesae
1729 1422 1902 1486 ultra
1943 1421 2182 1487 dictam
2227 1444 2504 1510 poenam
2553 1429 2808 1486 tenetur
2864 1422 3240 1486 satisfacere
3293 1422 3480 1485 iuxta
3521 1419 3711 1484 dicta·

889 1545 1035 1589 men
1074 1523 1281 1587 tocius
1323 1521 1648 1587 facultatis
1692 1520 1793 1611 vel
1835 1521 2100 1587 maioris
2148 1523 2391 1608 partis,
2449 1522 2507 1587 si
2553 1519 2717 1587 alias
2759 1521 2927 1588 inter
2970 1543 3082 1587 eos
3124 1519 3556 1586 amicabiliter
3598 1542 3717 1584 non

890 1622 1133 1710 poterit
1173 1622 1565 1686 intervenire
1609 1623 2023 1708 composicio.

1036 1830 1090 1888 7.
1146 1837 1339 1886 NEMO
1383 1837 1773 1887 DOCTORUM
1817 1836 2129 1886 SECRETA
2172 1837 2472 1886 CONStLII
2515 1828 2750 1884 ‘DEBET
2798 1836 2892 1883 AD
2934 1835 3167 1884 EXTRA
3210 1836 3592 1885 RBVELARE.

811 1966 876 2022 10
1064 1952 1355 2035 Quilibet
1394 1953 1725 2019 doctorum
1769 1952 1849 2018 de
1892 1953 2158 2019 consilio
2209 1952 2538 2019 facultatis
2598 1960 2863 2017 nostrae
2927 1952 3209 2018 existens
3266 1950 3593 2017 tenebitur
3637 1974 3726 2016 se-

897 2064 1078 2121 creta
1117 2051 1366 2119 consilii
1409 2052 1586 2141 apud
1628 2075 1698 2118 se
1741 2075 2006 2118 servare
2048 2063 2114 2118 et
2160 2052 2249 2119 ad
2289 2063 2478 2119 extra
2517 2073 2646 2118 non
2688 2051 3008 2135 revelare,
3068 2051 3421 2138 praecipue
3475 2050 3729 2138 quando

896 2155 1018 2220 hoc
1061 2153 1189 2218 sibi
1228 2175 1346 2240 per
1389 2152 1705 2218 decanum
1749 2152 1868 2218 sub
1914 2163 2096 2219 certa
2138 2175 2348 2240 poena
2387 2153 2511 2219 fuit
2546 2154 2920 2220 iniunctum.

1080 2360 1136 2423 8.
1197 2370 1292 2418 m:
1341 2369 2081 2419 VICECANCELLARIATU
2124 2371 2336 2419 mrsu
2376 2368 2746 2419 nocrossss
2790 2368 3086 2419 v101ssm
3129 2367 3561 2416 omnem-mo.

1061 2486 1191 2552 Pro
1261 2485 1608 2551 concordia
1666 2487 1897 2551 maiori
1962 2482 2289 2551 facultatis
2353 2482 2714 2550 medicinae
2773 2482 3186 2550 observanda
3252 2483 3468 2570 placet
3487 2534 3504 2567 ,
3570 2483 3735 2571 quod

819 2598 880 2651 15
903 2587 1202 2652 decetero
1246 2584 1853 2650 vicecancellarium
1909 2587 1980 2651 in·
2035 2585 2374 2651 medicinis
2427 2583 2712 2651 habeant
2764 2584 3060 2650 doctores
3104 2584 3395 2649 vicissim
3455 2583 3537 2648 de
3594 2606 3735 2648 con·

901 2685 1045 2753 silio
1089 2685 1418 2751 facultatis
1459 2687 1644 2750 iuxta
1689 2684 1978 2750 ordinem
2027 2686 2191 2751 senii
2229 2706 2469 2750 eorum.
2550 2684 2641 2751 Et
2680 2683 2804 2750 hoc
2845 2686 3059 2771 ipsum
3100 2683 3379 2749 facultas
3422 2705 3542 2749 suo
3586 2694 3739 2749 tem·

898 2808 1059 2873 pore
1076 2835 1094 2868 ,
1140 2807 1266 2872 quo
1312 2782 1544 2869 aliquis
1586 2784 2065 2872 promovendus
2108 2784 2195 2851 ad
2236 2784 2577 2851 licenciam
2636 2783 2958 2849 admissus
3014 2783 3237 2867 fuerit,
3296 2783 3556 2850 domino
3612 2786 3736 2871 epi·

901 2907 1098 2974 scopo
1122 2882 1645 2971 Merssburgensi
1672 2885 1805 2949 suis
1845 2882 2080 2950 litteris
2121 2883 2494 2972 patentibus
2535 2884 2867 2949 insinuare
2911 2880 3122 2966 debet,
3167 2881 3497 2949 doctorem
3541 2886 3737 2949 nomi·

901 2984 1149 3066 nando,
1193 2983 1296 3048 cui
1354 3006 1474 3050 sua
1524 2985 1751 3070 gracia
1791 2983 1876 3051 ad
1920 2985 2306 3072 peticionem
2348 2993 2412 3048 et
2456 2982 2849 3049 desiderium
2898 2982 3229 3049 facultatis
3274 2982 3577 3069 dignetur
3618 2983 3734 3047 hac

816 3079 1170 3170 zovi[3b]ce
1226 3084 1294 3146 in
1348 3080 1688 3147 medicinis
1746 3085 2146 3149 committere
2197 3081 2890 3150 vicecancellariatum.
2994 3082 3084 3147 Et
3142 3085 3196 3146 si
3249 3081 3469 3170 plures
3528 3080 3737 3170 aliquo

903 3194 1197 3269 tempore
1219 3181 1607 3250 licenciandi
1647 3183 1905 3267 fuerint,
1946 3193 2100 3249 tunc
2139 3183 2711 3250 vicecancellarius
2757 3188 2850 3249 sic
2893 3183 3084 3249 datus
3126 3184 3405 3271 recipiet
3443 3205 3567 3269 pro
3612 3183 3737 3247 suis

903 3280 1241 3348 laboribus
1286 3282 1631 3348 dumtaxat
1674 3282 1835 3348 duos
1899 3282 2177 3349 florenos
2228 3287 2296 3350 in
2355 3307 2530 3350 auro.
2616 3283 2801 3349 Alios
2852 3283 3134 3349 florenos
3185 3282 3537 3348 distribuat
3578 3284 3737 3346 inter

903 3381 1199 3448 doctores
1241 3382 1593 3448 inmediate
1637 3391 2006 3470 sequentes,
2050 3385 2144 3449 ita
2188 3383 2359 3471 quod
2403 3382 2675 3471 quilibet
2717 3381 2878 3448 duos
2919 3382 3198 3449 florenos
3251 3380 3508 3448 habeat.
3591 3381 3739 3445 Pari

904 3481 1092 3547 modo
1134 3481 1262 3547 alio
1304 3492 1597 3569 tempore
1639 3481 1768 3547 fiet.
1852 3481 1964 3548 Sic
2019 3481 2377 3570 aequalitas
2431 3481 2726 3548 laborum
2780 3491 2843 3546 et
2896 3481 3476 3548 emolumentorum
3532 3503 3739 3545 serva·

822 3589 888 3646 25
910 3579 1085 3646 bitur
1131 3581 1296 3647 inter
1340 3581 1639 3647 doctores
1650 3629 1669 3665 ‚
1714 3603 1880 3666 quae
1923 3604 2212 3648 amorem
2252 3582 2456 3646 nutrit
2493 3592 2687 3670 atque
2729 3580 3160 3648 concordiam.

989 3787 1048 3847 9.
1106 3798 1344 3846 soum
1396 3799 1781 3848 Ems'ronAE
1827 3798 2236 3846 m‘r'rmmsr.
2278 3799 2371 3847 AD
2412 3797 2805 3847 nriscortm
2844 3798 3485 3848 unnsssunffl-msnu
3530 3796 3665 3846 rao

1144 3867 1151 3876 ⁹
1699 3896 2432 3946 vlcECANcELLAssuTU
2489 3898 2960 3948 nffE'rRANDO.

1084 4012 1248 4079 Cum
1300 4013 1724 4079 reverenciali
1778 4013 2293 4100 promptitudine
2347 4015 2416 4078 in
2470 4012 2740 4100 singulis
2802 4013 3267 4101 complacendi.
3368 4011 3743 4079 Reverende

909 4113 973 4176 in
1022 4112 1235 4179 Cristo
1279 4124 1486 4199 pater,
1548 4113 1805 4179 domine
1861 4113 2191 4200 graciose!
2277 4113 2553 4179 Vestrae
2602 4117 2981 4202 paternitati
3034 4116 3383 4182 affectuose
3428 4135 3740 4180 commen·

826 4221 895 4277 30
915 4211 1144 4278 damus
1189 4211 1628 4282 venerabilem
1670 4215 1880 4277 virum
1923 4213 2066 4295 (aut
2108 4211 2512 4277 venerabiles
2554 4216 2763 4291 viros)
2807 4215 2925 4298 .N.,
2964 4215 3034 4280 in
3075 4216 3327 4281 artibus
3371 4213 3743 4281 liberalibus

912 4314 1295 4398 magistrum
1345 4314 1485 4394 (aut
1525 4310 1901 4398 magistros)
1945 4320 2011 4375 et
2061 4312 2130 4376 in
2180 4312 2505 4377 medicina
2557 4310 3030 4379 licenciandum
3072 4323 3217 4393 (aut
3256 4312 3742 4394 licenciandos),

913 4410 1242 4476 humiliter
1289 4410 1751 4498 supplicantes,
1791 4421 2108 4499 quatenus
2150 4420 2372 4478 vestra
2412 4412 2773 4477 reverenda
2820 4415 3177 4499 paternitas
3217 4412 3508 4482 medicae
3548 4410 3743 4478 facul-

910 4510 1065 4574 tatis
1124 4511 1360 4575 intuitu
1415 4509 1916 4576 commendabili
1969 4520 2163 4598 atque
2213 4511 2476 4597 egregio
2518 4512 2661 4576 viro
2707 4512 2803 4576 .N.
2816 4561 2837 4595 ‚
2894 4513 3141 4578 arcium
3191 4514 3510 4597 magistro
3566 4521 3631 4576 et
3682 4512 3746 4575 in

914 4607 1241 4676 medicina
1303 4609 1588 4694 doctori,
1658 4612 2068 4675 autoritatem
2127 4608 2482 4675 concedere
2534 4611 2835 4699 dignetur
2894 4612 3186 4699 praefato
3253 4612 3567 4698 magistro
3616 4608 3745 4688 (vel

830 4720 895 4776 35
916 4710 1230 4796 praefatis
1273 4710 1632 4796 magistris)
1676 4709 1760 4774 ad
1816 4732 2128 4797 praesens
2183 4708 2584 4776 licenciando
2628 4710 2759 4792 (vel
2801 4709 3252 4789 licenciandis)
3308 4713 3379 4775 in
3416 4709 3744 4778 medicinis

912 4809 1250 4875 licenciam
1305 4809 1698 4875 conferendi.
1785 4808 1975 4891 Quod
2030 4809 2201 4874 votis
2258 4807 2553 4874 omnibus
2608 4809 2784 4897 apud
2831 4810 3104 4878 eandem
3143 4818 3429 4876 vestram
3472 4807 3746 4897 paterni·

914 4919 1143 4992 tatem,
1185 4909 1404 4998 quoad
1442 4932 1819 4998 possumus,
1864 4909 2224 4996 promereri
2270 4907 2686 4975 studebimus.
2780 4911 3027 4978 Datum
3070 4909 3413 4998 Leyptzck
3462 4911 3610 4996 ipsa
3649 4905 3747 4971 die

919 5010 1015 5075 .N.
1059 5008 1386 5074 facultatis
1428 5018 1651 5074 nostro
1697 5007 1818 5073 sub
1863 5007 2095 5093 sigillo.

2430 5142 2705 5212 Vestrae
2748 5144 3157 5231 paternitatis

831 5250 898 5307 40
1923 5239 2196 5305 humiles
2254 5250 2578 5327 oratores,
2636 5243 2923 5310 decanus
2974 5244 3296 5359 ceterique
3346 5240 3672 5308 facultatis

1996 5340 2290 5406 medicae
2334 5341 2633 5412 doctores
2677 5341 2873 5412 studii
2917 5343 3193 5430 insignis
3234 5343 3592 5431 Lipzensis.
