4038 6358
836 571 957 638 258
1980 572 2091 622 Das
2132 571 2309 626 kleine
2344 572 2554 644 Colleg.

832 750 1027 812 fuerit
1089 748 1383 835 huncque
1446 751 1755 816 iniuriose
1825 752 2192 835 offenderit,
2255 753 2547 839 graviter
2605 776 2646 817 a
2704 750 2975 838 collegio
3033 752 3384 819 arbitraria
3458 755 3698 821 mulcta

835 847 1204 933 puniendus
1246 858 1361 914 est.

1619 962 1710 1052 [S.
1757 962 1859 1054 21]
1903 986 1998 1033 nn
2044 983 2439 1034 Ennomon:
2482 984 2912 1034 pmposrm.

1969 1104 2318 1155 Statutum
2353 1103 2551 1156 xvn.

747 1224 780 1278 5
996 1212 1173 1299 Eligi
1217 1216 1627 1302 praepositus
1671 1215 1862 1280 debet
1905 1216 2224 1282 sabbatho
2269 1216 2449 1282 finali
2491 1215 2924 1282 nundinarum
2968 1217 3393 1304 paschalium,
3451 1229 3520 1282 et
3562 1221 3693 1303 qui·

835 1313 983 1377 dem
1028 1336 1109 1377 ex
1156 1336 1421 1378 numero
1468 1312 1920 1380 salariatorum
1980 1315 2376 1402 collegarum
2434 1325 2705 1397 tantum,
2764 1314 3115 1380 secundum
3170 1316 3468 1382 ordinem
3526 1319 3697 1382 senii.

834 1412 1179 1478 Caeterum
1224 1409 1767 1479 administrationi
1813 1413 2233 1502 praeficiendi
2274 1423 2423 1479 sunt
2466 1413 2691 1478 saltem
2735 1416 2780 1479 ii
2824 1438 2906 1478 ex
2949 1413 3300 1498 salariatis,
3350 1417 3468 1504 qui
3511 1438 3696 1502 prae-

834 1521 1047 1576 sentes
1103 1521 1252 1575 sunt
1309 1522 1371 1575 et
1427 1509 1771 1596 collegium
1827 1510 2211 1578 inhabitant.
2305 1512 2376 1576 Si
2433 1513 2632 1597 igitur
2688 1512 2848 1578 ordo
2908 1512 3496 1580 administrationis
3557 1536 3690 1579 eum

832 1611 1148 1696 attigerit,
1204 1612 1315 1696 qui
1372 1612 1439 1673 in
1490 1609 1651 1674 urbe
1709 1619 2159 1695 commoretur,
2215 1609 2500 1695 curabit,
2556 1620 2625 1676 ut
2679 1609 2852 1676 illius
2909 1613 3088 1677 vices
3148 1623 3337 1700 gerat
3390 1636 3566 1679 unus
3619 1637 3694 1678 ex

756 1719 819 1774 10
839 1708 1166 1800 salariatis
1206 1731 1516 1796 praesens
1562 1712 1628 1774 in
1673 1706 1966 1795 collegi0.

1670 1871 1763 1961 [S.
1808 1873 1911 1963 22]
1956 1892 2052 1940 ns
2098 1892 2378 1941 01³me
2421 1892 2853 1941 russrosrn.
2901 1889 2910 1894 ·

1948 2010 2297 2062 Sta-tutum
2328 2009 2565 2062 XVIII.

928 2153 934 2164 ·
995 2123 1302 2194 Officium
1342 2123 1709 2212 praepositi
1752 2123 1985 2189 annale
2018 2125 2159 2200 erit,
2202 2133 2266 2188 et
2295 2146 2441 2189 cum
2471 2122 2954 2210 diligentissimi
2987 2123 3490 2212 patrisfamilias
3521 2126 3687 2190 vices

774 2303 777 2310 ι
826 2232 1043 2307 gerat,
1099 2224 1418 2309 imprimis
1476 2244 1707 2288 curare
1764 2221 1986 2306 debet,
2044 2229 2115 2286 ut
2170 2221 2457 2309 collegae
2514 2222 2860 2310 tranquille
2910 2246 3368 2312 germanorum
3420 2224 3686 2288 fratrum

748 2331 810 2385 15
828 2343 1007 2387 more
1062 2343 1192 2385 una
1254 2323 1517 2404 vivant,
1606 2320 1841 2388 deinde
1896 2331 1968 2386 ut
2018 2322 2164 2386 iura
2219 2322 2475 2407 collegii
2532 2330 2807 2405 tueatur,
2870 2323 3270 2388 honestatem
3331 2332 3684 2402 conservet,

829 2423 896 2485 in
935 2442 1149 2486 mores
1193 2419 1657 2508 inquilinorum
1701 2419 2213 2503 animadvertat,
2273 2423 2344 2488 in.
2383 2421 2759 2490 emonendis
2805 2421 3105 2487 censibus
3148 2420 3402 2508 collegii
3451 2432 3517 2486 et
3557 2444 3679 2485 ero·

825 2518 1057 2605 gandis
1102 2517 1471 2584 elemosinis
1515 2541 1594 2584 ac
1638 2519 1904 2607 reliquis
1961 2519 2429 2586 distribuendis
2490 2522 2575 2586 sit
2625 2520 2795 2585 fidus
2846 2544 2924 2586 ac
2974 2520 3269 2607 diligens,
3324 2520 3679 2586 rationibus

823 2616 1101 2683 fideliter
1142 2619 1418 2703 praesit,
1478 2617 1823 2704 diligenter
1869 2618 2125 2684 curabit
2179 2621 2415 2703 omnia,
2473 2642 2638 2707 quae
2695 2619 2782 2684 ad
2836 2622 3319 2692 oeconomicam
3362 2622 3682 2708 pertinent

824 2717 1244 2800 industriam3
1305 2724 1533 2781 contra
1575 2718 1631 2781 si
1672 2718 1899 2782 fecerit
1939 2718 2045 2783 vel
2088 2718 2362 2784 alicuius
2402 2717 2860 2805 negligentiae,
2919 2718 3318 2805 petulantiae
3367 2728 3486 2784 aut
3531 2719 3678 2783 alte-

740 2816 961 2880 20rius
1018 2817 1214 2880 etiam
1269 2814 1486 2880 delicti
1529 2818 1861 2881 convictus
1919 2817 2142 2900 fuerit,
2200 2819 2270 2882 in
2323 2816 2506 2883 illum
2558 2815 2825 2883 habebit
2868 2817 3209 2904 collegium
3254 2814 3675 2904 animad·[23}

826 2916 1191 2980 versionem
1248 2917 1486 2980 iustam
1545 2914 1823 2980 mulctae
1878 2915 1981 2980 vel
2043 2938 2320 3003 poenae,
2381 2939 2576 3006 quam
2637 2918 2876 3004 poterit
2933 2917 3187 3005 exequi,
3250 2940 3395 2983 cum
3460 2919 3680 2981 exierit

824 3014 1276 3100 magistratum
1319 3036 1521 3079 suum.

1732 3147 1827 3198 DE
1872 3147 2290 3199 RATIONIBUS
2333 3149 2768 3199 PRAEPOSITI.

1948 3268 2291 3317 Statutum
2327 3269 2487 3320 XIX.

739 3386 806 3442 25
987 3379 1296 3465 inprimis
1340 3378 1701 3445 elaborabit
1742 3380 1810 3445 in
1853 3403 1929 3445 eo
1973 3381 2390 3467 praepositus
2437 3405 2632 3470 quam
2677 3383 3169 3468 studiosissime,
3215 3396 3285 3450 ut
3329 3385 3450 3451 sub
3497 3386 3671 3448 finem

825 3479 1317 3565 praepositurae
1374 3500 1529 3544 suae
1580 3480 1753 3543 intra
1796 3501 2084 3544 mensem
2145 3478 2376 3566 planas
2434 3481 2742 3547 exhibeat
2797 3483 3057 3571 collegii
3121 3476 3427 3568 rationes,
3490 3484 3668 3569 idque

823 3575 943 3642 sub
997 3599 1211 3664 poena
1254 3580 1641 3664 privationis
1683 3580 1969 3644 omnium
2011 3578 2591 3645 emolumentorum
2654 3604 2771 3668 per
2817 3606 3076 3649 annum.
3167 3584 3427 3648 Deinde
3471 3585 3668 3668 singu·

821 3676 902 3741 lis
963 3675 1480 3742 hebdomadibus
1526 3675 1799 3743 sabatho
1845 3676 1951 3743 die
1995 3701 2140 3743 cum
2199 3687 2519 3764 curatore,
2575 3683 2755 3745 cuius
2802 3704 3037 3769 operas
3083 3682 3208 3748 sibi
3266 3706 3339 3748 eo
3397 3694 3670 3769 tempore

823 3774 1120 3841 addictas
1162 3775 1385 3856 habet,
1443 3775 1668 3840 audiat
1720 3775 1974 3842 culinae
2019 3800 2343 3865 expensas
2389 3800 2626 3864 easque
2683 3780 3031 3866 persolvat,
3091 3781 3211 3845 sub
3259 3804 3473 3868 poena
3517 3779 3667 3845 arbi·

740 3884 808 3939 30
823 3875 1032 3939 traria
1073 3872 1343 3960 collegii.
1428 3873 1516 3938 Et
1572 3875 1652 3939 de
1694 3873 1820 3940 illis
1872 3898 1991 3963 per
2038 3900 2276 3941 annum
2333 3888 2430 3942 ter
2482 3876 2677 3965 idque
2731 3881 3035 3965 proxima
3092 3880 3508 3946 hebdomada
3558 3881 3664 3944 sin·

822 3973 993 4059 gulis
1053 3973 1296 4060 elapsis
1354 3974 1660 4039 nundinis
1720 3972 1848 4061 [24]
1906 3974 2058 4040 edat
2114 3978 2429 4059 rationes,
2489 3975 2684 4063 idque
2739 4000 2952 4064 poena
3006 3980 3392 4066 privationis
3445 3977 3665 4044 emolu·

824 4081 1186 4138 mentorum
1234 4094 1437 4158 usque
1479 4072 1564 4136 ad
1609 4082 1949 4159 sequentes
1993 4076 2277 4141 rationes
2322 4077 2907 4162 percipiendorum.

1204 4255 1299 4303 DE
1343 4254 1803 4304 INSPEGTIONE
1844 4256 2174 4306 COLLEGII
2216 4260 2262 4307 A
2306 4260 2738 4309 PRAEPOSITO
2785 4260 3268 4311 CELEBRANDA.

1993 4376 2031 4429 S
2044 4389 2065 4427 t
2080 4391 2113 4426 a
2132 4384 2229 4427 tut
2245 4393 2276 4427 u
2295 4392 2346 4427 m
2386 4380 2431 4428 X
2447 4379 2511 4433 X.

733 4496 800 4552 35
984 4488 1298 4553 Proxima
1351 4484 1762 4554 hebdomada
1819 4489 2089 4574 singulis
2135 4490 2374 4578 elapsis
2431 4493 2770 4557 nundinis¹
2827 4493 3241 4581 praepositus
3297 4492 3538 4559 scheda
3588 4489 3660 4555 ad

817 4598 1073 4674 portam
1132 4587 1385 4674 collegii
1447 4589 1783 4676 proposita
1830 4588 2226 4674 significabit
2279 4590 2633 4679 inquilinis,
2680 4594 2966 4657 omnium
3011 4592 3301 4679 capitum
3360 4592 3447 4658 ad
3500 4594 3656 4679 ipsos

815 4688 1275 4772 pertinentium
1318 4710 1388 4751 se
1429 4696 1672 4752 statuta
1710 4686 1971 4775 publice
2008 4691 2430 4755 recitaturum
2460 4714 2620 4775 esse,
2664 4690 3229 4757 animadversione
3255 4693 3325 4756 in
3354 4700 3658 4757 contuma-

818 4810 924 4851 ces
969 4798 1033 4851 et
1076 4789 1185 4874 qui
1230 4784 1596 4874 petulanter
1641 4785 1896 4870 absunt,
1938 4789 2222 4876 quinque
2263 4813 2660 4876 grossorum.
2701 4790 2961 4856 Deinde
2989 4790 3076 4856 ad
3109 4790 3421 4857 indictam
3451 4791 3657 4856 horam

818 4885 1208 4972 campanula
1249 4896 1348 4951 ter
1389 4884 1649 4973 pulsata
1701 4896 1955 4952 coetum
2009 4886 2450 4954 habitatorum
2505 4889 2761 4977 collegii
2819 4890 3205 4956 convocabit
3261 4901 3458 4979 atque
3513 4892 3658 4954 inter

729 4995 798 5051 40
817 4985 1242 5070 recitandum,
1287 4987 1344 5051 si
1388 4984 1545 5073 quid
1588 5008 1752 5074 opus
1796 4989 1939 5070 erit,
1976 4987 2286 5073 monebit,
2332 4989 2689 5075 castigabit
2713 5000 2776 5054 et
2807 4989 3277 5056 adhortabitur.
3317 4990 3380 5054 A
3407 4989 3657 5056 lectione

971 5244 991 5293 1
1032 5237 1141 5293 Am
1180 5235 1407 5293 Raude:
1467 5234 1684 5291 inclusa
1714 5235 2026 5305 septimana
2057 5236 2347 5293 solutor-ia.
