4038 6358
1475 632 1714 684 nisenus
1749 633 2063 685 formulario.
3075 622 3193 695 107

245 818 316 874 et
369 810 458 875 in
521 810 870 878 futurum
927 814 994 878 in
1055 825 1272 883 castro
1323 818 1687 905 praesentis
1731 816 1957 905 oppidi
1999 840 2183 883 suam
2225 838 2473 881 moram
2517 824 2583 880 et
2620 813 3036 879 residentiam
3078 808 3191 874 ha-

245 909 424 975 bere
481 920 928 996 statuerunt,
967 912 1264 1003 ideoque,
1306 927 1378 983 ut
1418 918 1606 983 iuxta
1647 917 2039 983 desiderium
2080 917 2564 1005 praedictorum
2604 914 3185 979 illustrissimorum

251 1008 534 1077 ducum
587 1015 832 1078 variis
861 1016 1347 1103 suppositorum
1387 1017 1760 1100 insultibus,
1805 1014 2365 1082 molestationibus
2379 1065 2398 1098 ,
2440 1013 2797 1079 insolentiis
2814 1062 2834 1097 ,
2874 1012 3189 1097 inquieta-

243 1109 590 1177 tionibus
649 1112 906 1179 aliisve
947 1114 1342 1202 quibuslibet
1381 1115 1786 1199 excessibus,
1841 1116 2010 1181 unde
2063 1118 2242 1204 ipsos
2284 1124 2395 1180 aut
2434 1116 2503 1179 in
2545 1135 2821 1200 corpore
2856 1110 3031 1178 laedi
3074 1117 3187 1174 aut

259 1210 490 1277 rebus
541 1211 998 1279 damnificari
1055 1217 1668 1304 universitatemque
1709 1217 1921 1303 ipsam
1971 1215 2173 1303 (quod
2207 1215 2406 1295 absit)
2451 1213 2799 1302 inquietari
2837 1208 3191 1277 verendum
3208 1216 3241 1273 5

255 1321 366 1375 est
378 1358 402 1393 ,
457 1314 872 1397 mandatis,
919 1316 1172 1382 statutis
1216 1318 1356 1383 sive
1397 1315 1626 1381 edictis
1669 1338 2151 1403 poenarumque
2194 1311 2797 1380 comminationibus
2842 1333 2919 1375 ac
2962 1331 3191 1375 execu-

257 1409 606 1477 tionibus
665 1412 1052 1501 diligentius
1101 1414 1426 1498 obvietur,
1469 1414 1738 1481 mandat
1776 1415 1949 1480 idem
1995 1415 2293 1481 dominus
2335 1423 2577 1495 rector,
2623 1411 2981 1477 districtius
3020 1407 3187 1473 inhi-

257 1510 513 1577 bendo
573 1514 912 1581 omnibus
955 1524 1018 1580 et
1059 1514 1330 1600 singulis
1373 1515 1813 1581 universitatis
1857 1514 2148 1580 eiusdem
2182 1516 2556 1602 suppositis,
2600 1519 2915 1601 quatenus
2945 1507 3193 1574 nullum

265 1612 616 1699 ipsorum
685 1612 1000 1701 deinceps
1043 1615 1324 1679 serotino
1368 1625 1660 1701 tempore
1701 1624 1852 1703 post
1891 1614 2150 1702 pulsum
2196 1635 2555 1701 campanae
2598 1611 2911 1699 praetorii
2948 1610 3017 1673 in
3056 1606 3191 1695 pla-

263 1711 444 1793 teis,
519 1712 732 1779 vic-is
801 1724 915 1779 aut
977 1708 1080 1798 [16
1095 1709 1148 1802 b]
1219 1713 1546 1779 suburbiis
1603 1716 1964 1801 praesentis
2009 1713 2235 1800 oppidi
2278 1712 2513 1799 gladiis
2558 1714 2695 1777 sive
2736 1710 2883 1775 aliis
2927 1705 3188 1798 quibus·
3214 1714 3277 1770 10

271 1831 569 1897 cunque
641 1814 859 1878 armis
915 1812 1220 1900 vagando
1276 1814 1602 1879 discurrat
1653 1812 1758 1879 vel
1811 1815 2137 1901 spacietur
2149 1864 2167 1897 ,
2225 1836 2433 1899 neque
2492 1811 2807 1879 clamores
2850 1804 3193 1874 horribiles

274 1932 402 1974 seu
468 1920 751 1977 cantus
811 1912 1208 1979 clamorosos
1260 1923 1327 1979 et
1377 1914 1672 1979 insolitos
1733 1914 1801 1979 in
1843 1912 2089 1977 eisdem
2132 1915 2424 1996 suscitet,
2480 1923 2593 1978 aut
2632 1910 2915 1995 aliquem
2956 1930 3041 1973 ex
3082 1927 3194 1969 va-

281 2008 509 2092 sallis,
565 2010 938 2077 clientibus
979 2011 1086 2077 vel
1122 2012 1552 2079 familiaribus
1577 2014 2018 2102 praefatorum
2049 2012 2451 2079 dominorum
2480 2011 2715 2077 ducum
2741 2008 3017 2074 ubilibet
3048 2026 3195 2069 con-

283 2110 566 2175 stitutis
627 2110 864 2197 palam
917 2110 1022 2177 vel
1073 2112 1320 2178 occulte
1370 2115 1625 2179 iniuriis
1679 2134 1791 2178 seu
1834 2112 2235 2179 contumeliis
2280 2114 2523 2177 afficiat
2561 2120 2672 2176 aut
2715 2103 3195 2197 quomodolibet

285 2208 516 2275 verbo
571 2210 702 2275 vel
744 2209 916 2277 sacto
957 2210 1274 2295 offendat,
1317 2236 1524 2301 neque
1566 2213 1985 2279 circulatores
2029 2213 2315 2277 civitatis
2356 2211 2567 2295 huius,
2610 2234 2695 2277 ex
2735 2208 3187 2275 commissione
3214 2212 3273 2267 15

289 2319 1016 2395 praememoratorum
1069 2309 1476 2378 dominorum
1532 2312 1766 2379 ducum
1825 2314 2000 2377 circa
2051 2310 2155 2377 vel
2211 2320 2363 2400 post
2415 2310 2893 2398 praescriptum
2934 2317 3188 2393 tempus

299 2405 712 2475 custodiam
757 2432 873 2475 seu
911 2410 1205 2497 vigiliam
1247 2413 1422 2475 circa
1465 2412 1755 2500 collegia,
1798 2412 2032 2477 bursas
2076 2420 2189 2477 aut
2212 2412 2369 2478 alibi
2396 2406 2853 2476 circumeundo
2881 2414 3191 2487 tenentes,

303 2508 842 2597 quibuscunque
885 2508 1347 2576 offensionibus
1388 2508 1703 2579 molestet.
1787 2512 1923 2577 Sub
1965 2534 2175 2597 poena
2222 2508 2751 2577 incarcerationis
2793 2516 2907 2572 aut
2946 2504 3193 2591 relega-

302 2609 515 2673 tionis
561 2610 772 2675 iuxta
817 2608 1071 2675 consilii
1114 2620 1179 2675 et
1221 2634 1624 2677 assessorum
1665 2610 2115 2677 diffinitionem
2130 2661 2148 2694 ,
2190 2610 2361 2675 ultra
2404 2632 2647 2699 poenas
2694 2610 2762 2672 in
2806 2604 3063 2672 statutis
3113 2604 3195 2669 de

313 2716 380 2771 et
423 2730 649 2795 super
691 2708 1062 2775 huiusmodi
1102 2708 1478 2777 excessibus
1518 2714 1699 2799 prius
1740 2711 2113 2777 fulminatas
2154 2720 2219 2777 et
2255 2731 2618 2798 expressas.
2702 2707 2949 2773 Datum
2987 2714 3193 2771 recto·
3212 2712 3280 2771 20

311 2818 508 2873 ratus
559 2809 699 2875 sub
747 2808 978 2897 sigillo.
1058 2810 1250 2877 Anno
1293 2820 1411 2880 etc.

509 3094 623 3161 33.
695 3112 1088 3163 mimam
1127 3114 1222 3163 DE:
1267 3114 1411 3163 NON
1453 3112 1916 3164 Ascmmnn'no
1962 3114 2282 3164 CAs'rmm
2324 3110 2801 3173 PAamTEsQUE
2844 3110 3001 3161 mus

1427 3213 1572 3263 NON
1613 3215 2109 3264 DETURPANDO.

499 3361 792 3428 Mandat
831 3361 1130 3430 omnibus
1171 3373 1316 3431 etc:
1371 3375 1686 3454 quatenus
1735 3363 1982 3430 nullum
2040 3367 2333 3452 ipsorum
2379 3362 2687 3452 deinceps
2732 3364 2870 3430 sine
2910 3361 3191 3427 rationa-

331 3459 452 3526 bili
507 3471 580 3528 et
633 3463 932 3548 legitima
983 3485 1184 3530 causa
1237 3474 1525 3530 castrum
1578 3467 1941 3552 praesentis
1998 3463 2255 3552 oppidi,
2308 3464 2423 3530 ubi
2464 3465 2727 3530 iamiam
2770 3460 3189 3528 illustrissimi
3206 3467 3273 3526 25

337 3559 538 3628 duces
587 3561 922 3628 Saxoniae
963 3562 1250 3629 resident
1290 3575 1486 3651 atque
1523 3575 1878 3648 morantur,
1933 3564 2245 3630 ascendat
2291 3585 2502 3652 neque
2542 3565 2825 3651 parietes
2867 3562 3191 3643 domuum,

337 3655 440 3746 [17
455 3658 510 3749 ⁸]
573 3684 908 3728 murorum
969 3663 1108 3726 sive
1167 3662 1643 3730 habitationum
1703 3665 1980 3753 praefati
2046 3666 2246 3730 castri
2297 3665 2471 3730 intra
2510 3662 2615 3729 vel
2670 3671 2858 3728 extra
2914 3662 3192 3748 figuran-

343 3759 455 3843 do,
509 3760 869 3828 scribendo
920 3759 1024 3827 vel
1070 3765 1301 3849 quovis
1343 3762 1537 3830 modo
1579 3762 1906 3853 pingendo
1947 3762 2216 3830 foedare
2258 3787 2372 3830 seu
2414 3762 2763 3850 deturpare
2804 3770 3191 3850 praesumat.

349 3858 479 3926 Sub
518 3883 741 3948 poena
783 3863 974 3926 unius
1014 3861 1246 3928 floreni
1261 3912 1280 3946 ‚
1321 3865 1730 3932 universitati
1769 3873 1888 3932 etc.

479 4153 579 4214 34.
651 4161 1042 4214 ΜΔΝΒΔΤΠΜ
1079 4165 1176 4214 DE
1219 4165 1365 4214 NON
1407 4165 1810 4215 INCEDENDO
1851 4165 2171 4214 LABVATA
2212 4165 2413 4215 raom
2458 4164 3040 4226 CLAMORIBUSQUE
3216 4155 3285 4211 30

1447 4266 1594 4314 NON
1644 4264 2081 4314 Excrrfflms.

511 4409 790 4478 Mandat
843 4411 1142 4478 omnibus
1199 4420 1317 4478 etc.
1379 4410 1740 4478 districtius
1790 4413 2143 4481 inhibendo
2159 4465 2177 4498 ,
2230 4423 2544 4503 quatenus
2604 4411 2848 4478 nullum
2905 4413 3197 4500 ipsorum

361 4507 661 4600 deinceps
704 4511 814 4577 die
855 4510 958 4577 vel
1001 4523 1193 4579 nocte
1238 4511 1468 4578 habitu
1510 4523 1775 4595 mutato,
1813 4513 1982 4579 facie
2024 4513 2241 4580 velata
2285 4537 2397 4579 seu
2430 4513 2690 4580 larvata
2731 4512 3015 4578 ostiatim
3058 4509 3193 4597 pla7

363 4612 662 4677 teatimve
704 4612 1063 4695 discurrat,
1109 4621 1220 4678 aut
1262 4635 1446 4678 arma
1489 4612 1736 4679 deferat
1749 4662 1768 4696 ,
1817 4613 1956 4678 sive
2000 4612 2317 4679 clamores
2358 4609 2705 4678 horribiles
2748 4612 3005 4693 excitet,
3048 4632 3195 4697 pro-

363 4721 496 4794 pter
535 4711 844 4799 pericula,
888 4733 1055 4800 quae
1093 4711 1220 4776 hiis
1259 4709 1656 4798 temporibus
1699 4735 1740 4776 a
1781 4711 2106 4778 nonnullis
2148 4710 2472 4777 dissolutis
2518 4733 2598 4776 ac
2635 4708 3011 4776 scurrilibus
3045 4731 3189 4796 per·
3210 4717 3277 4775 35

370 4811 530 4876 sonis
583 4813 656 4874 in
715 4831 1064 4898 corporum
1117 4821 1230 4875 aut
1283 4831 1498 4875 rerum
1555 4809 1971 4898 dispendium
2026 4819 2294 4900 possent
2346 4809 2604 4876 facilius
2646 4811 2969 4875 attentaria
3058 4808 3195 4875 Sub

370 4927 564 4994 poena
602 4910 798 4974 trium
841 4909 1251 4994 florenorum,
1294 4910 1465 4974 ultra
1505 4911 2038 4976 incarcerationis
2080 4931 2387 4998 poenam,
2430 4933 2548 4995 per
2592 4908 2973 4976 decuriones
3006 4908 3196 4974 huius

375 5008 582 5095 oppidi
639 5019 868 5074 contra
917 5009 1135 5074 taliter
1185 5009 1558 5076 incedentes
1615 5009 2113 5076 rationabilibus
2165 5010 2285 5084 (uti
2328 5009 2791 5094 praesumitur)
2850 5030 2935 5074 ex
2980 5011 3197 5076 causis

374 5107 588 5174 nudius
629 5107 1038 5174 fulminatam
1082 5119 1146 5175 et
1189 5108 1529 5192 indictam,
1571 5111 1980 5176 universitati
2022 5105 2555 5175 irremissibiliter
2595 5109 3195 5196 persolvendorum.

379 5202 603 5274 Datum
641 5217 764 5273 etc.
3216 5217 3284 5275 40
