4038 6358
763 536 887 598 264
1517 532 1629 582 Das
1668 531 1844 582 kleine
1879 531 2090 595 Colles.
2161 531 2263 582 Die
2301 530 2542 584 Statuten
2578 546 2685 581 von
2729 530 2872 583 ¹554.

766 713 1119 781 dictionem
1165 722 1231 780 et
1275 712 1684 780 honestatem
1722 735 1976 779 morum
2021 721 2332 802 tanquam
2390 711 2675 778 familias
2717 709 2849 798 [53]
2895 711 3070 800 patri
3111 707 3666 780 conservandam

767 814 851 879 ab
898 815 1160 901 antiquo
1200 811 1465 902 reliquit
1509 813 1920 895 universitas,
1980 814 2040 879 si
2093 814 2278 901 prius
2335 836 2378 879 a
2432 822 2688 878 rectore
2733 821 3148 880 anteversum
3197 833 3331 878 non
3381 811 3665 876 fuisset.

764 913 1140 978 percutiens
1199 914 1398 998 igitur
1450 912 1555 978 vel
1613 912 1845 1000 quavis
1906 911 2148 978 iniuria
2203 911 2496 978 afficiens
2556 912 2927 999 quempiam
2981 913 3050 978 in
3103 909 3398 998 collegio,
3455 906 3665 998 parti

738 1011 981 1077 'laesae
1026 1012 1387 1078 satisfaciat
1441 1020 1505 1105 et
1556 1010 1767 1076 solvat
1817 1032 2096 1097 poenam
2137 1010 2439 1097 collegio:
2506 1009 2588 1076 de
2631 1012 2870 1076 iniuria
2911 1009 3162 1076 verbali
3200 1008 3665 1099 quadrantem

682 1120 714 1174 5
764 1110 1014 1194 floreni,
1076 1111 1157 1176 de
1212 1111 1631 1199 percussione
1687 1111 1828 1174 sine
1871 1111 2318 1176 cruentatione
2356 1109 2768 1176 dimidiatum
2813 1110 3137 1177 florinum.
3222 1108 3298 1174 Si
3337 1115 3662 1174 cruenta—

765 1212 955 1292 verit,
999 1211 1136 1275 sine
1177 1209 1462 1291 vulnere,
1518 1232 1714 1274 unum
1759 1208 2105 1292 florenum3
2168 1210 2222 1275 si
2263 1209 2724 1293 vulneraverit,
2769 1208 2933 1275 duos
2977 1209 3287 1290 florenos3
3341 1209 3398 1272 si
3436 1205 3658 1272 muti-

767 1310 1022 1391 laverit,
1086 1319 1221 1374 tres
1280 1309 1576 1374 florenos.
1660 1307 1911 1389 Quodsi
1966 1307 2195 1374 horum
2256 1310 2605 1397 quicquam
2660 1310 2729 1373 in
2786 1307 3100 1394 collegam
3123 1306 3334 1372 *huius
3374 1303 3660 1391 collegii

768 1409 1181 1475 commissum
1222 1408 1436 1490 fuerit,
1480 1430 1695 1493 poena
1737 1405 1919 1494 dupli
1962 1409 2288 1494 puniatur,
2341 1416 2408 1474 et
2448 1408 2687 1496 poterit
2730 1404 3071 1493 collegium
3097 1407 3312 1472 'etiam
3350 1405 3655 1470 maiores

770 1530 1015 1595 poenas
1060 1506 1277 1574 dicere
1333 1530 1451 1595 pro
1496 1529 1919 1596 personarum
1965 1514 2031 1571 et
2072 1505 2292 1572 delicti
2335 1506 2664 1594 qualitate.
2744 1506 3098 1595 Rumpens,
3157 1506 3466 1589 frangens
3510 1511 3646 1568 aut

691 1618 753 1672 10
767 1606 1021 1673 violans
1063 1605 1327 1694 aliquid,
1376 1603 1504 1693 [54]
1563 1627 1945 1693 quocunque
2002 1605 2072 1670 id
2123 1608 2383 1673 nomine
2440 1607 2760 1672 contineri
2811 1606 3081 1693 poterit,
3133 1603 3444 1670 damnum
3495 1601 3648 1670 luet

769 1717 832 1772 et
873 1706 1177 1771 mulctam
1220 1728 1303 1771 ex
1347 1703 1606 1791 collegii
1648 1706 1967 1771 sententia
2006 1703 2265 1791 pendet.

1792 1888 1886 1936 DE
1928 1871 2611 1937 ιπεΡσίᾋτιοικῐιᾙῐπῡ.ι

1872 1992 1877 1997 ’
1948 2005 2300 2058 statutum
2332 2007 2440 2057 IX.

938 2104 1433 2190 Disputationes
1475 2104 1545 2168 in
1587 2103 1758 2172 hunc
1796 2103 2063 2170 modum
2106 2105 2359 2170 servari
2392 2102 2647 2186 debent,
2691 2112 2763 2168 ut
2805 2100 3077 2188 singulis
3119 2100 3635 2167 hebdomadibus

694 2215 753 2269 15
773 2213 1034 2268 curator
1088 2200 1173 2266 ad
1236 2203 1569 2270 minimum
1633 2202 1831 2268 semel
1896 2202 2003 2269 vel
2067 2204 2212 2291 ipse
2273 2203 2524 2289 praesit
2588 2200 2984 2288 disputando
3038 2200 3145 2265 vel
3207 2200 3490 2286 aliquem
3545 2223 3630 2265 ex

770 2324 1038 2367 numero
1082 2300 1660 2368 baccalaureorum
1703 2304 2083 2386 constituat,
2149 2301 2512 2387 debentque
2574 2322 2653 2365 ea
2696 2301 2921 2366 vocari
2977 2300 3046 2364 in
3100 2302 3627 2383 controversiam,

772 2401 1006 2488 quibus
1070 2400 1334 2485 ingenia
1396 2400 1674 2466 excitari
1738 2409 1803 2466 et
1879 2401 2127 2468 iudicia
2194 2400 2565 2467 confirmari
2630 2401 2905 2486 possint.
2989 2398 3418 2464 Baccalaurei
3481 2421 3626 2464 vero

777 2502 1012 2566 artium
1066 2497 1367 2584 inquilini
1423 2497 1774 2564 secundum
1830 2499 2124 2567 ordinem
2170 2496 2299 2588 [55]
2344 2498 2590 2586 gradus
2646 2500 2746 2564 sui
2804 2497 3043 2563 debent
3098 2498 3463 2585 disputare:
3524 2499 3623 2585 qui

774 2599 1232 2665 detrectaverit
1281 2597 1531 2686 absque
1583 2598 1758 2662 iusta
1815 2621 2034 2683 causa,
2089 2598 2471 2686 quadrantis
2526 2598 2758 2664 floreni
2797 2598 3104 2663 mulctam
3147 2598 3436 2662 curatori
3493 2619 3621 2684 per-

692 2708 760 2763 20
778 2697 1005 2764 solvat.
1092 2698 1331 2784 Capita
1372 2720 1527 2763 vero
1572 2696 2033 2784 disputationis
2090 2700 2274 2787 prius
2329 2696 2734 2763 emendanda
2792 2696 3098 2762 exhibeat
3151 2696 3458 2779 curatori,
3513 2719 3622 2783 par

774 2798 928 2878 erit,
987 2806 1060 2861 ut
1116 2805 1181 2861 et
1234 2795 1508 2863 aliorum
1562 2796 2026 2882 inquilinorum
2082 2798 2250 2863 ratio
2314 2795 2652 2880 habeatur,
2711 2797 2823 2885 qui
2887 2795 3183 2862 similiter
3240 2818 3283 2861 a
3340 2806 3622 2861 curatore

776 2895 941 2961 iussi
992 2895 1229 2960 seriem
1270 2917 1451 2960 suam
1500 2895 1953 2983 respondendo
1996 2896 2363 2964 tuebuntur.
2450 2895 2582 2976 Qui
2622 2917 2778 2960 vero
2824 2895 3117 2983 strepitu,
3159 2894 3621 2982 pulsationibus

777 3004 842 3060 et
901 2992 1290 3059 clamoribus
1344 2993 1674 3062 indecoris
1733 2995 2041 3062 molestus
2098 3006 2162 3060 et
2221 2996 2497 3060 iniurius
2552 2994 2747 3058 fuerit
2802 2993 2907 3060 vel
2968 2997 3252 3060 curatori
3302 2993 3410 3060 vel
3472 2994 3620 3060 alias

779 3094 1180 3184 praesidenti
1225 3091 1331 3158 vel
1370 3092 1812 3181 respondenti,
1855 3094 2063 3161 solvet
2105 3092 2380 3179 collegio
2426 3090 2770 3158 dimidium
2815 3093 3154 3160 florenum.

692 3269 761 3325 25
1763 3279 1857 3326 DE
1902 3277 2261 3327 CLAUSURA
2304 3275 2651 3325 COLLEGII.

1974 3395 2013 3445 S
2029 3403 2051 3444 t
2062 3406 2096 3445 a
2110 3404 2132 3445 t
2147 3401 2253 3444 utu
2271 3408 2322 3444 m
2358 3395 2426 3444 X.

945 3505 1034 3596 [S.
1071 3507 1176 3596 56]
1223 3507 1410 3575 Hora
1448 3533 1623 3577 nona
1664 3511 1731 3575 in
1778 3511 1918 3576 dies
1963 3508 2289 3574 clauditur
2332 3506 2691 3594 collegium.
2778 3502 2909 3591 Qui
2952 3508 3255 3575 exclusus
3295 3509 3490 3599 pulsu
3528 3521 3628 3576 aut

778 3607 1168 3674 clamoribus
1226 3609 1575 3677 indecoris
1606 3610 1981 3696 fatigaverit
2027 3630 2438 3698 quemquam,
2498 3617 2759 3694 postero
2805 3607 2911 3673 die
2953 3607 3258 3674 mulctam
3300 3610 3630 3676 sustinebit

778 3706 1032 3773 dimidii
1086 3707 1333 3792 floreni,
1395 3711 1522 3775 nisi
1564 3732 1650 3774 ex
1705 3709 2026 3774 sententia
2071 3707 2329 3794 collegii
2383 3707 2697 3772 maiorem
2740 3708 3063 3774 meruerit.
3146 3708 3278 3789 Qui
3330 3709 3627 3776 famulum

696 3817 765 3872 30
788 3809 1105 3874 curatoris
1134 3809 1237 3874 vel
1278 3811 1346 3873 vi
1392 3809 1675 3896 coegerit
1715 3807 1820 3873 vel
1861 3809 2141 3895 pecunia
2182 3807 2549 3894 corruperit
2586 3805 2672 3870 ad
2720 3815 2980 3894 portam
3026 3830 3141 3872 suo
3183 3807 3459 3876 arbitrio
3495 3833 3628 3877 con·

781 3904 1166 3973 eludendam
1208 3917 1319 3972 aut
1363 3907 1796 3995 pandendam,
1841 3909 2035 3996 quive
2076 3907 2326 3972 clavem
2368 3915 2515 3971 astu
2558 3904 2644 3970 ad
2690 3903 3032 3991 collegium
3088 3910 3406 3994 repererit
3454 3931 3630 3996 para-

783 4004 1093 4093 veritque,
1136 4016 1249 4070 aut
1293 4008 1405 4094 qui
1442 4030 1564 4093 per
1592 4007 1908 4071 fenestras
1953 4006 2287 4071 aditumve
2318 4005 2677 4091 irrepserit,
2716 4005 2845 4069 nisi
2873 4027 2910 4069 e
2942 4003 3211 4091 collegio
3241 4006 3395 4094 pelli
3437 4008 3631 4090 malit,

783 4106 970 4171 unius
1011 4104 1237 4171 floreni
1279 4105 1587 4172 mulctam
1630 4105 1832 4171 dabit.
1991 4116 1995 4120 ’
2130 4174 2134 4185 ζ

1521 4238 1616 4287 ΒΕ
1654 4238 2093 4288 ARBITRARIIS
2135 4237 2385 4287 POENIS
2428 4236 2891 4286 INFLIGENDIS.

697 4345 764 4401 35
1965 4340 2115 4392 Stat
2132 4348 2200 4390 ut
2217 4354 2313 4391 um
2349 4340 2433 4390 XI
2442 4379 2455 4391 .

953 4436 1119 4505 Cum
1160 4460 1291 4504 non
1334 4441 1553 4505 omnia
1592 4438 1846 4525 legibus
1890 4436 2353 4527 comprehendi
2394 4439 2667 4525 possint,
2712 4448 2973 4525 praeter
3017 4460 3114 4520 ea,
3173 4460 3341 4527 quae
3385 4438 3494 4503 hic
3535 4460 3637 4503 ex-

783 4536 999 4623 posita
1054 4546 1229 4619 sunt,
1279 4532 1407 4624 [57]
1449 4538 1648 4604 habet
1699 4536 2039 4624 collegium
2090 4537 2630 4619 iurisdictionem,
2678 4546 2751 4601 ut
2805 4537 2872 4600 in
2925 4535 3177 4623 reliqua
3232 4538 3527 4603 facinora
3581 4546 3640 4601 et

783 4634 1039 4718 delicta,
1097 4656 1265 4721 quae
1322 4634 1405 4700 ab
1459 4635 1795 4723 inquilinis
1849 4648 2077 4701 contra
2133 4635 2510 4701 academiae
2564 4643 2809 4700 statuta
2852 4645 2918 4700 et
2966 4635 3230 4722 publica
3274 4638 3422 4702 iura
3468 4637 3636 4718 fiant,

785 4733 1305 4800 animadvertere
1348 4758 1467 4821 pro
1513 4734 1787 4801 arbitrio
1826 4758 1942 4801 suo
1984 4733 2356 4800 mulctando
2401 4743 2465 4799 et
2507 4733 2836 4821 puniendo
2881 4737 3102 4821 possit.

701 4876 767 4929 40
950 4870 1083 4929 Der
1133 4872 1337 4948 iibriqe
1387 4873 1557 4931 Theil
1611 4875 1713 4930 des
1756 4872 1991 4931 Buckes
2047 4874 2193 4946 (von
2235 4872 2297 4932 S.
2343 4872 2424 4934 64
2463 4872 2575 4943 απ)
2635 4870 2712 4929 ist
2770 4890 2842 4929 zu
2889 4872 3054 4931 einer
3103 4873 3493 4950 Aufzc’ilslunq
3533 4873 3635 4931 der

783 4971 1020 5028 Numen
1059 4970 1214 5028 aller
1262 4968 1626 5049 Colleqiaten
1673 4973 1776 5032 des
1816 4971 2048 5030 kleinen
2089 4969 2319 5047 Colleqs
2361 4971 2693 5031 verwandt.

945 5134 968 5184 1
1005 5130 1145 5186 Dies
1177 5147 1355 5202 ganne
1391 5131 1613 5202 Capitol
1644 5132 1719 5187 ist
1752 5134 1940 5202 spater
1975 5128 2402 5186 durchstrichen
2438 5130 2678 5187 worden.
