4038 6358
1518 584 1756 639 Libellus
1789 578 2108 638 somniaris.
3102 586 3221 649 127

296 764 488 853 eligi
541 776 636 833 et
687 766 928 833 electus
965 788 1272 854 praeesse
1313 777 1376 833 et
1417 767 1782 854 gubernare
1822 775 2191 833 mereretur.
2274 764 2495 846 Quare
2546 765 2774 831 merito
2820 788 3216 854 praememo-

300 876 574 931 ratum
633 868 736 933 ‚R
780 866 1081 933 duximus
1131 868 1476 953 unicuique
1515 865 2167 933 recommendandum
2183 914 2202 948 ,
2255 886 2447 953 quam
2506 866 2839 929 sinceriter
2892 876 3219 951 rogantes,

305 977 704 1054 quatenus
745 968 1209 1052 unusquisque,
1251 966 1336 1032 ad
1380 988 1568 1052 quem
1608 966 1980 1053 praesentia
2023 976 2246 1031 nostra
2286 966 2698 1051 pervenerint
2726 965 2987 1051 scripta,
3030 988 3217 1052 prae-

311 1066 662 1133 libatum
717 1066 818 1133 .N.
892 1076 1260 1133 nostrarum
1320 1088 1584 1153 precum
1651 1065 2195 1152 contemplatione
2262 1063 2619 1146 favoribus,
2680 1064 3213 1150 promotionibus,

313 1166 674 1231 consiliis
717 1176 784 1231 et
820 1165 1085 1233 auxiliis
1151 1166 1460 1253 prosequi
1503 1166 1762 1253 suisque
1801 1166 1874 1230 in
1913 1164 2185 1251 agendis
2225 1164 2505 1249 negotiis
2546 1164 2849 1227 assistere
2892 1163 3212 1250 dignetur.
3228 1175 3261 1229 5

315 1265 554 1345 Quod
625 1288 794 1353 erga
851 1288 1366 1352 unumquemque
1415 1274 1602 1352 grato
1656 1264 2125 1330 vicissitudinis
2168 1264 2380 1330 officio
2422 1284 2916 1350 recompensare
2954 1263 3215 1328 conabi—

318 1386 490 1430 mur
504 1414 527 1430 .
635 1367 720 1431 In
762 1388 1034 1453 quorum
1077 1367 1362 1431 omnium
1405 1374 1470 1429 et
1509 1364 1908 1451 singulorum
1951 1364 2459 1449 praemissorum
2506 1371 2625 1427 etc.

421 1534 546 1599 88·
627 1548 875 1599 FORMA
913 1548 1364 1598 LITTERARUM
1407 1546 1920 1597 COMPLETIONIS
1961 1546 2055 1593 ΕΤ
2096 1543 2571 1596 ΡΒΟΜΟΤΙΟΝΙΒ
2612 1546 2749 1594 PRO
2772 1542 3141 1595 'MAGISTRO

1587 1648 1660 1695 m
1700 1644 2017 1695 ARTIBUS.

523 1760 898 1829 Universis
955 1772 1024 1828 et
1079 1762 1379 1849 singulis,
1435 1762 1522 1827 ad
1577 1784 1740 1849 quos
1781 1784 2095 1853 praesens
2136 1761 2506 1848 pervenerit
2546 1763 2892 1847 scriptum,
2958 1785 3077 1828 nos
3123 1762 3304 1827 .N.10

337 1860 430 1927 de
473 1860 622 1945 .N.,
672 1863 906 1929 artium
949 1864 1280 1948 magister,
1320 1862 1648 1927 facultatis
1687 1860 2042 1927 earundem
2084 1862 2322 1925 artium
2364 1860 2575 1926 almae
2614 1862 3053 1927 universitatis
3092 1872 3222 1927 stu-

343 1961 448 2025 dii
494 1961 906 2049 Lipczensis
953 1960 1511 2047 Merseburgensis
1556 1960 1832 2026 diocesis
1875 1960 2195 2042 decanus,
2251 1980 2395 2025 cum
2438 1958 2950 2046 subscriptorum
2989 1963 3224 2027 notitia

343 2060 666 2127 salutem
703 2064 772 2127 in
812 2084 970 2127 vero
1014 2061 1297 2127 omnium
1342 2060 1683 2127 salvatore.
1767 2060 1934 2129 Cum
1990 2062 2180 2127 iuxta
2239 2060 2613 2125 meritorum
2650 2061 2935 2147 insignia
2976 2061 3117 2127 laus
3162 2072 3226 2126 et

347 2162 554 2227 sama
605 2162 956 2228 cuiuslibet
995 2183 1127 2226 non
1166 2161 1486 2226 immerito
1527 2161 1612 2225 sit
1649 2159 2081 2225 moderanda:
2140 2159 2477 2245 indignum
2518 2182 2797 2248 namque
2840 2169 2904 2225 et
2944 2183 2986 2225 a
3027 2162 3221 2225 ratio-

349 2262 466 2325 nis
515 2264 798 2327 tramite
840 2260 1171 2327 videretur
1212 2262 1471 2326 omnino
1515 2269 1915 2343 extraneum,
1956 2268 2030 2324 ut
2069 2260 2145 2335 is,
2189 2260 2299 2346 qui
2342 2281 2460 2345 per
2493 2260 2670 2324 vitae
2710 2280 2864 2325 suae
2900 2258 3221 2325 curricula
3243 2270 3301 2324 15

357 2360 752 2429 studiorum
793 2371 859 2432 et
896 2365 1208 2428 virtutum
1247 2360 1635 2426 fulcimentis
1673 2359 2093 2443 insudaverit,
2137 2380 2299 2443 eum,
2344 2360 2459 2444 qui
2502 2356 2602 2445 [41
2622 2354 2675 2445 b]
2722 2360 2871 2423 otiis
2907 2358 3223 2446 torpendo

359 2459 498 2524 sibi
561 2463 704 2548 ipsi
757 2460 1002 2526 inutilis
1059 2461 1380 2544 extiterit,
1435 2481 1568 2525 non
1623 2460 1890 2526 deberet
1937 2460 2008 2523 in
2064 2457 2494 2525 attribuendis
2546 2457 2898 2523 honoribus
2952 2459 3223 2523 anteire:

366 2582 538 2624 sane
605 2582 758 2625 cum
814 2560 1206 2626 venerabilis
1257 2558 1554 2626 dominus
1613 2560 1710 2623 .N.
1767 2561 1836 2623 in
1889 2559 2187 2645 praefata
2236 2558 2657 2623 universitate
2698 2558 2891 2645 longo
2936 2566 3228 2645 tempore

365 2658 571 2725 bonis
623 2660 872 2726 artibus
913 2660 1210 2749 diligenti
1245 2660 1579 2725 vacaverit
1617 2658 1831 2724 studio
1900 2680 2280 2745 morumque
2322 2657 2750 2723 laudabilium
2791 2658 3225 2724 conversatio-

371 2758 580 2825 nibus
635 2783 799 2848 prae
852 2758 998 2825 aliis
1051 2758 1244 2825 laude
1301 2758 1566 2845 dignum
1611 2781 1753 2824 sese
1795 2756 2196 2840 exhibuerit,
2254 2757 2545 2822 volentes
2586 2756 2845 2821 labores
2888 2755 3222 2822 scholasti·
3242 2764 3311 2819 20

374 2882 488 2924 cos
535 2862 852 2949 vitaeque
890 2861 1126 2926 merita
1164 2861 1372 2949 ipsius
1416 2858 1652 2925 debitis
1693 2881 1822 2924 non
1862 2858 2166 2923 frustrari
2204 2858 2530 2944 praemiis,
2573 2857 2843 2923 eundem
2890 2880 3006 2945 per
3050 2858 3221 2942 rigo·

377 2982 520 3023 rem
584 2959 792 3025 debiti
849 2960 1200 3037 examinis,
1249 2960 1317 3024 in
1371 2982 1496 3047 quo
1555 2958 2002 3047 reperiebatur
2044 2957 2319 3022 idoneus
2332 3005 2351 3039 ,
2410 2956 2497 3021 ad
2542 2957 2820 3045 gradum
2864 2957 3224 3043 magisterii

377 3060 450 3123 in
511 3059 772 3125 artibus
825 3062 1112 3126 unanimi
1165 3082 1481 3126 consensu
1535 3062 1992 3145 magistrorum
2038 3060 2552 3122 examinatorum
2590 3062 2984 3144 recepimus,
3041 3078 3230 3145 quem

381 3160 734 3245 gradum·
714 3183 782 3225 111
823 3158 1188 3248 praelibata
1230 3158 1650 3224 universitate
1665 3209 1684 3242 ,
1738 3158 2063 3225 consuetis
2124 3156 2663 3224 sollemnitatibus
2709 3155 3018 3223 adhibitis
3034 3207 3052 3240 ,
3106 3157 3228 3222 rite

389 3281 468 3324 ae
512 3260 717 3347 digne
762 3271 860 3326 est
903 3258 1197 3347 adeptus.
1283 3257 1504 3339 Quare
1548 3267 2133 3345 praememoratum
2176 3257 2268 3322 .N.
2282 3305 2302 3340 ,
2354 3279 2527 3321 1111110
2579 3256 2649 3320 111
2702 3256 2951 3321 artibus
2993 3257 3308 3322 libera-25

387 3359 566 3426 libus
611 3363 996 3447 magistrum
1009 3411 1028 3444 ,
1071 3359 1276 3425 filium
1316 3382 1396 3424 ac
1437 3359 1766 3424 alumnum
1805 3366 2101 3423 nostrum
2145 3355 2466 3438 dilectum,
2512 3356 2806 3420 omnibus
2849 3364 2913 3422 et
2936 3357 3228 3444 singulis,

393 3459 638 3544 quibus
688 3471 1065 3548 praesentes
1121 3469 1382 3525 nostrae
1423 3459 1677 3524 litterae
1721 3458 2055 3548 exhibitae
2096 3457 2339 3522 fuerint
2350 3505 2369 3540 ,
2421 3454 2697 3521 fideliter
2749 3456 3227 3522 recommenda—

391 3581 558 3643 mus,
599 3561 934 3626 sinceriter
970 3569 1294 3646 rogantes,
1338 3568 1651 3649 quatenus
1691 3560 1904 3646 ipsum
1952 3557 2310 3641 favoribus,
2354 3554 2885 3642 promotionibus,
2938 3556 3219 3622 consiliis

397 3666 459 3721 et
516 3657 786 3724 auxiliis
841 3659 1147 3747 prosequi
1202 3658 1574 3745 dignentur,
1642 3682 1760 3724 nos
1816 3679 1933 3746 per
1974 3657 2099 3722 hoc
2149 3657 2235 3722 ad
2285 3653 2677 3738 consimilia,
2743 3655 2935 3720 immo
2979 3657 3229 3721 maiora

395 3755 949 3846 beneplacitorum
1001 3780 1242 3845 genera
1296 3761 1824 3845 constringentes.
1910 3757 1988 3822 In
2043 3779 2317 3846 quorum
2371 3755 2655 3821 omnium
2706 3762 2770 3819 et
2824 3754 3227 3840 singulorum
3244 3764 3311 3820 30

402 3860 902 3942 praemissorum
941 3857 1134 3924 fidem
1178 3869 1294 3925 etc.

569 4030 673 4094 89.
733 4041 893 4090 Am
937 4041 1174 4092 roam
1215 4041 1664 4090 srvi-amun
1707 4039 2219 4092 eonPLnnoms
2261 4041 2354 4090 m
2395 4037 2869 4090 Pnouo'noms
2912 4037 3049 4088 rao

1395 4139 1748 4190 mms‘rno
1789 4141 1862 4189 m
1901 4141 2216 4189 11111505.

563 4258 905 4325 Universis
972 4269 1036 4324 et
1101 4255 1402 4344 singulis,
1474 4267 1849 4346 praesentes
1916 4256 2166 4323 litteras
2240 4257 2499 4340 visuris,
2562 4255 2827 4320 lecturis
2881 4278 2996 4320 seu
3049 4251 3226 4319 audi·

406 4359 596 4443 turis,
637 4381 758 4424 nos
799 4359 892 4424 .N.
938 4358 1019 4423 de
1063 4358 1180 4441 .N.,
1224 4359 1462 4424 artium
1504 4359 1845 4444 magister,
1887 4356 2211 4423 facultatis
2254 4354 2602 4420 earundem
2645 4356 2882 4419 artium
2924 4352 3028 4440 [42
3043 4351 3095 4441 ⁸]
3137 4352 3308 4418 al-35

410 4479 546 4524 mae
590 4459 1030 4524 universitatis
1091 4457 1288 4523 studii
1325 4458 1662 4545 Lipsensis
1705 4457 2265 4543 Merseburgensis
2311 4455 2585 4521 diocesis
2626 4453 2911 4518 decanus
2930 4503 2949 4536 ,
3006 4454 3227 4518 ceteri·

410 4579 526 4643 que
585 4559 878 4644 magistri
933 4561 1002 4624 in
1055 4557 1366 4624 iamdicta
1404 4555 1710 4623 facultate
1749 4572 1898 4623 actu
1939 4567 2236 4643 regentes
2280 4563 2611 4622 aeternam
2653 4555 2721 4619 in
2762 4553 3021 4638 domino
3064 4551 3227 4617 salu-

411 4666 530 4724 tem
573 4667 638 4724 et
677 4657 1126 4744 praesentibus
1169 4658 1408 4723 nostris
1465 4655 1697 4724 litteris
1735 4655 2074 4722 indubiam
2113 4655 2424 4720 adhibere
2464 4653 2679 4720 fidem.
2764 4653 2931 4720 Cum
2968 4661 3227 4717 natura-

413 4755 487 4824 lis
525 4759 694 4824 ratio
739 4757 1074 4845 divinique
1115 4780 1194 4824 80
1235 4756 1500 4825 humani
1543 4757 1702 4822 iuris
1743 4755 1906 4822 ordo
1943 4757 2252 4843 requirat,
2295 4764 2369 4820 ut
2398 4754 2525 4822 illis
2552 4776 2685 4820 non
2712 4752 2935 4822 desint,
2946 4773 3232 4838 congrua

417 4859 801 4940 testimonia,
862 4856 1098 4945 quibus
1150 4867 1478 4943 gestarum
1519 4878 1736 4922 rerum
1777 4856 2149 4943 ignorantia
2188 4877 2501 4941 generare
2541 4863 2765 4941 posset
2802 4851 3231 4938 dispendium,
3247 4859 3315 4916 40

414 4955 552 5022 hinc
606 4965 708 5024 est
759 4955 962 5043 quod,
1021 4977 1151 5022 non
1205 4957 1414 5022 solum
1461 4956 1672 5022 forma
1722 4957 2039 5021 referente
2094 4954 2213 5020 sed
2269 4964 2333 5020 et
2374 4956 2469 5019 rei
2507 4955 2715 5040 ipsius
2754 4951 3081 5018 evidentia
3124 4951 3231 5016 de-

417 5055 715 5138 01818010,
776 5053 966 5120 nobis
1017 5056 1374 5122 certissime
1431 5065 1715 5138 constat,
1764 5053 2209 5120 honorabilem
2250 5055 2463 5119 virum
2509 5052 2605 5120 .N.
2620 5101 2639 5134 ,
2694 5053 2765 5116 in
2806 5051 3057 5118 artibus
3098 5073 3230 5116 ma—

420 5159 710 5241 gistrum,
773 5154 977 5238 fama,
1042 5155 1199 5238 vita,
1257 5155 1546 5222 moribus
1603 5169 1668 5220 et
1730 5155 2001 5222 scientia
2062 5151 2407 5242 plurimum
2448 5175 2591 5218 esse
2633 5150 3231 5218 commendabilem.

420 5255 710 5322 Volentes
767 5256 996 5340 igitur,
1059 5265 1367 5342 quantum
1418 5253 1608 5322 nobis
1665 5255 1788 5322 hac
1829 5257 1896 5320 in
1939 5265 2129 5341 parte
2170 5252 2514 5336 incumbit,
2567 5251 2760 5318 fidele
2799 5252 3231 5318 testimonium
