4038 6358
795 642 916 707 540
1729 712 1748 730 ·
1779 650 1882 702 Die
1932 650 2369 716 philosophische
2405 651 2659 706 Facultsst.

2045 839 2257 903 Caput
2300 840 2398 890 111.

965 944 1058 1037 [S.
1080 947 1220 1036 136]
1270 949 1401 1031 Qui
1444 957 1860 1018 externorum
1904 953 2167 1020 caedem
2212 964 2324 1020 aut
2372 953 2651 1043 capitale
2688 952 2942 1019 facinus
2987 952 3165 1020 aliud
3206 953 3454 1036 fecerit,
3498 975 3655 1019 eum

797 1071 989 1115 nemo
1037 1072 1121 1114 ex
1162 1050 1492 1137 inquilinis
1538 1052 1748 1116 sciens
1792 1052 1969 1139 apud
2026 1077 2095 1120 se
2150 1055 2515 1141 perfugium
2558 1052 2800 1119 habere
2852 1052 3110 1136 iubeat,
3155 1076 3341 1119 suam
3396 1053 3657 1119 habita·

802 1148 1042 1214 tionem
1087 1148 1173 1214 ad
1215 1148 1337 1215 hoc
1376 1149 1470 1215 illi
1513 1151 1841 1217 offerendo
1886 1154 2341 1239 aperiendove.
2443 1153 2574 1235 Qui
2610 1153 2869 1236 fecerit,
2910 1153 2966 1218 is
3010 1153 3346 1242 persolvat
3384 1152 3657 1218 multam

718 1255 752 1310 5
810 1246 1184 1314 florinorum
1228 1267 1290 1314 v.
1375 1249 1801 1318 Prohibemus
1860 1256 2087 1336 etiam,
2144 1255 2210 1318 in
2267 1253 2740 1319 habitationum
2801 1252 3138 1321 conclavia
3194 1254 3403 1341 recipi
3458 1254 3660 1343 inque

806 1345 934 1411 illis
978 1348 1186 1414 soveri
1232 1348 1497 1435 opifices
1555 1351 2047 1440 qualescunque.
2134 1352 2267 1435 Qui
2320 1355 2642 1442 receperit
2693 1351 3064 1442 diutiusque
3118 1353 3337 1420 triduo
3397 1353 3660 1435 foverit,

809 1445 1039 1514 solvito
1084 1447 1352 1515 multam
1394 1451 1778 1539 quadrantis
1827 1451 2061 1518 florini.

2041 1623 2257 1686 Caput
2290 1623 2410 1675 1111.

971 1733 1101 1815 Qui
1142 1734 1454 1801 conduxit
1502 1735 2001 1819 habitationem,
2046 1748 2117 1803 ut
2172 1761 2250 1804 ea
2290 1745 2511 1803 utatur
2562 1737 2736 1803 ultra
2777 1744 3036 1822 tempus
3077 1734 3449 1818 locationis,
3497 1735 3649 1821 cogi

727 1842 789 1897 10
807 1855 937 1899 non
980 1833 1188 1902 debet.
1273 1836 1416 1900 Nisi
1473 1846 1686 1902 autem
1742 1837 2125 1925 inquilinum
2181 1860 2250 1903 se
2306 1838 2618 1925 praebeat
2660 1835 3093 1917 tolerabilem,
3150 1834 3401 1901 locator
3444 1844 3661 1923 potest

806 1943 1060 2021 tempus
1104 1935 1554 2023 praescribere
1595 1936 1722 2019 illi,
1777 1960 1903 2025 quo
1948 1940 2240 2023 emigret.
2340 1939 2544 2003 Nemo
2602 1959 2759 2001 vero
2817 1959 3004 2001 usum
3059 1934 3657 2022 habitationemque

806 2031 998 2098 ullius
1063 2033 1389 2100 conclavis
1449 2046 1715 2123 usurpet
1763 2038 1967 2103 invito
2023 2048 2135 2102 aut
2191 2040 2393 2103 inscio
2448 2036 2766 2117 locatore,
2825 2060 2866 2100 a
2921 2057 3048 2121 quo
3107 2044 3172 2100 et
3229 2032 3450 2099 claves
3507 2055 3655 2098 con·

805 2130 1059 2198 ductori
1101 2133 1458 2200 tradendae
1498 2146 1561 2201 et
1602 2158 1837 2201 nomen
1876 2138 2084 2223 ipsius
2128 2133 2297 2224 [137]
2342 2135 2877 2223 perscribendum
2920 2143 3054 2216 est,
3098 2155 3306 2220 neque
3344 2132 3500 2198 licet
3539 2131 3655 2197 ulli

808 2254 924 2297 suo
965 2232 1237 2299 arbitrio
1261 2284 1279 2316 ,
1335 2237 1675 2321 ignorante
1730 2235 2017 2301 locatore
2037 2284 2054 2317 ,
2112 2235 2390 2323 aliquem
2415 2285 2433 2318 ,
2486 2237 2596 2324 qui
2650 2258 2867 2301 secum
2923 2233 3213 2315 habitet,
3271 2231 3653 2318 adiungere,

729 2339 791 2394 15
808 2330 1013 2397 multo
1070 2332 1284 2399 minus
1346 2334 1729 2400 conductum
1788 2358 1830 2400 a
1883 2357 1952 2398 se
2011 2334 2321 2401 conclave
2371 2335 2559 2401 alteri
2615 2357 2733 2400 sua
2784 2333 3119 2400 voluntate
3177 2331 3537 2398 concedere
3592 2342 3655 2396 et

804 2430 1079 2498 tradere.
1166 2431 1445 2513 Quando
1503 2436 1787 2500 rationes
1845 2433 2075 2500 decani
2127 2436 2510 2514 referuntur,
2557 2435 2727 2523 quod
2773 2433 3047 2521 singulis
3088 2433 3164 2498 fit
3208 2430 3654 2512 semestribus,

806 2531 1089 2617 exigitur
1118 2554 1158 2596 a
1187 2531 1473 2599 locatore
1505 2536 1885 2620 pensionum
1914 2537 2207 2621 pecunia,
2239 2557 2435 2622 quam
2464 2547 2616 2600 tunc
2656 2557 2799 2600 eum
2844 2542 3337 2622 repraesentare
3381 2538 3654 2617 oportet.

806 2629 1051 2695 Omnes
1092 2632 1290 2718 igitur
1336 2634 1474 2698 sine
1518 2632 1891 2698 discrimine
1929 2634 2187 2698 aedium
2230 2634 2420 2699 huius
2475 2634 2731 2721 collegii
2783 2632 3080 2720 inquilini
3122 2630 3460 2696 mercedes
3501 2629 3655 2695 defi·

805 2731 974 2795 nitas
1019 2729 1256 2796 debent
1297 2732 1669 2820 persolvere
1714 2736 1894 2799 exitu
1937 2743 2259 2798 mercatus
2304 2734 2677 2820 Lipsensis,
2721 2757 2877 2800 vere
2937 2748 3003 2799 et
3057 2741 3401 2812 autumno,
3448 2752 3655 2819 neque

727 2829 1312 2915 20persolutionem
1369 2831 1610 2898 diutius
1667 2844 1815 2919 post
1869 2832 2049 2898 illum
2106 2832 2320 2899 triduo
2377 2833 2654 2898 differre.
2738 2832 2912 2899 Ante
2950 2833 3075 2898 hoc
3112 2841 3366 2919 tempus
3413 2831 3472 2894 si
3515 2832 3657 2917 quis

809 2928 959 2994 hinc
982 2929 1318 2996 discedere
1362 2931 1574 2997 aliove
1616 2935 1901 3019 migrare
1943 2933 2244 3015 voluerit,
2287 2933 2644 2999 conductae
2683 2932 3103 2998 habitationis
3148 2931 3529 3018 pensionem
3564 2931 3655 2994 in-

807 3038 1062 3115 tegram
1118 3030 1490 3118 persolvere
1555 3042 1666 3097 aut
1726 3032 1807 3098 de
1874 3032 2304 3120 persolvendo
2358 3031 2631 3099 locatori
2685 3054 2919 3097 cavere
2973 3030 3167 3097 debet
3186 3080 3205 3114 ,
3274 3033 3656 3118 priusquam

808 3129 1154 3220 quicquam
1202 3154 1461 3197 suarum
1507 3156 1724 3199 rerum
1769 3133 1919 3199 inde
1959 3142 2261 3221 exportet
2303 3143 2495 3221 atque
2537 3133 2906 3199 transferat.
2994 3130 3063 3198 Si
3120 3131 3337 3197 facere
3381 3140 3655 3210 recuset,

809 3232 1082 3295 rectoris
1110 3230 1424 3296 auxilium
1447 3231 1902 3319 implorabitur
1933 3243 1997 3298 et
2022 3233 2430 3321 hypothecae
2471 3233 2610 3300 loco
2655 3235 2889 3316 omnia,
2936 3254 3105 3318 quae
3146 3233 3215 3296 in
3257 3229 3659 3296 habitatione

723 3337 788 3393 25
807 3329 1076 3412 fuerint,
1123 3330 1598 3397 detinebuntur.
1713 3332 1932 3398 Debet
1989 3334 2186 3398 etiam
2241 3334 2437 3399 talem
2483 3331 2861 3418 emigrando
2903 3330 3269 3417 relinquere
3311 3330 3657 3396 habitatio·

806 3452 972 3513 nem,
1020 3426 1190 3517 [138]
1236 3429 1494 3516 qualem
1536 3432 1677 3518 ipse
1721 3435 1986 3519 accepit.
2079 3432 2404 3520 Tempora
2442 3442 2659 3498 autem
2706 3431 3158 3497 conductionis
3206 3439 3271 3495 et
3311 3430 3661 3496 locationis

808 3527 1157 3594 distributa
1199 3540 1346 3595 sunt
1387 3532 1453 3595 in
1502 3530 1629 3595 duo
1674 3534 2011 3597 semestria
2029 3581 2045 3612 ,
2091 3555 2289 3597 unum
2306 3582 2322 3614 ,
2383 3533 2564 3598 cuius
2613 3533 2868 3596 initium
2929 3533 3013 3595 sit
3063 3536 3275 3594 exitus
3332 3538 3659 3596 mercatus

811 3628 1060 3713 Lipsici
1105 3631 1309 3711 verni,
1351 3641 1414 3695 et
1453 3629 1746 3714 alterum,
1787 3632 1966 3696 cuius
2010 3633 2259 3697 initium
2308 3633 2391 3696 sit
2433 3632 2647 3698 exitus
2690 3639 3014 3697 mercatus
3059 3628 3470 3711 autumnalis,
3514 3639 3662 3694 ante

813 3751 979 3815 quae
1030 3737 1324 3814 tempora
1378 3729 1537 3811 duo,
1597 3732 1705 3816 qui
1764 3730 2229 3797 habitationem
2289 3753 2473 3796 suam
2534 3753 2678 3796 esse
2726 3729 2969 3797 diutius
3021 3729 3226 3811 volet,
3265 3749 3491 3793 mense
3536 3751 3661 3792 uno

727 3837 797 3893 30
817 3836 966 3892 ante
1009 3830 1337 3893 semestris
1382 3829 1574 3895 finem
1619 3829 1965 3912 conducat3
2032 3833 2085 3895 si
2142 3853 2271 3896 non
2330 3830 2715 3896 conduxerit
2766 3832 2908 3918 ipse
2949 3839 3016 3896 et
3058 3828 3245 3894 alteri
3295 3827 3410 3893 illa
3450 3826 3665 3893 locata

809 3927 1021 4008 fuerit,
1065 3950 1192 3992 non
1234 3930 1474 4014 poterit
1517 3927 1598 3993 de
1641 3929 1764 3994 hoc
1807 3928 1915 3994 ille
1955 3932 2296 4018 conqueri3
2355 3931 2411 3995 si
2453 3930 2664 3996 denuo
2721 3928 3106 3995 conductam
3146 3926 3491 4015 possidere
3535 3949 3659 3991 non

810 4023 1000 4107 volet,
1039 4026 1374 4113 persolvat
1413 4029 1557 4115 ipse
1598 4030 1918 4115 integram
1962 4028 2325 4095 mercedem
2372 4028 2474 4094 vel
2518 4028 2823 4094 idoneum
2866 4027 3251 4116 inquilinum
3290 4025 3540 4091 indicet
3581 4025 3663 4091 lo·

811 4127 1051 4207 catori,
1107 4128 1216 4212 qui
1257 4128 1324 4191 in
1366 4125 1576 4192 locum
1635 4129 1840 4215 ipsius
1896 4127 2203 4193 succedat
2257 4137 2320 4192 et
2380 4130 2490 4214 qui
2545 4127 2862 4195 mercedis
2921 4126 3427 4215 persolutionem
3486 4127 3555 4191 in
3602 4148 3665 4191 se

810 4227 1103 4313 recipiat.
1192 4225 1378 4307 Quae
1420 4232 1638 4293 omnia
1677 4228 1819 4293 fieri
1864 4237 2123 4315 oportet
2162 4229 2406 4294 sciente
2449 4238 2513 4293 et
2555 4227 2878 4315 probante
2912 4226 3221 4293 locatore.

728 4419 796 4475 35
2081 4413 2295 4476 Caput
2328 4413 2392 4464 V.

987 4526 1374 4613 Quicunque
1415 4526 1485 4590 in
1526 4525 1926 4592 habitatione
1970 4550 2010 4592 a
2055 4549 2125 4592 se
2169 4524 2486 4593 conducta
2529 4525 2776 4614 aliquid
2822 4526 3121 4612 fregerit,
3165 4524 3449 4612 ruperit,
3499 4546 3667 4587 amo·

811 4627 984 4693 verit
1025 4635 1141 4691 aut
1182 4624 1346 4690 ullas
1387 4635 1606 4712 partes
1628 4622 1798 4713 [139]
1826 4625 2087 4691 aedium
2124 4625 2376 4712 collegii
2419 4625 2789 4713 polluendo,
2834 4622 3276 4706 deformando,
3317 4621 3666 4688 lacerando

809 4726 1103 4808 laeserit,
1162 4726 1219 4789 is
1275 4735 1339 4790 et
1394 4724 1699 4790 damnum
1764 4724 1988 4790 datum
2042 4728 2286 4791 sarciat
2340 4736 2404 4790 et
2446 4724 2715 4791 multam
2761 4725 2973 4791 solvat
3025 4724 3292 4810 insuper
3348 4721 3665 4787 dimidiati

810 4825 1055 4908 florini,
1114 4837 1281 4912 quae
1340 4826 1576 4911 poterit
1629 4826 1822 4890 etiam
1877 4848 1999 4913 pro
2055 4824 2273 4890 delicti
2356 4827 2681 4911 gravitate
2739 4826 3056 4891 sententia
3116 4821 3362 4910 publici
3421 4820 3667 4887 consilii

727 4925 1063 5011 waugeri.
1149 4923 1355 4989 Nemo
1400 4925 1595 4989 etiam
1638 4926 1986 5012 quicquam
2031 4927 2184 4990 novi
2228 4925 2449 5012 operis
2491 4926 2558 4989 in
2601 4947 2722 4989 sua
2768 4923 3171 4990 habitatione
3210 4929 3502 4997 extruat,
3542 4921 3665 4985 nisi

816 5025 1231 5112 permittente
1274 5021 1590 5106 locatore,
1637 5046 1718 5088 ne
1758 5024 1901 5111 ipse
1944 5023 2205 5112 quidem
2249 5022 2528 5107 locator,
2588 5025 2713 5089 nisi
2770 5024 3185 5112 permittente
3242 5020 3515 5086 decano.
3602 5019 3666 5084 Si

816 5123 956 5211 quis
998 5123 1226 5188 fecerit
1266 5133 1330 5188 et
1375 5132 1702 5188 structura
1746 5123 2168 5211 improbetur,
2215 5132 2525 5211 quantum
2568 5123 2789 5189 damni
2831 5122 3054 5188 datum
3090 5143 3232 5186 esse
3273 5118 3524 5186 locator
3566 5118 3668 5184 de·

821 5244 1107 5287 canusve
1148 5224 1465 5304 statuerit,
1507 5233 1756 5288 tantum
1799 5223 1908 5289 ille
1951 5231 2272 5311 praestet3
2317 5224 2418 5287 sin
2462 5222 2792 5310 probetur,
2837 5223 3137 5309 impensa
3177 5220 3459 5307 pecunia
3499 5217 3669 5283 aedi·

813 5322 1043 5390 ficator
1083 5324 1212 5388 iste
1255 5332 1490 5388 careto.
1587 5323 1790 5388 Nemo
1851 5345 2105 5411 quoque
2155 5324 2224 5387 in
2280 5322 2417 5388 ulla
2466 5332 2654 5410 parte
2711 5322 3046 5410 superiore
3101 5318 3359 5385 aedium
3416 5317 3669 5405 collegii
